  <div class='ocr_page' id='page_1' title='image "/cluster/home/n/w/nwhite01/storage/ocr_20150623/2/uva.x000669815/331.png"; bbox 0 0 4062 6288; ppageno 0'>
   <div class='ocr_carea' id='block_1_1' title="bbox 375 297 473 353">
    <p class='ocr_par' dir='ltr' id='par_1_1' title="bbox 375 297 473 353">
     <span class='ocr_line' id='line_1_1' title="bbox 375 297 473 353; baseline 0 -1"><span class='ocrx_word' id='word_1_1' title='bbox 375 297 473 353; x_wconf 76' lang='grc'><strong>651</strong></span> 
     </span>
    </p>
   </div>
   <div class='ocr_carea' id='block_1_2' title="bbox 332 421 1912 575">
    <p class='ocr_par' dir='ltr' id='par_1_2' title="bbox 376 421 1912 575">
     <span class='ocr_line' id='line_1_2' title="bbox 376 421 1912 484; baseline -0.005 -16"><span class='ocrx_word' id='word_1_2' title='bbox 376 421 532 469; x_wconf 90' lang='lat' dir='ltr'><strong>latius</strong></span> <span class='ocrx_word' id='word_1_3' title='bbox 558 421 898 484; x_wconf 89' lang='lat' dir='ltr'><strong>disputantur</strong></span> <span class='ocrx_word' id='word_1_4' title='bbox 963 424 1154 466; x_wconf 71' lang='lat' dir='ltr'><strong>ra‘esum</strong></span> <span class='ocrx_word' id='word_1_5' title='bbox 1196 421 1267 465; x_wconf 83' lang='lat' dir='ltr'><strong>ta.</strong></span> <span class='ocrx_word' id='word_1_6' title='bbox 1296 421 1503 477; x_wconf 72' lang='lat' dir='ltr'><strong>uuauta</strong></span> <span class='ocrx_word' id='word_1_7' title='bbox 1529 421 1815 463; x_wconf 83' lang='lat' dir='ltr'><strong>attttcuttas</strong></span> <span class='ocrx_word' id='word_1_8' title='bbox 1880 421 1912 460; x_wconf 42' lang='lat' dir='ltr'><strong>rt</strong></span> 
     </span>
     <span class='ocr_line' id='line_1_3' title="bbox 381 421 1907 575; baseline -0.005 -16"><span class='ocrx_word' id='word_1_9' title='bbox 381 506 559 568; x_wconf 87' lang='lat' dir='ltr'><strong>bandi,</strong></span> <span class='ocrx_word' id='word_1_10' title='bbox 594 514 735 559; x_wconf 89' lang='lat' dir='ltr'><strong>tanta</strong></span> <span class='ocrx_word' id='word_1_11' title='bbox 764 500 1391 575; x_wconf 50' lang='lat' dir='ltr'><strong>operositﬂwpdi:</strong></span> <span class='ocrx_word' id='word_1_12' title='bbox 1432 511 1490 556; x_wconf 90' lang='lat' dir='ltr'><strong>ut</strong></span> <span class='ocrx_word' id='word_1_13' title='bbox 1521 500 1712 556; x_wconf 87' lang='lat' dir='ltr'><strong>merito</strong></span> <span class='ocrx_word' id='word_1_14' title='bbox 1741 477 1819 573; x_wconf 61' lang='grc' dir='ltr'><strong>(ας</strong></span> <span class='ocrx_word' id='word_1_15' title='bbox 1867 421 1907 554; x_wconf 59' lang='grc' dir='ltr'><strong>ᾖ</strong></span> 
     </span>
    </p>
   </div>
   <div class='ocr_carea' id='block_1_3' title="bbox 381 499 1974 577">
    <p class='ocr_par' dir='ltr' id='par_1_3' title="bbox 381 499 1974 577">
     <span class='ocr_line' id='line_1_4' title="bbox 381 499 1974 577; baseline -0.003 -19"><span class='ocrx_word' id='word_1_16' title='bbox 381 499 559 577; x_wconf 57' lang='grc' dir='ltr'><strong>1151ιᾶ1,</strong></span> <span class='ocrx_word' id='word_1_17' title='bbox 594 514 735 577; x_wconf 88' lang='lat' dir='ltr'><strong>tanta</strong></span> <span class='ocrx_word' id='word_1_18' title='bbox 764 507 1062 577; x_wconf 45' lang='lat' dir='ltr'><strong>olmrositas</strong></span> <span class='ocrx_word' id='word_1_19' title='bbox 1092 499 1391 577; x_wconf 51' lang='lat' dir='ltr'><strong>snLdejtdi:</strong></span> <span class='ocrx_word' id='word_1_20' title='bbox 1432 511 1490 556; x_wconf 86' lang='grc' dir='ltr'><strong>ιιι</strong></span> <span class='ocrx_word' id='word_1_21' title='bbox 1521 500 1712 556; x_wconf 86' lang='lat' dir='ltr'><strong>merito</strong></span> <span class='ocrx_word' id='word_1_22' title='bbox 1741 499 1819 573; x_wconf 82' lang='grc' dir='ltr'><strong>(α)</strong></span> <span class='ocrx_word' id='word_1_23' title='bbox 1865 499 1974 554; x_wconf 86' lang='lat' dir='ltr'><strong>He-</strong></span> 
     </span>
    </p>
   </div>
   <div class='ocr_carea' id='block_1_4' title="bbox 378 592 1975 667">
    <p class='ocr_par' dir='ltr' id='par_1_4' title="bbox 378 592 1975 667">
     <span class='ocr_line' id='line_1_5' title="bbox 378 592 1975 667; baseline -0.004 -14"><span class='ocrx_word' id='word_1_24' title='bbox 378 599 595 656; x_wconf 88' lang='lat' dir='ltr'><strong>raclitus</strong></span> <span class='ocrx_word' id='word_1_25' title='bbox 646 600 732 653; x_wconf 81' lang='lat' dir='ltr'><strong>ille</strong></span> <span class='ocrx_word' id='word_1_26' title='bbox 776 597 1095 653; x_wconf 88' lang='lat' dir='ltr'><strong>tenebrosus</strong></span> <span class='ocrx_word' id='word_1_27' title='bbox 1124 592 1385 667; x_wconf 78' lang='lat' dir='ltr'><strong>vastiOrés</strong></span> <span class='ocrx_word' id='word_1_28' title='bbox 1431 595 1688 665; x_wconf 81' lang='lat' dir='ltr'><strong>caligines</strong></span> <span class='ocrx_word' id='word_1_29' title='bbox 1729 592 1975 648; x_wconf 85' lang='lat' dir='ltr'><strong>animad-</strong></span> 
     </span>
    </p>
   </div>
   <div class='ocr_carea' id='block_1_5' title="bbox 380 684 1974 758">
    <p class='ocr_par' dir='ltr' id='par_1_5' title="bbox 380 684 1974 758">
     <span class='ocr_line' id='line_1_6' title="bbox 380 684 1974 758; baseline -0.003 -15"><span class='ocrx_word' id='word_1_30' title='bbox 380 699 593 746; x_wconf 79' lang='lat' dir='ltr'><strong>vertetis</strong></span> <span class='ocrx_word' id='word_1_31' title='bbox 616 688 754 758; x_wconf 85' lang='lat' dir='ltr'><strong>apud</strong></span> <span class='ocrx_word' id='word_1_32' title='bbox 779 688 1177 744; x_wconf 71' lang='lat' dir='ltr'><strong>examinatores</strong></span> <span class='ocrx_word' id='word_1_33' title='bbox 1202 685 1417 749; x_wconf 76' lang='lat' dir='ltr'><strong>animm,</strong></span> <span class='ocrx_word' id='word_1_34' title='bbox 1446 685 1605 740; x_wconf 63' lang='lat' dir='ltr'><strong>taedio</strong></span> <span class='ocrx_word' id='word_1_35' title='bbox 1622 684 1974 755; x_wconf 68' lang='lat' dir='ltr'><strong>qumstionum</strong></span> 
     </span>
    </p>
   </div>
   <div class='ocr_carea' id='block_1_6' title="bbox 378 776 1977 851">
    <p class='ocr_par' dir='ltr' id='par_1_6' title="bbox 378 776 1977 851">
     <span class='ocr_line' id='line_1_7' title="bbox 378 776 1977 851; baseline -0.002 -17"><span class='ocrx_word' id='word_1_36' title='bbox 378 781 755 851; x_wconf 88' lang='lat' dir='ltr'><strong>pronuntiarit,</strong></span> <span class='ocrx_word' id='word_1_37' title='bbox 801 780 1061 835; x_wconf 91' lang='lat' dir='ltr'><strong>terminos</strong></span> <span class='ocrx_word' id='word_1_38' title='bbox 1100 779 1293 833; x_wconf 73' lang='lat' dir='ltr'><strong>animm</strong></span> <span class='ocrx_word' id='word_1_39' title='bbox 1336 792 1671 848; x_wconf 85' lang='lat' dir='ltr'><strong>nequaquam</strong></span> <span class='ocrx_word' id='word_1_40' title='bbox 1707 776 1977 831; x_wconf 72' lang='lat' dir='ltr'><strong>invenisse</strong></span> 
     </span>
    </p>
   </div>
   <div class='ocr_carea' id='block_1_7' title="bbox 374 865 1976 942">
    <p class='ocr_par' dir='ltr' id='par_1_7' title="bbox 374 865 1976 942">
     <span class='ocr_line' id='line_1_8' title="bbox 374 865 1976 942; baseline -0.005 -15"><span class='ocrx_word' id='word_1_41' title='bbox 374 888 588 927; x_wconf 88' lang='lat' dir='ltr'><strong>omneut</strong></span> <span class='ocrx_word' id='word_1_42' title='bbox 609 873 746 927; x_wconf 84' lang='lat' dir='ltr'><strong>viam</strong></span> <span class='ocrx_word' id='word_1_43' title='bbox 771 869 1140 942; x_wconf 88' lang='lat' dir='ltr'><strong>ingrediendo.</strong></span> <span class='ocrx_word' id='word_1_44' title='bbox 1167 868 1472 925; x_wconf 84' lang='lat' dir='ltr'><strong>Christiano</strong></span> <span class='ocrx_word' id='word_1_45' title='bbox 1495 877 1674 923; x_wconf 86' lang='lat' dir='ltr'><strong>autem</strong></span> <span class='ocrx_word' id='word_1_46' title='bbox 1700 866 1886 938; x_wconf 86' lang='lat' dir='ltr'><strong>paucis</strong></span> <span class='ocrx_word' id='word_1_47' title='bbox 1909 865 1976 920; x_wconf 83' lang='lat' dir='ltr'><strong>ad</strong></span> 
     </span>
    </p>
   </div>
   <div class='ocr_carea' id='block_1_8' title="bbox 374 965 1978 1039">
    <p class='ocr_par' dir='ltr' id='par_1_8' title="bbox 374 965 1978 1039">
     <span class='ocr_line' id='line_1_9' title="bbox 374 965 1978 1039; baseline -0.007 -15"><span class='ocrx_word' id='word_1_48' title='bbox 374 969 656 1024; x_wconf 76' lang='lat' dir='ltr'><strong>scientiam</strong></span> <span class='ocrx_word' id='word_1_49' title='bbox 687 967 843 1037; x_wconf 84' lang='lat' dir='ltr'><strong>hujus</strong></span> <span class='ocrx_word' id='word_1_50' title='bbox 874 965 949 1019; x_wconf 65' lang='lat' dir='ltr'><strong>rei</strong></span> <span class='ocrx_word' id='word_1_51' title='bbox 994 979 1130 1034; x_wconf 85' lang='lat' dir='ltr'><strong>opus</strong></span> <span class='ocrx_word' id='word_1_52' title='bbox 1157 973 1278 1018; x_wconf 89' lang='lat' dir='ltr'><strong>est:</strong></span> <span class='ocrx_word' id='word_1_53' title='bbox 1326 978 1448 1017; x_wconf 88' lang='lat' dir='ltr'><strong>nam</strong></span> <span class='ocrx_word' id='word_1_54' title='bbox 1480 972 1535 1017; x_wconf 89' lang='lat' dir='ltr'><strong>et</strong></span> <span class='ocrx_word' id='word_1_55' title='bbox 1579 971 1724 1015; x_wconf 85' lang='lat' dir='ltr'><strong>certa</strong></span> <span class='ocrx_word' id='word_1_56' title='bbox 1763 973 1978 1039; x_wconf 85' lang='lat' dir='ltr'><strong>semper</strong></span> 
     </span>
    </p>
   </div>
   <div class='ocr_carea' id='block_1_9' title="bbox 377 1052 1975 1134">
    <p class='ocr_par' dir='ltr' id='par_1_9' title="bbox 377 1052 1975 1134">
     <span class='ocr_line' id='line_1_10' title="bbox 377 1052 1975 1134; baseline -0.006 -20"><span class='ocrx_word' id='word_1_57' title='bbox 377 1060 429 1114; x_wconf 91' lang='lat' dir='ltr'><strong>in</strong></span> <span class='ocrx_word' id='word_1_58' title='bbox 476 1060 683 1134; x_wconf 64' lang='lat' dir='ltr'><strong>paucis&#39;l</strong></span> <span class='ocrx_word' id='word_1_59' title='bbox 711 1069 767 1131; x_wconf 81' lang='lat' dir='ltr'><strong>et</strong></span> <span class='ocrx_word' id='word_1_60' title='bbox 805 1056 1033 1125; x_wconf 91' lang='lat' dir='ltr'><strong>amplius</strong></span> <span class='ocrx_word' id='word_1_61' title='bbox 1065 1055 1140 1109; x_wconf 88' lang='lat' dir='ltr'><strong>illi</strong></span> <span class='ocrx_word' id='word_1_62' title='bbox 1179 1068 1426 1125; x_wconf 79' lang='lat' dir='ltr'><strong>quaerere</strong></span> <span class='ocrx_word' id='word_1_63' title='bbox 1473 1069 1578 1107; x_wconf 90' lang='lat' dir='ltr'><strong>non</strong></span> <span class='ocrx_word' id='word_1_64' title='bbox 1622 1052 1768 1119; x_wconf 89' lang='lat' dir='ltr'><strong>licet,</strong></span> <span class='ocrx_word' id='word_1_65' title='bbox 1816 1065 1975 1121; x_wconf 91' lang='lat' dir='ltr'><strong>quam</strong></span> 
     </span>
    </p>
   </div>
   <div class='ocr_carea' id='block_1_10' title="bbox 375 1145 1973 1220">
    <p class='ocr_par' dir='ltr' id='par_1_10' title="bbox 375 1145 1973 1220">
     <span class='ocr_line' id='line_1_11' title="bbox 375 1145 1973 1220; baseline -0.003 -17"><span class='ocrx_word' id='word_1_66' title='bbox 375 1149 517 1220; x_wconf 87' lang='lat' dir='ltr'><strong>quod</strong></span> <span class='ocrx_word' id='word_1_67' title='bbox 558 1147 781 1204; x_wconf 79' lang='lat' dir='ltr'><strong>inveniri</strong></span> <span class='ocrx_word' id='word_1_68' title='bbox 833 1147 987 1210; x_wconf 89' lang='lat' dir='ltr'><strong>licet;</strong></span> <span class='ocrx_word' id='word_1_69' title='bbox 1032 1146 1265 1203; x_wconf 80' lang='lat' dir='ltr'><strong>inﬁnitas</strong></span> <span class='ocrx_word' id='word_1_70' title='bbox 1310 1145 1452 1199; x_wconf 84' lang='lat' dir='ltr'><strong>enim</strong></span> <span class='ocrx_word' id='word_1_71' title='bbox 1480 1146 1805 1215; x_wconf 66' lang='lat' dir='ltr'><strong>quarstiones</strong></span> <span class='ocrx_word' id='word_1_72' title='bbox 1837 1146 1973 1213; x_wconf 85' lang='lat' dir='ltr'><strong>Apo-</strong></span> 
     </span>
    </p>
   </div>
   <div class='ocr_carea' id='block_1_11' title="bbox 374 1237 1973 1314">
    <p class='ocr_par' dir='ltr' id='par_1_11' title="bbox 374 1237 1973 1314">
     <span class='ocr_line' id='line_1_12' title="bbox 374 1237 1973 1314; baseline -0.004 -16"><span class='ocrx_word' id='word_1_73' title='bbox 374 1244 544 1298; x_wconf 86' lang='lat' dir='ltr'><strong>stolus</strong></span> <span class='ocrx_word' id='word_1_74' title='bbox 571 1241 838 1314; x_wconf 84' lang='lat' dir='ltr'><strong>prohibet.</strong></span> <span class='ocrx_word' id='word_1_75' title='bbox 893 1240 1060 1295; x_wconf 88' lang='lat' dir='ltr'><strong>Porro</strong></span> <span class='ocrx_word' id='word_1_76' title='bbox 1106 1255 1211 1294; x_wconf 90' lang='lat' dir='ltr'><strong>non</strong></span> <span class='ocrx_word' id='word_1_77' title='bbox 1261 1238 1491 1309; x_wconf 90' lang='lat' dir='ltr'><strong>amplius</strong></span> <span class='ocrx_word' id='word_1_78' title='bbox 1536 1237 1760 1292; x_wconf 79' lang='lat' dir='ltr'><strong>inveniri</strong></span> <span class='ocrx_word' id='word_1_79' title='bbox 1814 1237 1973 1302; x_wconf 87' lang='lat' dir='ltr'><strong>licet,</strong></span> 
     </span>
    </p>
   </div>
   <div class='ocr_carea' id='block_1_12' title="bbox 373 1328 1973 1412">
    <p class='ocr_par' dir='ltr' id='par_1_12' title="bbox 373 1328 1973 1412">
     <span class='ocr_line' id='line_1_13' title="bbox 373 1328 1973 1412; baseline -0.004 -21"><span class='ocrx_word' id='word_1_80' title='bbox 373 1352 530 1406; x_wconf 82' lang='lat' dir='ltr'><strong>quam</strong></span> <span class='ocrx_word' id='word_1_81' title='bbox 552 1333 695 1407; x_wconf 90' lang='lat' dir='ltr'><strong>quod</strong></span> <span class='ocrx_word' id='word_1_82' title='bbox 724 1351 752 1389; x_wconf 77' lang='grc' dir='ltr'><strong>ιι</strong></span> <span class='ocrx_word' id='word_1_83' title='bbox 776 1333 886 1389; x_wconf 91' lang='lat' dir='ltr'><strong>Deo</strong></span> <span class='ocrx_word' id='word_1_84' title='bbox 904 1332 1160 1398; x_wconf 87' lang='lat' dir='ltr'><strong>discitur;</strong></span> <span class='ocrx_word' id='word_1_85' title='bbox 1184 1330 1323 1402; x_wconf 90' lang='lat' dir='ltr'><strong>quod</strong></span> <span class='ocrx_word' id='word_1_86' title='bbox 1347 1339 1523 1386; x_wconf 87' lang='lat' dir='ltr'><strong>autem</strong></span> <span class='ocrx_word' id='word_1_87' title='bbox 1546 1329 1710 1412; x_wconf 85' lang='lat' dir='ltr'><strong>a_Deo</strong></span> <span class='ocrx_word' id='word_1_88' title='bbox 1731 1328 1973 1396; x_wconf 90' lang='lat' dir='ltr'><strong>discitur,</strong></span> 
     </span>
    </p>
   </div>
   <div class='ocr_carea' id='block_1_13' title="bbox 375 1439 677 1486">
    <p class='ocr_par' dir='ltr' id='par_1_13' title="bbox 375 1439 677 1486">
     <span class='ocr_line' id='line_1_14' title="bbox 375 1439 677 1486; baseline -0.017 0"><span class='ocrx_word' id='word_1_89' title='bbox 375 1439 547 1486; x_wconf 89' lang='lat' dir='ltr'><strong>totum</strong></span> <span class='ocrx_word' id='word_1_90' title='bbox 577 1439 677 1485; x_wconf 84' lang='lat' dir='ltr'><strong>est.</strong></span> 
     </span>
    </p>
   </div>
   <div class='ocr_carea' id='block_1_14' title="bbox 992 1517 1353 1576">
    <p class='ocr_par' dir='ltr' id='par_1_14' title="bbox 992 1517 1353 1576">
     <span class='ocr_line' id='line_1_15' title="bbox 992 1517 1353 1576; baseline -0.006 -3"><span class='ocrx_word' id='word_1_91' title='bbox 992 1518 1218 1576; x_wconf 82' lang='lat' dir='ltr'><strong>CAPUT</strong></span> <span class='ocrx_word' id='word_1_92' title='bbox 1265 1517 1353 1575; x_wconf 87' lang='grc'><strong>111.</strong></span> 
     </span>
    </p>
   </div>
   <div class='ocr_carea' id='block_1_15' title="bbox 443 1610 1973 1685">
    <p class='ocr_par' dir='ltr' id='par_1_15' title="bbox 443 1610 1973 1685">
     <span class='ocr_line' id='line_1_16' title="bbox 443 1610 1973 1685; baseline -0.003 -17"><span class='ocrx_word' id='word_1_93' title='bbox 443 1616 618 1685; x_wconf 85' lang='lat' dir='ltr'><strong>Atque</strong></span> <span class='ocrx_word' id='word_1_94' title='bbox 644 1613 846 1669; x_wconf 88' lang='lat' dir='ltr'><strong>utinam</strong></span> <span class='ocrx_word' id='word_1_95' title='bbox 879 1611 1056 1667; x_wconf 90' lang='lat' dir='ltr'><strong>nullas</strong></span> <span class='ocrx_word' id='word_1_96' title='bbox 1099 1611 1333 1667; x_wconf 71' lang='lat' dir='ltr'><strong>hmreses</strong></span> <span class='ocrx_word' id='word_1_97' title='bbox 1365 1610 1687 1681; x_wconf 88' lang='lat' dir='ltr'><strong>oportuisset</strong></span> <span class='ocrx_word' id='word_1_98' title='bbox 1716 1610 1973 1676; x_wconf 77' lang='lat' dir='ltr'><strong>existere,</strong></span> 
     </span>
    </p>
   </div>
   <div class='ocr_carea' id='block_1_16' title="bbox 370 1696 1975 1778">
    <p class='ocr_par' dir='ltr' id='par_1_16' title="bbox 370 1696 1975 1778">
     <span class='ocr_line' id='line_1_17' title="bbox 370 1696 1975 1778; baseline -0.004 -15"><span class='ocrx_word' id='word_1_99' title='bbox 370 1719 426 1763; x_wconf 91' lang='lat' dir='ltr'><strong>ut</strong></span> <span class='ocrx_word' id='word_1_100' title='bbox 470 1707 776 1778; x_wconf 88' lang='lat' dir='ltr'><strong>probabiles</strong></span> <span class='ocrx_word' id='word_1_101' title='bbox 801 1696 995 1777; x_wconf 86' lang='lat' dir='ltr'><strong>quique</strong></span> <span class='ocrx_word' id='word_1_102' title='bbox 1041 1706 1333 1760; x_wconf 84' lang='lat' dir='ltr'><strong>emicarent</strong></span> <span class='ocrx_word' id='word_1_103' title='bbox 1376 1702 1416 1776; x_wconf 97' lang='lat' dir='ltr'><strong>(I</strong></span> <span class='ocrx_word' id='word_1_104' title='bbox 1447 1703 1564 1759; x_wconf 86' lang='lat' dir='ltr'><strong>Cor.</strong></span> <span class='ocrx_word' id='word_1_105' title='bbox 1595 1702 1662 1769; x_wconf 90' lang='lat' dir='ltr'><strong>Il,</strong></span> <span class='ocrx_word' id='word_1_106' title='bbox 1698 1700 1811 1773; x_wconf 82' lang='grc'><strong>19),</strong></span> <span class='ocrx_word' id='word_1_107' title='bbox 1843 1701 1975 1757; x_wconf 87' lang='lat' dir='ltr'><strong>nihil</strong></span> 
     </span>
    </p>
   </div>
   <div class='ocr_carea' id='block_1_17' title="bbox 371 1797 2058 1870">
    <p class='ocr_par' dir='ltr' id='par_1_17' title="bbox 371 1797 2058 1870">
     <span class='ocr_line' id='line_1_18' title="bbox 371 1797 2058 1870; baseline -0.001 -17"><span class='ocrx_word' id='word_1_108' title='bbox 371 1801 591 1856; x_wconf 81' lang='lat' dir='ltr'><strong>omnino</strong></span> <span class='ocrx_word' id='word_1_109' title='bbox 621 1814 740 1855; x_wconf 86' lang='lat' dir='ltr'><strong>eum</strong></span> <span class='ocrx_word' id='word_1_110' title='bbox 776 1797 1111 1870; x_wconf 79' lang='lat' dir='ltr'><strong>philosophis</strong></span> <span class='ocrx_word' id='word_1_111' title='bbox 1155 1813 1317 1868; x_wconf 85' lang='lat' dir='ltr'><strong>super</strong></span> <span class='ocrx_word' id='word_1_112' title='bbox 1355 1799 1531 1852; x_wconf 89' lang='lat' dir='ltr'><strong>anima</strong></span> <span class='ocrx_word' id='word_1_113' title='bbox 1560 1810 1771 1867; x_wconf 88' lang='lat' dir='ltr'><strong>quoque</strong></span> <span class='ocrx_word' id='word_1_114' title='bbox 1809 1811 1978 1867; x_wconf 85' lang='lat' dir='ltr'><strong>expe-</strong></span> <span class='ocrx_word' id='word_1_115' title='bbox 2010 1799 2058 1859; x_wconf 81' lang='grc' dir='ltr'><strong>Β</strong></span> 
     </span>
    </p>
   </div>
   <div class='ocr_carea' id='block_1_18' title="bbox 368 1888 1976 1961">
    <p class='ocr_par' dir='ltr' id='par_1_18' title="bbox 368 1888 1976 1961">
     <span class='ocr_line' id='line_1_19' title="bbox 368 1888 1976 1961; baseline -0.004 -13"><span class='ocrx_word' id='word_1_116' title='bbox 368 1894 619 1957; x_wconf 90' lang='lat' dir='ltr'><strong>rircmur,</strong></span> <span class='ocrx_word' id='word_1_117' title='bbox 646 1891 985 1961; x_wconf 80' lang='lat' dir='ltr'><strong>patriarehis,</strong></span> <span class='ocrx_word' id='word_1_118' title='bbox 1016 1900 1073 1945; x_wconf 90' lang='lat' dir='ltr'><strong>ut</strong></span> <span class='ocrx_word' id='word_1_119' title='bbox 1104 1891 1174 1945; x_wconf 87' lang='lat' dir='ltr'><strong>ita</strong></span> <span class='ocrx_word' id='word_1_120' title='bbox 1198 1889 1447 1955; x_wconf 81' lang='lat' dir='ltr'><strong>dixerim,</strong></span> <span class='ocrx_word' id='word_1_121' title='bbox 1473 1889 1870 1944; x_wconf 70' lang='lat' dir='ltr'><strong>hmreticorum.</strong></span> <span class='ocrx_word' id='word_1_122' title='bbox 1898 1888 1976 1961; x_wconf 68' lang='lat' dir='ltr'><strong>(li)</strong></span> 
     </span>
    </p>
   </div>
   <div class='ocr_carea' id='block_1_19' title="bbox 365 1981 1978 2056">
    <p class='ocr_par' dir='ltr' id='par_1_19' title="bbox 365 1981 1978 2056">
     <span class='ocr_line' id='line_1_20' title="bbox 365 1981 1978 2056; baseline -0.002 -15"><span class='ocrx_word' id='word_1_123' title='bbox 365 1984 639 2056; x_wconf 86' lang='lat' dir='ltr'><strong>Siquidem</strong></span> <span class='ocrx_word' id='word_1_124' title='bbox 668 1993 723 2040; x_wconf 91' lang='lat' dir='ltr'><strong>et</strong></span> <span class='ocrx_word' id='word_1_125' title='bbox 752 1984 819 2040; x_wconf 88' lang='lat' dir='ltr'><strong>ab</strong></span> <span class='ocrx_word' id='word_1_126' title='bbox 852 1983 1113 2055; x_wconf 78' lang='lat' dir='ltr'><strong>Apostolo</strong></span> <span class='ocrx_word' id='word_1_127' title='bbox 1161 1985 1268 2051; x_wconf 89' lang='lat' dir='ltr'><strong>jam</strong></span> <span class='ocrx_word' id='word_1_128' title='bbox 1317 1992 1442 2038; x_wconf 91' lang='lat' dir='ltr'><strong>tunc</strong></span> <span class='ocrx_word' id='word_1_129' title='bbox 1474 1981 1808 2053; x_wconf 70' lang='grc' dir='ltr'>ιιιιὶιοιοριιίιι</span> <span class='ocrx_word' id='word_1_130' title='bbox 1849 1996 1978 2038; x_wconf 89' lang='lat' dir='ltr'><strong>eon-</strong></span> 
     </span>
    </p>
   </div>
   <div class='ocr_carea' id='block_1_20' title="bbox 365 2073 1971 2148">
    <p class='ocr_par' dir='ltr' id='par_1_20' title="bbox 365 2073 1971 2148">
     <span class='ocr_line' id='line_1_21' title="bbox 365 2073 1971 2148; baseline -0.002 -16"><span class='ocrx_word' id='word_1_131' title='bbox 365 2077 545 2132; x_wconf 85' lang='lat' dir='ltr'><strong>enssio</strong></span> <span class='ocrx_word' id='word_1_132' title='bbox 601 2077 838 2132; x_wconf 81' lang='lat' dir='ltr'><strong>veritatis</strong></span> <span class='ocrx_word' id='word_1_133' title='bbox 910 2076 1289 2148; x_wconf 80' lang='lat' dir='ltr'><strong>providebatur</strong></span> <span class='ocrx_word' id='word_1_134' title='bbox 1365 2074 1467 2146; x_wconf 90' lang='lat' dir='ltr'><strong>(l).</strong></span> <span class='ocrx_word' id='word_1_135' title='bbox 1544 2073 1769 2130; x_wconf 85' lang='lat' dir='ltr'><strong>Athenis</strong></span> <span class='ocrx_word' id='word_1_136' title='bbox 1829 2075 1971 2129; x_wconf 86' lang='lat' dir='ltr'><strong>enim</strong></span> 
     </span>
    </p>
   </div>
   <div class='ocr_carea' id='block_1_21' title="bbox 367 2165 1972 2238">
    <p class='ocr_par' dir='ltr' id='par_1_21' title="bbox 367 2165 1972 2238">
     <span class='ocr_line' id='line_1_22' title="bbox 367 2165 1972 2238; baseline -0.001 -17"><span class='ocrx_word' id='word_1_137' title='bbox 367 2175 622 2238; x_wconf 79' lang='lat' dir='ltr'><strong>expertus</strong></span> <span class='ocrx_word' id='word_1_138' title='bbox 661 2167 948 2238; x_wconf 87' lang='lat' dir='ltr'><strong>linguatam</strong></span> <span class='ocrx_word' id='word_1_139' title='bbox 994 2166 1302 2231; x_wconf 86' lang='lat' dir='ltr'><strong>civitatem,</strong></span> <span class='ocrx_word' id='word_1_140' title='bbox 1332 2181 1476 2225; x_wconf 92' lang='lat' dir='ltr'><strong>cum</strong></span> <span class='ocrx_word' id='word_1_141' title='bbox 1509 2180 1697 2222; x_wconf 87' lang='lat' dir='ltr'><strong>omnes</strong></span> <span class='ocrx_word' id='word_1_142' title='bbox 1739 2166 1847 2221; x_wconf 92' lang='lat' dir='ltr'><strong>illic</strong></span> <span class='ocrx_word' id='word_1_143' title='bbox 1891 2165 1972 2237; x_wconf 72' lang='lat'><strong>(2)</strong></span> 
     </span>
    </p>
   </div>
   <div class='ocr_carea' id='block_1_22' title="bbox 372 2258 1973 2331">
    <p class='ocr_par' dir='ltr' id='par_1_22' title="bbox 372 2258 1973 2331">
     <span class='ocr_line' id='line_1_23' title="bbox 372 2258 1973 2331; baseline -0.002 -14"><span class='ocrx_word' id='word_1_144' title='bbox 372 2260 651 2331; x_wconf 78' lang='lat' dir='ltr'><strong>Sapientia:</strong></span> <span class='ocrx_word' id='word_1_145' title='bbox 681 2271 841 2331; x_wconf 89' lang='lat' dir='ltr'><strong>atque</strong></span> <span class='ocrx_word' id='word_1_146' title='bbox 869 2259 1131 2315; x_wconf 78' lang='lat' dir='ltr'><strong>facundia:</strong></span> <span class='ocrx_word' id='word_1_147' title='bbox 1157 2274 1427 2330; x_wconf 75' lang='lat' dir='ltr'><strong>caupones</strong></span> <span class='ocrx_word' id='word_1_148' title='bbox 1455 2258 1814 2330; x_wconf 79' lang='lat' dir='ltr'><strong>degustasset,</strong></span> <span class='ocrx_word' id='word_1_149' title='bbox 1850 2258 1973 2315; x_wconf 91' lang='lat' dir='ltr'><strong>inde</strong></span> 
     </span>
    </p>
   </div>
   <div class='ocr_carea' id='block_1_23' title="bbox 367 2349 1969 2424">
    <p class='ocr_par' dir='ltr' id='par_1_23' title="bbox 367 2349 1969 2424">
     <span class='ocr_line' id='line_1_24' title="bbox 367 2349 1969 2424; baseline -0.002 -17"><span class='ocrx_word' id='word_1_150' title='bbox 367 2353 607 2422; x_wconf 87' lang='lat' dir='ltr'><strong>concepit</strong></span> <span class='ocrx_word' id='word_1_151' title='bbox 640 2353 1105 2424; x_wconf 77' lang='lat' dir='ltr'><strong>praemonitorinm</strong></span> <span class='ocrx_word' id='word_1_152' title='bbox 1126 2351 1255 2405; x_wconf 87' lang='lat' dir='ltr'><strong>illud</strong></span> <span class='ocrx_word' id='word_1_153' title='bbox 1284 2352 1538 2408; x_wconf 84' lang='lat' dir='ltr'><strong>edictum.</strong></span> <span class='ocrx_word' id='word_1_154' title='bbox 1563 2349 1795 2406; x_wconf 81' lang='lat' dir='ltr'><strong>Proinde</strong></span> <span class='ocrx_word' id='word_1_155' title='bbox 1821 2351 1969 2406; x_wconf 89' lang='lat' dir='ltr'><strong>enim</strong></span> 
     </span>
    </p>
   </div>
   <div class='ocr_carea' id='block_1_24' title="bbox 367 2442 1969 2514">
    <p class='ocr_par' dir='ltr' id='par_1_24' title="bbox 367 2442 1969 2514">
     <span class='ocr_line' id='line_1_25' title="bbox 367 2442 1969 2514; baseline -0.001 -15"><span class='ocrx_word' id='word_1_156' title='bbox 367 2456 421 2499; x_wconf 90' lang='lat' dir='ltr'><strong>et</strong></span> <span class='ocrx_word' id='word_1_157' title='bbox 442 2445 634 2499; x_wconf 75' lang='lat' dir='ltr'><strong>anima:</strong></span> <span class='ocrx_word' id='word_1_158' title='bbox 657 2446 813 2509; x_wconf 88' lang='lat' dir='ltr'><strong>ratio,</strong></span> <span class='ocrx_word' id='word_1_159' title='bbox 839 2458 935 2514; x_wconf 90' lang='lat' dir='ltr'><strong>per</strong></span> <span class='ocrx_word' id='word_1_160' title='bbox 958 2442 1364 2512; x_wconf 86' lang='lat' dir='ltr'><strong>philosophatas</strong></span> <span class='ocrx_word' id='word_1_161' title='bbox 1391 2442 1664 2498; x_wconf 88' lang='lat' dir='ltr'><strong>doctrinas</strong></span> <span class='ocrx_word' id='word_1_162' title='bbox 1694 2443 1969 2498; x_wconf 87' lang='lat' dir='ltr'><strong>hominum</strong></span> 
     </span>
    </p>
   </div>
   <div class='ocr_carea' id='block_1_25' title="bbox 372 2535 1971 2609">
    <p class='ocr_par' dir='ltr' id='par_1_25' title="bbox 372 2535 1971 2609">
     <span class='ocr_line' id='line_1_26' title="bbox 372 2535 1971 2609; baseline 0.001 -18"><span class='ocrx_word' id='word_1_163' title='bbox 372 2536 658 2591; x_wconf 78' lang='lat' dir='ltr'><strong>miscentes</strong></span> <span class='ocrx_word' id='word_1_164' title='bbox 706 2551 870 2606; x_wconf 87' lang='lat' dir='ltr'><strong>aquas</strong></span> <span class='ocrx_word' id='word_1_165' title='bbox 905 2535 1052 2591; x_wconf 89' lang='lat' dir='ltr'><strong>vino.</strong></span> <span class='ocrx_word' id='word_1_166' title='bbox 1104 2535 1176 2608; x_wconf 78' lang='grc' dir='ltr'><strong>(ε)</strong></span> <span class='ocrx_word' id='word_1_167' title='bbox 1226 2536 1325 2590; x_wconf 83' lang='lat' dir='ltr'><strong>Alii</strong></span> <span class='ocrx_word' id='word_1_168' title='bbox 1374 2536 1729 2593; x_wconf 81' lang='lat' dir='ltr'><strong>immortalem</strong></span> <span class='ocrx_word' id='word_1_169' title='bbox 1776 2548 1971 2609; x_wconf 82' lang='lat' dir='ltr'><strong>negant</strong></span> 
     </span>
    </p>
   </div>
   <div class='ocr_carea' id='block_1_26' title="bbox 367 2621 1971 2699">
    <p class='ocr_par' dir='ltr' id='par_1_26' title="bbox 367 2621 1971 2699">
     <span class='ocr_line' id='line_1_27' title="bbox 367 2621 1971 2699; baseline 0.004 -18"><span class='ocrx_word' id='word_1_170' title='bbox 367 2629 624 2695; x_wconf 83' lang='lat' dir='ltr'><strong>animam,</strong></span> <span class='ocrx_word' id='word_1_171' title='bbox 665 2627 752 2682; x_wconf 90' lang='lat' dir='ltr'><strong>alii</strong></span> <span class='ocrx_word' id='word_1_172' title='bbox 794 2628 1075 2699; x_wconf 84' lang='lat' dir='ltr'><strong>plusquam</strong></span> <span class='ocrx_word' id='word_1_173' title='bbox 1120 2621 1474 2684; x_wconf 74' lang='lat' dir='ltr'><strong>immortalem</strong></span> <span class='ocrx_word' id='word_1_174' title='bbox 1508 2629 1830 2687; x_wconf 86' lang='lat' dir='ltr'><strong>adlirmant:</strong></span> <span class='ocrx_word' id='word_1_175' title='bbox 1881 2631 1971 2687; x_wconf 90' lang='lat' dir='ltr'><strong>alii</strong></span> 
     </span>
    </p>
   </div>
   <div class='ocr_carea' id='block_1_27' title="bbox 365 2718 1972 2796">
    <p class='ocr_par' dir='ltr' id='par_1_27' title="bbox 365 2718 1972 2796">
     <span class='ocr_line' id='line_1_28' title="bbox 365 2718 1972 2796; baseline 0.004 -22"><span class='ocrx_word' id='word_1_176' title='bbox 365 2721 433 2774; x_wconf 87' lang='lat' dir='ltr'><strong>de</strong></span> <span class='ocrx_word' id='word_1_177' title='bbox 459 2718 778 2781; x_wconf 87' lang='lat' dir='ltr'><strong>substantia,</strong></span> <span class='ocrx_word' id='word_1_178' title='bbox 803 2720 891 2774; x_wconf 89' lang='lat' dir='ltr'><strong>alii</strong></span> <span class='ocrx_word' id='word_1_179' title='bbox 916 2719 984 2774; x_wconf 89' lang='lat' dir='ltr'><strong>de</strong></span> <span class='ocrx_word' id='word_1_180' title='bbox 1014 2719 1207 2785; x_wconf 82' lang='lat' dir='ltr'><strong>forma,</strong></span> <span class='ocrx_word' id='word_1_181' title='bbox 1232 2721 1319 2776; x_wconf 86' lang='lat' dir='ltr'><strong>alii</strong></span> <span class='ocrx_word' id='word_1_182' title='bbox 1347 2720 1414 2777; x_wconf 90' lang='lat' dir='ltr'><strong>de</strong></span> <span class='ocrx_word' id='word_1_183' title='bbox 1438 2737 1757 2793; x_wconf 87' lang='lat' dir='ltr'><strong>unaquaque</strong></span> <span class='ocrx_word' id='word_1_184' title='bbox 1787 2722 1972 2796; x_wconf 89' lang='lat' dir='ltr'><strong>dispo-</strong></span> 
     </span>
    </p>
   </div>
   <div class='ocr_carea' id='block_1_28' title="bbox 364 2811 1970 2885">
    <p class='ocr_par' dir='ltr' id='par_1_28' title="bbox 364 2811 1970 2885">
     <span class='ocr_line' id='line_1_29' title="bbox 364 2811 1970 2885; baseline 0.004 -19"><span class='ocrx_word' id='word_1_185' title='bbox 364 2812 559 2866; x_wconf 81' lang='lat' dir='ltr'><strong>sitione</strong></span> <span class='ocrx_word' id='word_1_186' title='bbox 588 2811 891 2884; x_wconf 76' lang='lat' dir='ltr'><strong>disceptant</strong></span> <span class='ocrx_word' id='word_1_187' title='bbox 917 2830 929 2868; x_wconf 92' lang='lat'>:</span> <span class='ocrx_word' id='word_1_188' title='bbox 963 2813 1013 2867; x_wconf 92' lang='lat' dir='ltr'><strong>hi</strong></span> <span class='ocrx_word' id='word_1_189' title='bbox 1043 2822 1241 2869; x_wconf 89' lang='lat' dir='ltr'><strong>statqu</strong></span> <span class='ocrx_word' id='word_1_190' title='bbox 1273 2813 1389 2885; x_wconf 84' lang='lat' dir='ltr'><strong>ejus</strong></span> <span class='ocrx_word' id='word_1_191' title='bbox 1417 2815 1634 2871; x_wconf 87' lang='lat' dir='ltr'><strong>aliunde</strong></span> <span class='ocrx_word' id='word_1_192' title='bbox 1665 2815 1889 2881; x_wconf 89' lang='lat' dir='ltr'><strong>ducunt,</strong></span> <span class='ocrx_word' id='word_1_193' title='bbox 1916 2817 1970 2873; x_wconf 86' lang='lat' dir='ltr'><strong>bi</strong></span> 
     </span>
    </p>
   </div>
   <div class='ocr_carea' id='block_1_29' title="bbox 364 2905 1967 2979">
    <p class='ocr_par' dir='ltr' id='par_1_29' title="bbox 364 2905 1967 2979">
     <span class='ocr_line' id='line_1_30' title="bbox 364 2905 1967 2979; baseline 0.003 -18"><span class='ocrx_word' id='word_1_194' title='bbox 364 2905 566 2961; x_wconf 74' lang='lat' dir='ltr'><strong>exitum</strong></span> <span class='ocrx_word' id='word_1_195' title='bbox 593 2905 849 2960; x_wconf 89' lang='lat' dir='ltr'><strong>aliorsum</strong></span> <span class='ocrx_word' id='word_1_196' title='bbox 882 2907 1173 2974; x_wconf 87' lang='lat' dir='ltr'><strong>abducunt,</strong></span> <span class='ocrx_word' id='word_1_197' title='bbox 1205 2920 1360 2979; x_wconf 89' lang='lat' dir='ltr'><strong>prout</strong></span> <span class='ocrx_word' id='word_1_198' title='bbox 1387 2920 1479 2964; x_wconf 90' lang='lat' dir='ltr'><strong>aut</strong></span> <span class='ocrx_word' id='word_1_199' title='bbox 1508 2909 1744 2966; x_wconf 78' lang='lat' dir='ltr'><strong>Platonis</strong></span> <span class='ocrx_word' id='word_1_200' title='bbox 1772 2910 1967 2979; x_wconf 90' lang='lat' dir='ltr'><strong>honor,</strong></span> 
     </span>
    </p>
   </div>
   <div class='ocr_carea' id='block_1_30' title="bbox 364 2998 1971 3075">
    <p class='ocr_par' dir='ltr' id='par_1_30' title="bbox 364 2998 1971 3075">
     <span class='ocr_line' id='line_1_31' title="bbox 364 2998 1971 3075; baseline 0.004 -23"><span class='ocrx_word' id='word_1_201' title='bbox 364 3009 455 3052; x_wconf 91' lang='lat' dir='ltr'><strong>aut</strong></span> <span class='ocrx_word' id='word_1_202' title='bbox 483 2998 714 3054; x_wconf 88' lang='lat' dir='ltr'><strong>Zenonis</strong></span> <span class='ocrx_word' id='word_1_203' title='bbox 736 3000 885 3071; x_wconf 87' lang='lat' dir='ltr'><strong>vigor</strong></span> <span class='ocrx_word' id='word_1_204' title='bbox 910 3000 1011 3071; x_wconf 79' lang='lat'><strong>(5),</strong></span> <span class='ocrx_word' id='word_1_205' title='bbox 1053 3009 1144 3056; x_wconf 87' lang='lat' dir='ltr'><strong>aut</strong></span> <span class='ocrx_word' id='word_1_206' title='bbox 1171 3002 1473 3057; x_wconf 86' lang='lat' dir='ltr'><strong>Aristotelis</strong></span> <span class='ocrx_word' id='word_1_207' title='bbox 1520 3010 1692 3066; x_wconf 88' lang='lat' dir='ltr'><strong>tenor,</strong></span> <span class='ocrx_word' id='word_1_208' title='bbox 1726 3015 1817 3059; x_wconf 91' lang='lat' dir='ltr'><strong>aut</strong></span> <span class='ocrx_word' id='word_1_209' title='bbox 1844 3004 1971 3075; x_wconf 84' lang='lat' dir='ltr'><strong>Epi-</strong></span> 
     </span>
    </p>
   </div>
   <div class='ocr_carea' id='block_1_31' title="bbox 366 3089 1971 3167">
    <p class='ocr_par' dir='ltr' id='par_1_31' title="bbox 366 3089 1971 3167">
     <span class='ocr_line' id='line_1_32' title="bbox 366 3089 1971 3167; baseline 0.006 -24"><span class='ocrx_word' id='word_1_210' title='bbox 366 3089 482 3144; x_wconf 81' lang='lat' dir='ltr'><strong>curi</strong></span> <span class='ocrx_word' id='word_1_211' title='bbox 512 3100 744 3160; x_wconf 72' lang='lat' dir='ltr'><strong>stupor,</strong></span> <span class='ocrx_word' id='word_1_212' title='bbox 790 3098 885 3145; x_wconf 91' lang='lat' dir='ltr'><strong>aut</strong></span> <span class='ocrx_word' id='word_1_213' title='bbox 915 3090 1170 3148; x_wconf 90' lang='lat' dir='ltr'><strong>Heracliti</strong></span> <span class='ocrx_word' id='word_1_214' title='bbox 1227 3107 1451 3159; x_wconf 68' lang='lat' dir='ltr'><strong>maeror,</strong></span> <span class='ocrx_word' id='word_1_215' title='bbox 1496 3103 1588 3150; x_wconf 90' lang='lat' dir='ltr'><strong>aut</strong></span> <span class='ocrx_word' id='word_1_216' title='bbox 1632 3094 1971 3167; x_wconf 83' lang='lat' dir='ltr'><strong>Empedoclis</strong></span> 
     </span>
    </p>
   </div>
   <div class='ocr_carea' id='block_1_32' title="bbox 1750 283 2211 345">
    <p class='ocr_par' dir='ltr' id='par_1_32' title="bbox 1750 283 2211 345">
     <span class='ocr_line' id='line_1_33' title="bbox 1750 283 2211 345; baseline -0.002 -3"><span class='ocrx_word' id='word_1_217' title='bbox 1750 283 2211 345; x_wconf 76' lang='lat' dir='ltr'><strong>TERTULLIANI</strong></span> 
     </span>
    </p>
   </div>
   <div class='ocr_carea' id='block_1_33' title="bbox 376 404 3677 484">
    <p class='ocr_par' dir='ltr' id='par_1_33' title="bbox 376 404 3677 484">
     <span class='ocr_line' id='line_1_34' title="bbox 376 404 3677 484; baseline 0.001 -16"><span class='ocrx_word' id='word_1_218' title='bbox 376 416 532 469; x_wconf 91' lang='lat' dir='ltr'><strong>latius</strong></span> <span class='ocrx_word' id='word_1_219' title='bbox 558 414 898 484; x_wconf 80' lang='lat' dir='ltr'><strong>disputantur</strong></span> <span class='ocrx_word' id='word_1_220' title='bbox 925 417 1267 484; x_wconf 65' lang='lat' dir='ltr'><strong>praesumpta.</strong></span> <span class='ocrx_word' id='word_1_221' title='bbox 1296 406 1968 484; x_wconf 31' lang='lat' dir='ltr'><strong>Mtajﬂﬁueultaspgoo</strong></span> <span class='ocrx_word' id='word_1_222' title='bbox 1996 404 2045 465; x_wconf 85' lang='lat' dir='ltr'><strong>A</strong></span> <span class='ocrx_word' id='word_1_223' title='bbox 2074 420 2192 460; x_wconf 83' lang='lat' dir='ltr'><strong>runt</strong></span> <span class='ocrx_word' id='word_1_224' title='bbox 2242 422 2422 464; x_wconf 87' lang='lat' dir='ltr'><strong>aerem</strong></span> <span class='ocrx_word' id='word_1_225' title='bbox 2479 408 2718 467; x_wconf 81' lang='lat' dir='ltr'><strong>veritatis</strong></span> <span class='ocrx_word' id='word_1_226' title='bbox 2768 409 3072 478; x_wconf 81' lang='lat' dir='ltr'><strong>inluseant,</strong></span> <span class='ocrx_word' id='word_1_227' title='bbox 3120 428 3181 468; x_wconf 88' lang='lat' dir='ltr'><strong>ea</strong></span> <span class='ocrx_word' id='word_1_228' title='bbox 3222 422 3379 470; x_wconf 85' lang='lat' dir='ltr'><strong>erunt</strong></span> <span class='ocrx_word' id='word_1_229' title='bbox 3417 414 3677 471; x_wconf 76' lang='lat' dir='ltr'><strong>Christia-</strong></span> 
     </span>
    </p>
   </div>
   <div class='ocr_carea' id='block_1_34' title="bbox 3570 293 3676 353">
    <p class='ocr_par' dir='ltr' id='par_1_34' title="bbox 3570 293 3676 353">
     <span class='ocr_line' id='line_1_35' title="bbox 3570 293 3676 353; baseline 0 -1"><span class='ocrx_word' id='word_1_230' title='bbox 3570 293 3676 353; x_wconf 72' lang='lat'><strong>652</strong></span> 
     </span>
    </p>
   </div>
   <div class='ocr_carea' id='block_1_35' title="bbox 2081 497 3680 577">
    <p class='ocr_par' dir='ltr' id='par_1_35' title="bbox 2081 497 3680 577">
     <span class='ocr_line' id='line_1_36' title="bbox 2081 497 3680 577; baseline 0.009 -27"><span class='ocrx_word' id='word_1_231' title='bbox 2081 497 2163 552; x_wconf 92' lang='lat' dir='ltr'><strong>nis</strong></span> <span class='ocrx_word' id='word_1_232' title='bbox 2211 499 2529 557; x_wconf 88' lang='lat' dir='ltr'><strong>enubilanda</strong></span> <span class='ocrx_word' id='word_1_233' title='bbox 2555 546 2567 569; x_wconf 92' lang='lat'><strong>,</strong></span> <span class='ocrx_word' id='word_1_234' title='bbox 2618 514 2683 558; x_wconf 90' lang='lat' dir='ltr'><strong>et-</strong></span> <span class='ocrx_word' id='word_1_235' title='bbox 2726 504 3144 573; x_wconf 87' lang='lat' dir='ltr'><strong>percutientilms</strong></span> <span class='ocrx_word' id='word_1_236' title='bbox 3188 509 3680 577; x_wconf 78' lang='lat' dir='ltr'><strong>argumentationes</strong></span> 
     </span>
    </p>
   </div>
   <div class='ocr_carea' id='block_1_36' title="bbox 2078 589 3681 667">
    <p class='ocr_par' dir='ltr' id='par_1_36' title="bbox 2078 589 3681 667">
     <span class='ocr_line' id='line_1_37' title="bbox 2078 589 3681 667; baseline 0.008 -25"><span class='ocrx_word' id='word_1_237' title='bbox 2078 589 2384 661; x_wconf 79' lang='lat' dir='ltr'><strong>originales,</strong></span> <span class='ocrx_word' id='word_1_238' title='bbox 2417 592 2467 647; x_wconf 94' lang='lat' dir='ltr'><strong>id</strong></span> <span class='ocrx_word' id='word_1_239' title='bbox 2497 603 2579 649; x_wconf 85' lang='lat' dir='ltr'><strong>est</strong></span> <span class='ocrx_word' id='word_1_240' title='bbox 2606 594 3024 665; x_wconf 85' lang='lat' dir='ltr'><strong>philosophicas,</strong></span> <span class='ocrx_word' id='word_1_241' title='bbox 3050 606 3103 651; x_wconf 90' lang='lat' dir='ltr'><strong>et</strong></span> <span class='ocrx_word' id='word_1_242' title='bbox 3128 599 3521 667; x_wconf 80' lang='lat' dir='ltr'><strong>apponcntibus</strong></span> <span class='ocrx_word' id='word_1_243' title='bbox 3551 598 3681 655; x_wconf 82' lang='lat' dir='ltr'><strong>deli-</strong></span> 
     </span>
    </p>
   </div>
   <div class='ocr_carea' id='block_1_37' title="bbox 2080 685 3683 763">
    <p class='ocr_par' dir='ltr' id='par_1_37' title="bbox 2080 685 3683 763">
     <span class='ocr_line' id='line_1_38' title="bbox 2080 685 3683 763; baseline 0.005 -24"><span class='ocrx_word' id='word_1_244' title='bbox 2080 685 2312 742; x_wconf 90' lang='lat' dir='ltr'><strong>nitiones</strong></span> <span class='ocrx_word' id='word_1_245' title='bbox 2339 687 2610 751; x_wconf 85' lang='lat' dir='ltr'><strong>coelestes,</strong></span> <span class='ocrx_word' id='word_1_246' title='bbox 2645 689 2697 743; x_wconf 87' lang='lat' dir='ltr'><strong>id</strong></span> <span class='ocrx_word' id='word_1_247' title='bbox 2723 699 2803 745; x_wconf 90' lang='lat' dir='ltr'><strong>est</strong></span> <span class='ocrx_word' id='word_1_248' title='bbox 2829 689 3129 744; x_wconf 86' lang='lat' dir='ltr'><strong>dominicas</strong></span> <span class='ocrx_word' id='word_1_249' title='bbox 3160 708 3173 744; x_wconf 89' lang='lat'><strong>:</strong></span> <span class='ocrx_word' id='word_1_250' title='bbox 3204 700 3256 745; x_wconf 90' lang='lat' dir='ltr'><strong>ut</strong></span> <span class='ocrx_word' id='word_1_251' title='bbox 3286 700 3338 745; x_wconf 90' lang='lat' dir='ltr'><strong>et</strong></span> <span class='ocrx_word' id='word_1_252' title='bbox 3370 692 3458 746; x_wconf 87' lang='lat' dir='ltr'><strong>illa</strong></span> <span class='ocrx_word' id='word_1_253' title='bbox 3488 692 3683 763; x_wconf 82' lang='lat' dir='ltr'><strong>quibus</strong></span> 
     </span>
    </p>
   </div>
   <div class='ocr_carea' id='block_1_38' title="bbox 2081 778 3684 852">
    <p class='ocr_par' dir='ltr' id='par_1_38' title="bbox 2081 778 3684 852">
     <span class='ocr_line' id='line_1_39' title="bbox 2081 778 3684 852; baseline 0.004 -18"><span class='ocrx_word' id='word_1_254' title='bbox 2081 778 2280 834; x_wconf 90' lang='lat' dir='ltr'><strong>ethnici</strong></span> <span class='ocrx_word' id='word_1_255' title='bbox 2322 795 2352 834; x_wconf 93' lang='lat' dir='ltr'><strong>a</strong></span> <span class='ocrx_word' id='word_1_256' title='bbox 2382 779 2714 852; x_wconf 85' lang='lat' dir='ltr'><strong>philosophia</strong></span> <span class='ocrx_word' id='word_1_257' title='bbox 2747 783 3065 852; x_wconf 73' lang='lat' dir='ltr'><strong>capiuntur;</strong></span> <span class='ocrx_word' id='word_1_258' title='bbox 3080 784 3446 847; x_wconf 88' lang='lat' dir='ltr'><strong>destruantur,</strong></span> <span class='ocrx_word' id='word_1_259' title='bbox 3476 794 3530 837; x_wconf 86' lang='lat' dir='ltr'><strong>et</strong></span> <span class='ocrx_word' id='word_1_260' title='bbox 3568 784 3684 840; x_wconf 71' lang='lat' dir='ltr'><strong>lucc</strong></span> 
     </span>
    </p>
   </div>
   <div class='ocr_carea' id='block_1_39' title="bbox 2079 870 3697 943">
    <p class='ocr_par' dir='ltr' id='par_1_39' title="bbox 2079 870 3697 943">
     <span class='ocr_line' id='line_1_40' title="bbox 2079 870 3697 943; baseline 0.003 -18"><span class='ocrx_word' id='word_1_261' title='bbox 2079 871 2270 941; x_wconf 86' lang='lat' dir='ltr'><strong>quibus</strong></span> <span class='ocrx_word' id='word_1_262' title='bbox 2298 870 2484 927; x_wconf 84' lang='lat' dir='ltr'><strong>ﬁdeles</strong></span> <span class='ocrx_word' id='word_1_263' title='bbox 2526 873 2596 926; x_wconf 91' lang='lat' dir='ltr'><strong>ab</strong></span> <span class='ocrx_word' id='word_1_264' title='bbox 2636 873 2824 928; x_wconf 64' lang='lat' dir='ltr'><strong>ba‘resi</strong></span> <span class='ocrx_word' id='word_1_265' title='bbox 2868 876 3265 941; x_wconf 88' lang='lat' dir='ltr'><strong>concutiuntur,</strong></span> <span class='ocrx_word' id='word_1_266' title='bbox 3311 876 3697 943; x_wconf 72' lang='lat' dir='ltr'><strong>retundantur.</strong></span> 
     </span>
    </p>
   </div>
   <div class='ocr_carea' id='block_1_40' title="bbox 2080 963 3682 1042">
    <p class='ocr_par' dir='ltr' id='par_1_40' title="bbox 2080 963 3682 1042">
     <span class='ocr_line' id='line_1_41' title="bbox 2080 963 3682 1042; baseline 0.003 -23"><span class='ocrx_word' id='word_1_267' title='bbox 2080 963 2196 1019; x_wconf 83' lang='lat' dir='ltr'><strong>Una</strong></span> <span class='ocrx_word' id='word_1_268' title='bbox 2215 963 2324 1034; x_wconf 87' lang='lat' dir='ltr'><strong>jam</strong></span> <span class='ocrx_word' id='word_1_269' title='bbox 2350 966 2769 1037; x_wconf 82' lang='lat' dir='ltr'><strong>eongressionnc</strong></span> <span class='ocrx_word' id='word_1_270' title='bbox 2786 967 2964 1023; x_wconf 87' lang='lat' dir='ltr'><strong>decisa</strong></span> <span class='ocrx_word' id='word_1_271' title='bbox 2983 968 3243 1023; x_wconf 88' lang='lat' dir='ltr'><strong>adversus</strong></span> <span class='ocrx_word' id='word_1_272' title='bbox 3266 968 3682 1042; x_wconf 77' lang='lat' dir='ltr'><strong>Hermogenem,</strong></span> 
     </span>
    </p>
   </div>
   <div class='ocr_carea' id='block_1_41' title="bbox 2080 1055 3682 1131">
    <p class='ocr_par' dir='ltr' id='par_1_41' title="bbox 2080 1055 3682 1131">
     <span class='ocr_line' id='line_1_42' title="bbox 2080 1055 3682 1131; baseline 0.006 -21"><span class='ocrx_word' id='word_1_273' title='bbox 2080 1063 2137 1110; x_wconf 92' lang='lat' dir='ltr'><strong>ut</strong></span> <span class='ocrx_word' id='word_1_274' title='bbox 2165 1055 2371 1126; x_wconf 75' lang='lat' dir='ltr'><strong>przcl&#39;ati</strong></span> <span class='ocrx_word' id='word_1_275' title='bbox 2402 1070 2624 1123; x_wconf 87' lang='lat' dir='ltr'><strong>suums;</strong></span> <span class='ocrx_word' id='word_1_276' title='bbox 2667 1059 2788 1129; x_wconf 88' lang='lat' dir='ltr'><strong>quia</strong></span> <span class='ocrx_word' id='word_1_277' title='bbox 2818 1060 3048 1131; x_wconf 86' lang='lat' dir='ltr'><strong>animam</strong></span> <span class='ocrx_word' id='word_1_278' title='bbox 3080 1076 3143 1115; x_wconf 78' lang='lat' dir='ltr'><strong>ex</strong></span> <span class='ocrx_word' id='word_1_279' title='bbox 3174 1060 3267 1116; x_wconf 87' lang='lat' dir='ltr'><strong>Dei</strong></span> <span class='ocrx_word' id='word_1_280' title='bbox 3296 1061 3444 1129; x_wconf 81' lang='lat' dir='ltr'><strong>llam,</strong></span> <span class='ocrx_word' id='word_1_281' title='bbox 3477 1077 3579 1116; x_wconf 89' lang='lat' dir='ltr'><strong>nou</strong></span> <span class='ocrx_word' id='word_1_282' title='bbox 3618 1078 3682 1119; x_wconf 80' lang='lat' dir='ltr'><strong>ex</strong></span> 
     </span>
    </p>
   </div>
   <div class='ocr_carea' id='block_1_42' title="bbox 2082 1147 3686 1215">
    <p class='ocr_par' dir='ltr' id='par_1_42' title="bbox 2082 1147 3686 1215">
     <span class='ocr_line' id='line_1_43' title="bbox 2082 1147 3686 1215; baseline 0.003 -13"><span class='ocrx_word' id='word_1_283' title='bbox 2082 1148 2302 1202; x_wconf 87' lang='lat' dir='ltr'><strong>materia</strong></span> <span class='ocrx_word' id='word_1_284' title='bbox 2329 1147 2699 1215; x_wconf 77' lang='lat' dir='ltr'><strong>vindicamus;</strong></span> <span class='ocrx_word' id='word_1_285' title='bbox 2733 1151 2919 1205; x_wconf 90' lang='lat' dir='ltr'><strong>muniti</strong></span> <span class='ocrx_word' id='word_1_286' title='bbox 2953 1160 3007 1206; x_wconf 89' lang='lat' dir='ltr'><strong>et</strong></span> <span class='ocrx_word' id='word_1_287' title='bbox 3035 1150 3145 1206; x_wconf 88' lang='lat' dir='ltr'><strong>illic</strong></span> <span class='ocrx_word' id='word_1_288' title='bbox 3185 1151 3378 1207; x_wconf 79' lang='lat' dir='ltr'><strong>divime</strong></span> <span class='ocrx_word' id='word_1_289' title='bbox 3423 1152 3686 1208; x_wconf 70' lang='lat' dir='ltr'><strong>determi-</strong></span> 
     </span>
    </p>
   </div>
   <div class='ocr_carea' id='block_1_43' title="bbox 2083 1236 3687 1315">
    <p class='ocr_par' dir='ltr' id='par_1_43' title="bbox 2083 1236 3687 1315">
     <span class='ocr_line' id='line_1_44' title="bbox 2083 1236 3687 1315; baseline 0.004 -22"><span class='ocrx_word' id='word_1_290' title='bbox 2083 1240 2315 1296; x_wconf 90' lang='lat' dir='ltr'><strong>nationis</strong></span> <span class='ocrx_word' id='word_1_291' title='bbox 2344 1238 2726 1296; x_wconf 89' lang='lat' dir='ltr'><strong>inobscurabili</strong></span> <span class='ocrx_word' id='word_1_292' title='bbox 2769 1242 2951 1313; x_wconf 88' lang='lat' dir='ltr'><strong>regula</strong></span> <span class='ocrx_word' id='word_1_293' title='bbox 2980 1259 2992 1296; x_wconf 90' lang='lat'><strong>:</strong></span> <span class='ocrx_word' id='word_1_294' title='bbox 3028 1241 3093 1297; x_wconf 80' lang='lat' dir='ltr'><strong>Et</strong></span> <span class='ocrx_word' id='word_1_295' title='bbox 3120 1243 3284 1312; x_wconf 79' lang='lat' dir='ltr'><strong>ﬂavit,</strong></span> <span class='ocrx_word' id='word_1_296' title='bbox 3319 1243 3507 1315; x_wconf 87' lang='lat' dir='ltr'><strong>inquit,</strong></span> <span class='ocrx_word' id='word_1_297' title='bbox 3549 1236 3687 1300; x_wconf 65' lang='lat' dir='ltr'><strong>Deus</strong></span> 
     </span>
    </p>
   </div>
   <div class='ocr_carea' id='block_1_44' title="bbox 2080 1334 3689 1408">
    <p class='ocr_par' dir='ltr' id='par_1_44' title="bbox 2080 1334 3689 1408">
     <span class='ocr_line' id='line_1_45' title="bbox 2080 1334 3689 1408; baseline 0.004 -22"><span class='ocrx_word' id='word_1_298' title='bbox 2080 1334 2261 1403; x_wconf 82' lang='lat' dir='ltr'><strong>ﬂatum</strong></span> <span class='ocrx_word' id='word_1_299' title='bbox 2307 1335 2422 1391; x_wconf 72' lang='lat' dir='ltr'><strong>vita!</strong></span> <span class='ocrx_word' id='word_1_300' title='bbox 2449 1335 2501 1389; x_wconf 87' lang='lat' dir='ltr'><strong>in</strong></span> <span class='ocrx_word' id='word_1_301' title='bbox 2539 1336 2720 1407; x_wconf 79' lang='lat' dir='ltr'><strong>faciem</strong></span> <span class='ocrx_word' id='word_1_302' title='bbox 2767 1337 3016 1400; x_wconf 81' lang='lat' dir='ltr'><strong>hominis,</strong></span> <span class='ocrx_word' id='word_1_303' title='bbox 3050 1346 3095 1390; x_wconf 85' lang='lat' dir='ltr'><strong>et</strong></span> <span class='ocrx_word' id='word_1_304' title='bbox 3141 1340 3307 1408; x_wconf 71' lang='lat' dir='ltr'><strong>factus</strong></span> <span class='ocrx_word' id='word_1_305' title='bbox 3343 1347 3416 1392; x_wconf 78' lang='lat' dir='ltr'><strong>cst</strong></span> <span class='ocrx_word' id='word_1_306' title='bbox 3445 1338 3595 1393; x_wconf 81' lang='lat' dir='ltr'><strong>homo</strong></span> <span class='ocrx_word' id='word_1_307' title='bbox 3633 1338 3689 1392; x_wconf 79' lang='lat' dir='ltr'><strong>in</strong></span> 
     </span>
    </p>
   </div>
   <div class='ocr_carea' id='block_1_45' title="bbox 2080 1427 3690 1500">
    <p class='ocr_par' dir='ltr' id='par_1_45' title="bbox 2080 1427 3690 1500">
     <span class='ocr_line' id='line_1_46' title="bbox 2080 1427 3690 1500; baseline 0.004 -21"><span class='ocrx_word' id='word_1_308' title='bbox 2080 1427 2305 1497; x_wconf 73' lang='lat' dir='ltr'><strong>animant</strong></span> <span class='ocrx_word' id='word_1_309' title='bbox 2337 1428 2521 1496; x_wconf 78' lang='lat' dir='ltr'><strong>vivam,</strong></span> <span class='ocrx_word' id='word_1_310' title='bbox 2553 1430 2738 1500; x_wconf 89' lang='lat' dir='ltr'><strong>utique</strong></span> <span class='ocrx_word' id='word_1_311' title='bbox 2767 1444 2831 1483; x_wconf 82' lang='lat' dir='ltr'><strong>ex</strong></span> <span class='ocrx_word' id='word_1_312' title='bbox 2861 1428 2954 1483; x_wconf 84' lang='lat' dir='ltr'><strong>Dei</strong></span> <span class='ocrx_word' id='word_1_313' title='bbox 2986 1430 3113 1484; x_wconf 83' lang='lat' dir='ltr'><strong>ﬂatu</strong></span> <span class='ocrx_word' id='word_1_314' title='bbox 3141 1446 3152 1481; x_wconf 89' lang='lat'><strong>:</strong></span> <span class='ocrx_word' id='word_1_315' title='bbox 3182 1430 3250 1485; x_wconf 92' lang='lat' dir='ltr'><strong>de</strong></span> <span class='ocrx_word' id='word_1_316' title='bbox 3280 1431 3382 1485; x_wconf 90' lang='lat' dir='ltr'><strong>isto</strong></span> <span class='ocrx_word' id='word_1_317' title='bbox 3410 1429 3544 1485; x_wconf 89' lang='lat' dir='ltr'><strong>nihil</strong></span> <span class='ocrx_word' id='word_1_318' title='bbox 3572 1447 3690 1486; x_wconf 86' lang='lat' dir='ltr'><strong>am-</strong></span> 
     </span>
    </p>
   </div>
   <div class='ocr_carea' id='block_1_46' title="bbox 2084 1513 3688 1589">
    <p class='ocr_par' dir='ltr' id='par_1_46' title="bbox 2084 1513 3688 1589">
     <span class='ocr_line' id='line_1_47' title="bbox 2084 1513 3688 1589; baseline 0.007 -21"><span class='ocrx_word' id='word_1_319' title='bbox 2084 1519 2222 1589; x_wconf 85' lang='lat' dir='ltr'><strong>plius</strong></span> <span class='ocrx_word' id='word_1_320' title='bbox 2263 1518 2651 1576; x_wconf 85' lang='lat' dir='ltr'><strong>revolvcudum</strong></span> <span class='ocrx_word' id='word_1_321' title='bbox 2694 1513 2725 1573; x_wconf 80' lang='grc' dir='ltr'><strong>ε’</strong></span> <span class='ocrx_word' id='word_1_322' title='bbox 2753 1519 2916 1576; x_wconf 90' lang='lat' dir='ltr'><strong>Habet</strong></span> <span class='ocrx_word' id='word_1_323' title='bbox 2957 1535 3113 1575; x_wconf 90' lang='lat' dir='ltr'><strong>suum</strong></span> <span class='ocrx_word' id='word_1_324' title='bbox 3148 1521 3380 1587; x_wconf 90' lang='lat' dir='ltr'><strong>titulum,</strong></span> <span class='ocrx_word' id='word_1_325' title='bbox 3430 1532 3483 1577; x_wconf 91' lang='lat' dir='ltr'><strong>et</strong></span> <span class='ocrx_word' id='word_1_326' title='bbox 3530 1539 3688 1580; x_wconf 90' lang='lat' dir='ltr'><strong>suum</strong></span> 
     </span>
    </p>
   </div>
   <div class='ocr_carea' id='block_1_47' title="bbox 2084 1609 3429 1668">
    <p class='ocr_par' dir='ltr' id='par_1_47' title="bbox 2084 1609 3429 1668">
     <span class='ocr_line' id='line_1_48' title="bbox 2084 1609 3429 1668; baseline 0.002 -4"><span class='ocrx_word' id='word_1_327' title='bbox 2084 1609 2417 1667; x_wconf 72' lang='lat' dir='ltr'><strong>bmrcticum.</strong></span> <span class='ocrx_word' id='word_1_328' title='bbox 2447 1611 2669 1668; x_wconf 70' lang='lat' dir='ltr'><strong>Czcteris</strong></span> <span class='ocrx_word' id='word_1_329' title='bbox 2694 1610 2817 1666; x_wconf 90' lang='lat' dir='ltr'><strong>hinc</strong></span> <span class='ocrx_word' id='word_1_330' title='bbox 2846 1611 3124 1667; x_wconf 76' lang='lat' dir='ltr'><strong>exordium</strong></span> <span class='ocrx_word' id='word_1_331' title='bbox 3159 1612 3429 1668; x_wconf 89' lang='lat' dir='ltr'><strong>inducam.</strong></span> 
     </span>
    </p>
   </div>
   <div class='ocr_carea' id='block_1_48' title="bbox 2294 1695 3066 1761">
    <p class='ocr_par' dir='ltr' id='par_1_48' title="bbox 2294 1695 3066 1761">
     <span class='ocr_line' id='line_1_49' title="bbox 2294 1695 3066 1761; baseline 0.001 -4"><span class='ocrx_word' id='word_1_332' title='bbox 2294 1695 2299 1698; x_wconf 65' lang='grc'><em>’</em></span> <span class='ocrx_word' id='word_1_333' title='bbox 2701 1701 2930 1760; x_wconf 77' lang='lat' dir='ltr'><strong>CAPUT</strong></span> <span class='ocrx_word' id='word_1_334' title='bbox 2979 1703 3066 1761; x_wconf 80' lang='lat' dir='ltr'><strong>IV.</strong></span> 
     </span>
    </p>
   </div>
   <div class='ocr_carea' id='block_1_49' title="bbox 2160 1794 3689 1871">
    <p class='ocr_par' dir='ltr' id='par_1_49' title="bbox 2160 1794 3689 1871">
     <span class='ocr_line' id='line_1_50' title="bbox 2160 1794 3689 1871; baseline 0.003 -21"><span class='ocrx_word' id='word_1_335' title='bbox 2160 1796 2285 1851; x_wconf 79' lang='lat' dir='ltr'><strong>Post</strong></span> <span class='ocrx_word' id='word_1_336' title='bbox 2327 1794 2695 1853; x_wconf 83' lang='lat' dir='ltr'><strong>deﬁnitionem</strong></span> <span class='ocrx_word' id='word_1_337' title='bbox 2739 1811 2955 1865; x_wconf 85' lang='lat' dir='ltr'><strong>census,</strong></span> <span class='ocrx_word' id='word_1_338' title='bbox 2990 1797 3341 1866; x_wconf 78' lang='lat' dir='ltr'><strong>quaestionem</strong></span> <span class='ocrx_word' id='word_1_339' title='bbox 3375 1807 3547 1852; x_wconf 87' lang='lat' dir='ltr'><strong>status</strong></span> <span class='ocrx_word' id='word_1_340' title='bbox 3590 1815 3689 1871; x_wconf 84' lang='lat' dir='ltr'><strong>pa-</strong></span> 
     </span>
    </p>
   </div>
   <div class='ocr_carea' id='block_1_50' title="bbox 2084 1886 3689 1958">
    <p class='ocr_par' dir='ltr' id='par_1_50' title="bbox 2084 1886 3689 1958">
     <span class='ocr_line' id='line_1_51' title="bbox 2084 1886 3689 1958; baseline 0.004 -17"><span class='ocrx_word' id='word_1_341' title='bbox 2084 1886 2229 1942; x_wconf 84' lang='lat' dir='ltr'><strong>titur.</strong></span> <span class='ocrx_word' id='word_1_342' title='bbox 2273 1888 2621 1958; x_wconf 77' lang='lat' dir='ltr'><strong>Consequens</strong></span> <span class='ocrx_word' id='word_1_343' title='bbox 2646 1888 2787 1943; x_wconf 90' lang='lat' dir='ltr'><strong>euim</strong></span> <span class='ocrx_word' id='word_1_344' title='bbox 2817 1897 2931 1955; x_wconf 89' lang='lat' dir='ltr'><strong>est,</strong></span> <span class='ocrx_word' id='word_1_345' title='bbox 2976 1897 3032 1943; x_wconf 95' lang='lat' dir='ltr'><strong>ut</strong></span> <span class='ocrx_word' id='word_1_346' title='bbox 3061 1903 3122 1943; x_wconf 80' lang='lat' dir='ltr'><strong>ex</strong></span> <span class='ocrx_word' id='word_1_347' title='bbox 3157 1887 3246 1943; x_wconf 90' lang='lat' dir='ltr'><strong>Dei</strong></span> <span class='ocrx_word' id='word_1_348' title='bbox 3296 1890 3421 1943; x_wconf 87' lang='lat' dir='ltr'><strong>llatu</strong></span> <span class='ocrx_word' id='word_1_349' title='bbox 3451 1892 3689 1947; x_wconf 88' lang='lat' dir='ltr'><strong>animam</strong></span> 
     </span>
    </p>
   </div>
   <div class='ocr_carea' id='block_1_51' title="bbox 2082 1977 3689 2051">
    <p class='ocr_par' dir='ltr' id='par_1_51' title="bbox 2082 1977 3689 2051">
     <span class='ocr_line' id='line_1_52' title="bbox 2082 1977 3689 2051; baseline 0.005 -21"><span class='ocrx_word' id='word_1_350' title='bbox 2082 1978 2328 2049; x_wconf 80' lang='lat' dir='ltr'><strong>professi,</strong></span> <span class='ocrx_word' id='word_1_351' title='bbox 2362 1977 2572 2033; x_wconf 90' lang='lat' dir='ltr'><strong>initium</strong></span> <span class='ocrx_word' id='word_1_352' title='bbox 2601 1979 2651 2035; x_wconf 91' lang='lat' dir='ltr'><strong>ei</strong></span> <span class='ocrx_word' id='word_1_353' title='bbox 2677 1978 2995 2049; x_wconf 89' lang='lat' dir='ltr'><strong>deputemus</strong></span> <span class='ocrx_word' id='word_1_354' title='bbox 3022 1979 3121 2051; x_wconf 72' lang='grc'><strong>(4).</strong></span> <span class='ocrx_word' id='word_1_355' title='bbox 3167 1980 3246 2050; x_wconf 76' lang='lat' dir='ltr'><strong>(tt)</strong></span> <span class='ocrx_word' id='word_1_356' title='bbox 3280 1978 3391 2034; x_wconf 89' lang='lat' dir='ltr'><strong>lloe</strong></span> <span class='ocrx_word' id='word_1_357' title='bbox 3417 1981 3565 2036; x_wconf 84' lang='lat' dir='ltr'><strong>Plato</strong></span> <span class='ocrx_word' id='word_1_358' title='bbox 3592 1997 3689 2038; x_wconf 80' lang='lat' dir='ltr'><strong>ex-</strong></span> 
     </span>
    </p>
   </div>
   <div class='ocr_carea' id='block_1_52' title="bbox 2080 2069 3676 2137">
    <p class='ocr_par' dir='ltr' id='par_1_52' title="bbox 2080 2069 3676 2137">
     <span class='ocr_line' id='line_1_53' title="bbox 2080 2069 3676 2137; baseline 0.003 -12"><span class='ocrx_word' id='word_1_359' title='bbox 2080 2069 2267 2136; x_wconf 90' lang='lat' dir='ltr'><strong>cludit,</strong></span> <span class='ocrx_word' id='word_1_360' title='bbox 2310 2071 2619 2125; x_wconf 64' lang='lat' dir='ltr'><strong>innatam&#39;ct</strong></span> <span class='ocrx_word' id='word_1_361' title='bbox 2646 2070 2894 2126; x_wconf 81' lang='lat' dir='ltr'><strong>inlectam</strong></span> <span class='ocrx_word' id='word_1_362' title='bbox 2918 2073 3150 2125; x_wconf 88' lang='lat' dir='ltr'><strong>animam</strong></span> <span class='ocrx_word' id='word_1_363' title='bbox 3180 2072 3394 2137; x_wconf 86' lang='lat' dir='ltr'><strong>volens;</strong></span> <span class='ocrx_word' id='word_1_364' title='bbox 3420 2081 3469 2127; x_wconf 89' lang='lat' dir='ltr'><strong>et</strong></span> <span class='ocrx_word' id='word_1_365' title='bbox 3497 2084 3676 2129; x_wconf 89' lang='lat' dir='ltr'><strong>natam</strong></span> 
     </span>
    </p>
   </div>
   <div class='ocr_carea' id='block_1_53' title="bbox 2079 2163 3687 2230">
    <p class='ocr_par' dir='ltr' id='par_1_53' title="bbox 2079 2163 3687 2230">
     <span class='ocr_line' id='line_1_54' title="bbox 2079 2163 3687 2230; baseline 0.004 -13"><span class='ocrx_word' id='word_1_366' title='bbox 2079 2171 2255 2218; x_wconf 88' lang='lat' dir='ltr'><strong>autem</strong></span> <span class='ocrx_word' id='word_1_367' title='bbox 2285 2163 2564 2230; x_wconf 83' lang='lat' dir='ltr'><strong>docemus,</strong></span> <span class='ocrx_word' id='word_1_368' title='bbox 2589 2173 2641 2218; x_wconf 88' lang='lat' dir='ltr'><strong>et</strong></span> <span class='ocrx_word' id='word_1_369' title='bbox 2667 2163 2881 2230; x_wconf 82' lang='lat' dir='ltr'><strong>factam,</strong></span> <span class='ocrx_word' id='word_1_370' title='bbox 2906 2177 2971 2219; x_wconf 76' lang='lat' dir='ltr'><strong>ex</strong></span> <span class='ocrx_word' id='word_1_371' title='bbox 2997 2165 3128 2218; x_wconf 88' lang='lat' dir='ltr'><strong>iuitii</strong></span> <span class='ocrx_word' id='word_1_372' title='bbox 3148 2165 3553 2221; x_wconf 71' lang='lat' dir='ltr'><strong>consdtutione.</strong></span> <span class='ocrx_word' id='word_1_373' title='bbox 3573 2165 3687 2222; x_wconf 83' lang='lat' dir='ltr'><strong>Nec</strong></span> 
     </span>
    </p>
   </div>
   <div class='ocr_carea' id='block_1_54' title="bbox 2079 2243 3681 2332">
    <p class='ocr_par' dir='ltr' id='par_1_54' title="bbox 2079 2243 3681 2332">
     <span class='ocr_line' id='line_1_55' title="bbox 2079 2243 3681 2332; baseline 0.003 -23"><span class='ocrx_word' id='word_1_374' title='bbox 2079 2243 2256 2309; x_wconf 74' lang='lat' dir='ltr'><strong>statim</strong></span> <span class='ocrx_word' id='word_1_375' title='bbox 2302 2255 2619 2319; x_wconf 86' lang='lat' dir='ltr'><strong>erravimus,</strong></span> <span class='ocrx_word' id='word_1_376' title='bbox 2664 2266 2949 2326; x_wconf 87' lang='lat' dir='ltr'><strong>utrumque</strong></span> <span class='ocrx_word' id='word_1_377' title='bbox 2981 2253 3254 2320; x_wconf 85' lang='lat' dir='ltr'><strong>dicentes;</strong></span> <span class='ocrx_word' id='word_1_378' title='bbox 3300 2258 3422 2327; x_wconf 89' lang='lat' dir='ltr'><strong>quia</strong></span> <span class='ocrx_word' id='word_1_379' title='bbox 3465 2260 3681 2332; x_wconf 79' lang='lat' dir='ltr'><strong>scilicet.</strong></span> 
     </span>
    </p>
   </div>
   <div class='ocr_carea' id='block_1_55' title="bbox 2077 2345 3685 2417">
    <p class='ocr_par' dir='ltr' id='par_1_55' title="bbox 2077 2345 3685 2417">
     <span class='ocr_line' id='line_1_56' title="bbox 2077 2345 3685 2417; baseline 0.005 -17"><span class='ocrx_word' id='word_1_380' title='bbox 2077 2345 2219 2401; x_wconf 87' lang='lat' dir='ltr'><strong>aliud</strong></span> <span class='ocrx_word' id='word_1_381' title='bbox 2243 2347 2311 2401; x_wconf 88' lang='lat' dir='ltr'><strong>sit</strong></span> <span class='ocrx_word' id='word_1_382' title='bbox 2340 2357 2542 2412; x_wconf 86' lang='lat' dir='ltr'><strong>natum,</strong></span> <span class='ocrx_word' id='word_1_383' title='bbox 2568 2346 2709 2400; x_wconf 89' lang='lat' dir='ltr'><strong>aliud</strong></span> <span class='ocrx_word' id='word_1_384' title='bbox 2738 2345 2956 2413; x_wconf 79' lang='lat' dir='ltr'><strong>factum;</strong></span> <span class='ocrx_word' id='word_1_385' title='bbox 2995 2358 3176 2417; x_wconf 79' lang='lat' dir='ltr'><strong>utpote</strong></span> <span class='ocrx_word' id='word_1_386' title='bbox 3206 2348 3331 2403; x_wconf 79' lang='lat' dir='ltr'><strong>ilbid</strong></span> <span class='ocrx_word' id='word_1_387' title='bbox 3362 2348 3685 2409; x_wconf 87' lang='lat' dir='ltr'><strong>animalibus</strong></span> 
     </span>
    </p>
   </div>
   <div class='ocr_carea' id='block_1_56' title="bbox 2078 2438 3686 2510">
    <p class='ocr_par' dir='ltr' id='par_1_56' title="bbox 2078 2438 3686 2510">
     <span class='ocr_line' id='line_1_57' title="bbox 2078 2438 3686 2510; baseline 0.004 -15"><span class='ocrx_word' id='word_1_388' title='bbox 2078 2438 2410 2510; x_wconf 78' lang='lat' dir='ltr'><strong>eonipetens.</strong></span> <span class='ocrx_word' id='word_1_389' title='bbox 2448 2438 2773 2496; x_wconf 74' lang='lat' dir='ltr'><strong>lbll‘ercutia:</strong></span> <span class='ocrx_word' id='word_1_390' title='bbox 2812 2449 3011 2505; x_wconf 86' lang='lat' dir='ltr'><strong>autem,</strong></span> <span class='ocrx_word' id='word_1_391' title='bbox 3054 2455 3149 2495; x_wconf 89' lang='lat' dir='ltr'><strong>sua</strong></span> <span class='ocrx_word' id='word_1_392' title='bbox 3193 2442 3441 2497; x_wconf 86' lang='lat' dir='ltr'><strong>habendo</strong></span> <span class='ocrx_word' id='word_1_393' title='bbox 3474 2443 3586 2498; x_wconf 87' lang='lat' dir='ltr'><strong>loca</strong></span> <span class='ocrx_word' id='word_1_394' title='bbox 3625 2453 3686 2501; x_wconf 82' lang='lat' dir='ltr'><strong>et</strong></span> 
     </span>
    </p>
   </div>
   <div class='ocr_carea' id='block_1_57' title="bbox 2080 2525 3681 2608">
    <p class='ocr_par' dir='ltr' id='par_1_57' title="bbox 2080 2525 3681 2608">
     <span class='ocr_line' id='line_1_58' title="bbox 2080 2525 3681 2608; baseline 0.002 -19"><span class='ocrx_word' id='word_1_395' title='bbox 2080 2546 2359 2608; x_wconf 87' lang='lat' dir='ltr'><strong>tempora,</strong></span> <span class='ocrx_word' id='word_1_396' title='bbox 2431 2534 2627 2589; x_wconf 90' lang='lat' dir='ltr'><strong>habent</strong></span> <span class='ocrx_word' id='word_1_397' title='bbox 2677 2525 2968 2605; x_wconf 76' lang='lat' dir='ltr'><strong>aliquando</strong></span> <span class='ocrx_word' id='word_1_398' title='bbox 3022 2542 3077 2588; x_wconf 91' lang='lat' dir='ltr'><strong>et</strong></span> <span class='ocrx_word' id='word_1_399' title='bbox 3143 2533 3465 2601; x_wconf 77' lang='lat' dir='ltr'><strong>passivitatis</strong></span> <span class='ocrx_word' id='word_1_400' title='bbox 3526 2551 3681 2592; x_wconf 85' lang='lat' dir='ltr'><strong>cont-</strong></span> 
     </span>
    </p>
   </div>
   <div class='ocr_carea' id='block_1_58' title="bbox 2079 2625 3799 2699">
    <p class='ocr_par' dir='ltr' id='par_1_58' title="bbox 2079 2625 3799 2699">
     <span class='ocr_line' id='line_1_59' title="bbox 2079 2625 3799 2699; baseline 0.001 -18"><span class='ocrx_word' id='word_1_401' title='bbox 2079 2628 2294 2682; x_wconf 85' lang='lat' dir='ltr'><strong>mereia.</strong></span> <span class='ocrx_word' id='word_1_402' title='bbox 2348 2625 2417 2699; x_wconf 75' lang='grc' dir='ltr'><strong>(ι’)</strong></span> <span class='ocrx_word' id='word_1_403' title='bbox 2451 2626 2605 2696; x_wconf 85' lang='lat' dir='ltr'><strong>Capit</strong></span> <span class='ocrx_word' id='word_1_404' title='bbox 2646 2625 2822 2697; x_wconf 80' lang='lat' dir='ltr'><strong>itaque</strong></span> <span class='ocrx_word' id='word_1_405' title='bbox 2853 2637 2907 2682; x_wconf 89' lang='lat' dir='ltr'><strong>et</strong></span> <span class='ocrx_word' id='word_1_406' title='bbox 2955 2626 3214 2681; x_wconf 78' lang='lat' dir='ltr'><strong>facturam</strong></span> <span class='ocrx_word' id='word_1_407' title='bbox 3258 2627 3361 2683; x_wconf 88' lang='lat' dir='ltr'><strong>dici</strong></span> <span class='ocrx_word' id='word_1_408' title='bbox 3406 2628 3679 2699; x_wconf 87' lang='lat' dir='ltr'><strong>generari,</strong></span> <span class='ocrx_word' id='word_1_409' title='bbox 3748 2669 3799 2683; x_wconf 90' lang='lat'><strong>..</strong></span> 
     </span>
    </p>
   </div>
   <div class='ocr_carea' id='block_1_59' title="bbox 2078 2716 3682 2792">
    <p class='ocr_par' dir='ltr' id='par_1_59' title="bbox 2078 2716 3682 2792">
     <span class='ocr_line' id='line_1_60' title="bbox 2078 2716 3682 2792; baseline 0.003 -22"><span class='ocrx_word' id='word_1_410' title='bbox 2078 2732 2174 2787; x_wconf 88' lang='lat' dir='ltr'><strong>pro</strong></span> <span class='ocrx_word' id='word_1_411' title='bbox 2244 2717 2294 2771; x_wconf 91' lang='lat' dir='ltr'><strong>in</strong></span> <span class='ocrx_word' id='word_1_412' title='bbox 2345 2733 2465 2772; x_wconf 85' lang='lat' dir='ltr'><strong>esse</strong></span> <span class='ocrx_word' id='word_1_413' title='bbox 2512 2717 2673 2787; x_wconf 89' lang='lat' dir='ltr'><strong>poni,</strong></span> <span class='ocrx_word' id='word_1_414' title='bbox 2749 2716 3010 2788; x_wconf 89' lang='lat' dir='ltr'><strong>siquidem</strong></span> <span class='ocrx_word' id='word_1_415' title='bbox 3062 2732 3223 2773; x_wconf 90' lang='lat' dir='ltr'><strong>omne</strong></span> <span class='ocrx_word' id='word_1_416' title='bbox 3267 2720 3408 2789; x_wconf 89' lang='lat' dir='ltr'><strong>quod</strong></span> <span class='ocrx_word' id='word_1_417' title='bbox 3461 2736 3682 2792; x_wconf 83' lang='lat' dir='ltr'><strong>quoquo</strong></span> 
     </span>
    </p>
   </div>
   <div class='ocr_carea' id='block_1_60' title="bbox 2078 2810 3681 2884">
    <p class='ocr_par' dir='ltr' id='par_1_60' title="bbox 2078 2810 3681 2884">
     <span class='ocr_line' id='line_1_61' title="bbox 2078 2810 3681 2884; baseline 0.004 -19"><span class='ocrx_word' id='word_1_418' title='bbox 2078 2811 2237 2865; x_wconf 89' lang='lat' dir='ltr'><strong>modo</strong></span> <span class='ocrx_word' id='word_1_419' title='bbox 2279 2811 2471 2881; x_wconf 88' lang='lat' dir='ltr'><strong>accipit</strong></span> <span class='ocrx_word' id='word_1_420' title='bbox 2518 2826 2669 2877; x_wconf 90' lang='lat' dir='ltr'><strong>esse,</strong></span> <span class='ocrx_word' id='word_1_421' title='bbox 2714 2822 3025 2881; x_wconf 79' lang='lat' dir='ltr'><strong>generatur.</strong></span> <span class='ocrx_word' id='word_1_422' title='bbox 3073 2810 3205 2866; x_wconf 79' lang='lat' dir='ltr'><strong>Nam</strong></span> <span class='ocrx_word' id='word_1_423' title='bbox 3248 2822 3300 2867; x_wconf 91' lang='lat' dir='ltr'><strong>et</strong></span> <span class='ocrx_word' id='word_1_424' title='bbox 3349 2811 3516 2869; x_wconf 82' lang='lat' dir='ltr'><strong>factor</strong></span> <span class='ocrx_word' id='word_1_425' title='bbox 3565 2815 3681 2884; x_wconf 88' lang='lat' dir='ltr'><strong>ipse</strong></span> 
     </span>
    </p>
   </div>
   <div class='ocr_carea' id='block_1_61' title="bbox 2080 2902 3681 2979">
    <p class='ocr_par' dir='ltr' id='par_1_61' title="bbox 2080 2902 3681 2979">
     <span class='ocr_line' id='line_1_62' title="bbox 2080 2902 3681 2979; baseline 0.004 -22"><span class='ocrx_word' id='word_1_426' title='bbox 2080 2918 2272 2974; x_wconf 89' lang='lat' dir='ltr'><strong>parens</strong></span> <span class='ocrx_word' id='word_1_427' title='bbox 2316 2902 2439 2965; x_wconf 81' lang='lat' dir='ltr'><strong>faeti</strong></span> <span class='ocrx_word' id='word_1_428' title='bbox 2484 2912 2659 2975; x_wconf 88' lang='lat' dir='ltr'><strong>potest</strong></span> <span class='ocrx_word' id='word_1_429' title='bbox 2690 2904 2827 2972; x_wconf 88' lang='lat' dir='ltr'><strong>dici;</strong></span> <span class='ocrx_word' id='word_1_430' title='bbox 2872 2904 2952 2959; x_wconf 89' lang='lat' dir='ltr'><strong>sic</strong></span> <span class='ocrx_word' id='word_1_431' title='bbox 2988 2914 3043 2960; x_wconf 85' lang='lat' dir='ltr'><strong>et</strong></span> <span class='ocrx_word' id='word_1_432' title='bbox 3087 2905 3237 2960; x_wconf 83' lang='lat' dir='ltr'><strong>Plato</strong></span> <span class='ocrx_word' id='word_1_433' title='bbox 3282 2905 3467 2962; x_wconf 86' lang='lat' dir='ltr'><strong>utitur.</strong></span> <span class='ocrx_word' id='word_1_434' title='bbox 3512 2907 3681 2979; x_wconf 82' lang='lat' dir='ltr'><strong>Igitur</strong></span> 
     </span>
    </p>
   </div>
   <div class='ocr_carea' id='block_1_62' title="bbox 2076 2991 3681 3070">
    <p class='ocr_par' dir='ltr' id='par_1_62' title="bbox 2076 2991 3681 3070">
     <span class='ocr_line' id='line_1_63' title="bbox 2076 2991 3681 3070; baseline 0.005 -20"><span class='ocrx_word' id='word_1_435' title='bbox 2076 3003 2331 3066; x_wconf 84' lang='lat' dir='ltr'><strong>quantum</strong></span> <span class='ocrx_word' id='word_1_436' title='bbox 2361 2996 2426 3051; x_wconf 91' lang='lat' dir='ltr'><strong>ad</strong></span> <span class='ocrx_word' id='word_1_437' title='bbox 2454 2996 2611 3052; x_wconf 81' lang='lat' dir='ltr'><strong>[idem</strong></span> <span class='ocrx_word' id='word_1_438' title='bbox 2643 3010 2879 3052; x_wconf 81' lang='lat' dir='ltr'><strong>neStratn</strong></span> <span class='ocrx_word' id='word_1_439' title='bbox 2921 2995 3082 3053; x_wconf 74' lang='lat' dir='ltr'><strong>factm</strong></span> <span class='ocrx_word' id='word_1_440' title='bbox 3112 2991 3314 3055; x_wconf 64' lang='lat' dir='ltr'><strong>natm-ve</strong></span> <span class='ocrx_word' id='word_1_441' title='bbox 3341 3002 3554 3070; x_wconf 62' lang='lat' dir='ltr'><strong>animae,</strong></span> <span class='ocrx_word' id='word_1_442' title='bbox 3582 3002 3681 3058; x_wconf 69' lang='lat' dir='ltr'><strong>deo</strong></span> 
     </span>
    </p>
   </div>
   <div class='ocr_carea' id='block_1_63' title="bbox 2077 3089 3678 3166">
    <p class='ocr_par' dir='ltr' id='par_1_63' title="bbox 2077 3089 3678 3166">
     <span class='ocr_line' id='line_1_64' title="bbox 2077 3089 3678 3166; baseline 0.007 -25"><span class='ocrx_word' id='word_1_443' title='bbox 2077 3089 2225 3159; x_wconf 88' lang='lat' dir='ltr'><strong>pulsa</strong></span> <span class='ocrx_word' id='word_1_444' title='bbox 2277 3097 2358 3144; x_wconf 90' lang='lat' dir='ltr'><strong>est</strong></span> <span class='ocrx_word' id='word_1_445' title='bbox 2404 3089 2706 3162; x_wconf 75' lang='lat' dir='ltr'><strong>pbiIoSophi</strong></span> <span class='ocrx_word' id='word_1_446' title='bbox 2771 3089 2955 3163; x_wconf 88' lang='lat' dir='ltr'><strong>opinio</strong></span> <span class='ocrx_word' id='word_1_447' title='bbox 3009 3092 3334 3148; x_wconf 85' lang='lat' dir='ltr'><strong>auctoritate</strong></span> <span class='ocrx_word' id='word_1_448' title='bbox 3382 3095 3678 3166; x_wconf 66' lang='lat' dir='ltr'><strong>prophetiae</strong></span> 
     </span>
    </p>
   </div>
   <div class='ocr_carea' id='block_1_64' title="bbox 366 3182 2308 3258">
    <p class='ocr_par' dir='ltr' id='par_1_64' title="bbox 366 3182 2308 3258">
     <span class='ocr_line' id='line_1_65' title="bbox 366 3182 2308 3258; baseline 0.004 -23"><span class='ocrx_word' id='word_1_449' title='bbox 366 3183 517 3256; x_wconf 79' lang='lat' dir='ltr'><strong>furor</strong></span> <span class='ocrx_word' id='word_1_450' title='bbox 570 3191 974 3252; x_wconf 87' lang='lat' dir='ltr'><strong>persuaserunt.</strong></span> <span class='ocrx_word' id='word_1_451' title='bbox 1031 3182 1305 3255; x_wconf 88' lang='lat' dir='ltr'><strong>Deliquit,</strong></span> <span class='ocrx_word' id='word_1_452' title='bbox 1373 3184 1584 3257; x_wconf 82' lang='lat' dir='ltr'><strong>Opinor,</strong></span> <span class='ocrx_word' id='word_1_453' title='bbox 1641 3186 1817 3241; x_wconf 88' lang='lat' dir='ltr'><strong>divina</strong></span> <span class='ocrx_word' id='word_1_454' title='bbox 1874 3186 2044 3258; x_wconf 53' lang='grc' dir='ltr'><strong>ἅμα</strong></span> <span class='ocrx_word' id='word_1_455' title='bbox 2077 3197 2308 3253; x_wconf 84' lang='lat' dir='ltr'><strong>quoque.</strong></span> 
     </span>
    </p>
   </div>
   <div class='ocr_carea' id='block_1_65' title="bbox 363 3273 1967 3349">
    <p class='ocr_par' dir='ltr' id='par_1_65' title="bbox 363 3273 1967 3349">
     <span class='ocr_line' id='line_1_66' title="bbox 363 3273 1967 3349; baseline 0.007 -21"><span class='ocrx_word' id='word_1_456' title='bbox 363 3273 576 3340; x_wconf 87' lang='lat' dir='ltr'><strong>etrina,</strong></span> <span class='ocrx_word' id='word_1_457' title='bbox 625 3289 694 3328; x_wconf 85' lang='lat' dir='ltr'><strong>ex</strong></span> <span class='ocrx_word' id='word_1_458' title='bbox 741 3273 924 3331; x_wconf 71' lang='lat' dir='ltr'><strong>Iudaea</strong></span> <span class='ocrx_word' id='word_1_459' title='bbox 976 3276 1155 3346; x_wconf 87' lang='lat' dir='ltr'><strong>potius</strong></span> <span class='ocrx_word' id='word_1_460' title='bbox 1199 3292 1357 3349; x_wconf 90' lang='lat' dir='ltr'><strong>quam</strong></span> <span class='ocrx_word' id='word_1_461' title='bbox 1398 3293 1466 3334; x_wconf 82' lang='lat' dir='ltr'><strong>ex</strong></span> <span class='ocrx_word' id='word_1_462' title='bbox 1506 3278 1712 3335; x_wconf 60' lang='lat' dir='ltr'><strong>Graecia</strong></span> <span class='ocrx_word' id='word_1_463' title='bbox 1767 3280 1967 3339; x_wconf 89' lang='lat' dir='ltr'><strong>oriens.</strong></span> 
     </span>
    </p>
   </div>
   <div class='ocr_carea' id='block_1_66' title="bbox 366 3364 1971 3446">
    <p class='ocr_par' dir='ltr' id='par_1_66' title="bbox 366 3364 1971 3446">
     <span class='ocr_line' id='line_1_67' title="bbox 366 3364 1971 3446; baseline 0.006 -26"><span class='ocrx_word' id='word_1_464' title='bbox 366 3365 579 3420; x_wconf 83' lang='lat' dir='ltr'><strong>Erravit</strong></span> <span class='ocrx_word' id='word_1_465' title='bbox 607 3376 661 3421; x_wconf 89' lang='lat' dir='ltr'><strong>et</strong></span> <span class='ocrx_word' id='word_1_466' title='bbox 700 3364 983 3435; x_wconf 86' lang='lat' dir='ltr'><strong>Christus,</strong></span> <span class='ocrx_word' id='word_1_467' title='bbox 1027 3368 1321 3439; x_wconf 84' lang='lat' dir='ltr'><strong>piscatores</strong></span> <span class='ocrx_word' id='word_1_468' title='bbox 1365 3371 1527 3427; x_wconf 91' lang='lat' dir='ltr'><strong>citius</strong></span> <span class='ocrx_word' id='word_1_469' title='bbox 1575 3388 1735 3444; x_wconf 89' lang='lat' dir='ltr'><strong>quam</strong></span> <span class='ocrx_word' id='word_1_470' title='bbox 1787 3375 1971 3446; x_wconf 87' lang='lat' dir='ltr'><strong>sophi-</strong></span> 
     </span>
    </p>
   </div>
   <div class='ocr_carea' id='block_1_67' title="bbox 362 3455 1970 3534">
    <p class='ocr_par' dir='ltr' id='par_1_67' title="bbox 362 3455 1970 3534">
     <span class='ocr_line' id='line_1_68' title="bbox 362 3455 1970 3534; baseline 0.007 -23"><span class='ocrx_word' id='word_1_471' title='bbox 362 3466 475 3511; x_wconf 85' lang='lat' dir='ltr'><strong>stas</strong></span> <span class='ocrx_word' id='word_1_472' title='bbox 520 3455 585 3512; x_wconf 86' lang='lat' dir='ltr'><strong>ad</strong></span> <span class='ocrx_word' id='word_1_473' title='bbox 633 3458 959 3528; x_wconf 70' lang='lat' dir='ltr'><strong>prazeonium</strong></span> <span class='ocrx_word' id='word_1_474' title='bbox 987 3459 1259 3517; x_wconf 91' lang='lat' dir='ltr'><strong>emittens.</strong></span> <span class='ocrx_word' id='word_1_475' title='bbox 1306 3460 1362 3517; x_wconf 86' lang='lat' dir='ltr'><strong>Si</strong></span> <span class='ocrx_word' id='word_1_476' title='bbox 1411 3477 1516 3534; x_wconf 85' lang='lat' dir='ltr'><strong>qua</strong></span> <span class='ocrx_word' id='word_1_477' title='bbox 1557 3463 1717 3534; x_wconf 85' lang='lat' dir='ltr'><strong>igitur</strong></span> <span class='ocrx_word' id='word_1_478' title='bbox 1743 3464 1795 3519; x_wconf 92' lang='lat' dir='ltr'><strong>in</strong></span> <span class='ocrx_word' id='word_1_479' title='bbox 1827 3464 1970 3523; x_wconf 87' lang='lat' dir='ltr'><strong>hunc</strong></span> 
     </span>
    </p>
   </div>
   <div class='ocr_carea' id='block_1_68' title="bbox 366 3549 1967 3629">
    <p class='ocr_par' dir='ltr' id='par_1_68' title="bbox 366 3549 1967 3629">
     <span class='ocr_line' id='line_1_69' title="bbox 366 3549 1967 3629; baseline 0.004 -23"><span class='ocrx_word' id='word_1_480' title='bbox 366 3550 584 3607; x_wconf 90' lang='lat' dir='ltr'><strong>modum</strong></span> <span class='ocrx_word' id='word_1_481' title='bbox 616 3549 683 3607; x_wconf 90' lang='lat' dir='ltr'><strong>de</strong></span> <span class='ocrx_word' id='word_1_482' title='bbox 714 3550 993 3609; x_wconf 88' lang='lat' dir='ltr'><strong>nidoribus</strong></span> <span class='ocrx_word' id='word_1_483' title='bbox 1035 3552 1388 3626; x_wconf 67' lang='lat' dir='ltr'><strong>philosophia:</strong></span> <span class='ocrx_word' id='word_1_484' title='bbox 1419 3554 1706 3612; x_wconf 88' lang='lat' dir='ltr'><strong>candidum</strong></span> <span class='ocrx_word' id='word_1_485' title='bbox 1759 3568 1813 3612; x_wconf 90' lang='lat' dir='ltr'><strong>et</strong></span> <span class='ocrx_word' id='word_1_486' title='bbox 1866 3575 1967 3629; x_wconf 86' lang='lat' dir='ltr'><strong>pu-</strong></span> 
     </span>
    </p>
   </div>
   <div class='ocr_carea' id='block_1_69' title="bbox 2702 3323 3039 3381">
    <p class='ocr_par' dir='ltr' id='par_1_69' title="bbox 2702 3323 3039 3381">
     <span class='ocr_line' id='line_1_70' title="bbox 2702 3323 3039 3381; baseline 0 -1"><span class='ocrx_word' id='word_1_487' title='bbox 2702 3323 2926 3381; x_wconf 84' lang='lat' dir='ltr'><strong>CAPUT</strong></span> <span class='ocrx_word' id='word_1_488' title='bbox 2978 3324 3039 3381; x_wconf 85' lang='lat' dir='ltr'><strong>V.</strong></span> 
     </span>
    </p>
   </div>
   <div class='ocr_carea' id='block_1_70' title="bbox 2147 3462 3675 3537">
    <p class='ocr_par' dir='ltr' id='par_1_70' title="bbox 2147 3462 3675 3537">
     <span class='ocr_line' id='line_1_71' title="bbox 2147 3462 3675 3537; baseline 0.002 -15"><span class='ocrx_word' id='word_1_489' title='bbox 2147 3464 2446 3522; x_wconf 84' lang='lat' dir='ltr'><strong>Accerserit</strong></span> <span class='ocrx_word' id='word_1_490' title='bbox 2477 3462 2549 3537; x_wconf 77' lang='grc' dir='ltr'><strong>(Ῑ)</strong></span> <span class='ocrx_word' id='word_1_491' title='bbox 2580 3462 2847 3520; x_wconf 87' lang='lat' dir='ltr'><strong>Eulmlum</strong></span> <span class='ocrx_word' id='word_1_492' title='bbox 2891 3464 3125 3535; x_wconf 87' lang='lat' dir='ltr'><strong>aliquem</strong></span> <span class='ocrx_word' id='word_1_493' title='bbox 3155 3473 3210 3520; x_wconf 91' lang='lat' dir='ltr'><strong>et</strong></span> <span class='ocrx_word' id='word_1_494' title='bbox 3256 3464 3332 3537; x_wconf 85' lang='lat' dir='ltr'><strong>(g)</strong></span> <span class='ocrx_word' id='word_1_495' title='bbox 3377 3465 3675 3525; x_wconf 84' lang='lat' dir='ltr'><strong>Critolaum</strong></span> 
     </span>
    </p>
   </div>
   <div class='ocr_carea' id='block_1_71' title="bbox 2073 3556 3676 3633">
    <p class='ocr_par' dir='ltr' id='par_1_71' title="bbox 2073 3556 3676 3633">
     <span class='ocr_line' id='line_1_72' title="bbox 2073 3556 3676 3633; baseline -0.001 -16"><span class='ocrx_word' id='word_1_496' title='bbox 2073 3569 2125 3617; x_wconf 94' lang='lat' dir='ltr'><strong>et</strong></span> <span class='ocrx_word' id='word_1_497' title='bbox 2146 3558 2225 3633; x_wconf 75' lang='lat' dir='ltr'><strong>(It)</strong></span> <span class='ocrx_word' id='word_1_498' title='bbox 2247 3558 2628 3625; x_wconf 82' lang='lat' dir='ltr'><strong>Xenocratem,</strong></span> <span class='ocrx_word' id='word_1_499' title='bbox 2644 3566 2698 3612; x_wconf 92' lang='lat' dir='ltr'><strong>et</strong></span> <span class='ocrx_word' id='word_1_500' title='bbox 2718 3556 2820 3613; x_wconf 88' lang='lat' dir='ltr'><strong>isto</strong></span> <span class='ocrx_word' id='word_1_501' title='bbox 2838 3557 2889 3613; x_wconf 90' lang='lat' dir='ltr'><strong>in</strong></span> <span class='ocrx_word' id='word_1_502' title='bbox 2910 3556 3028 3614; x_wconf 89' lang='lat' dir='ltr'><strong>loco</strong></span> <span class='ocrx_word' id='word_1_503' title='bbox 3047 3557 3277 3613; x_wconf 89' lang='lat' dir='ltr'><strong>amicum</strong></span> <span class='ocrx_word' id='word_1_504' title='bbox 3300 3557 3536 3615; x_wconf 80' lang='lat' dir='ltr'><strong>Platonis</strong></span> <span class='ocrx_word' id='word_1_505' title='bbox 3553 3560 3676 3616; x_wconf 85' lang='lat' dir='ltr'><strong>Ari-</strong></span> 
     </span>
    </p>
   </div>
   <div class='ocr_carea' id='block_1_72' title="bbox 1592 3666 2429 3751">
    <p class='ocr_par' dir='ltr' id='par_1_72' title="bbox 1592 3666 2429 3751">
     <span class='ocr_line' id='line_1_73' title="bbox 1592 3666 2429 3751; baseline 0.001 -28"><span class='ocrx_word' id='word_1_506' title='bbox 1592 3666 1889 3724; x_wconf 86' lang='lat' dir='ltr'><strong>LECTION</strong></span> <span class='ocrx_word' id='word_1_507' title='bbox 1897 3669 1979 3729; x_wconf 87' lang='lat' dir='ltr'><strong>ES</strong></span> <span class='ocrx_word' id='word_1_508' title='bbox 2019 3670 2429 3751; x_wconf 77' lang='lat' dir='ltr'><strong>VARIANT</strong></span> 
     </span>
    </p>
   </div>
   <div class='ocr_carea' id='block_1_73' title="bbox 453 3774 1064 3827">
    <p class='ocr_par' dir='ltr' id='par_1_73' title="bbox 453 3774 1064 3827">
     <span class='ocr_line' id='line_1_74' title="bbox 453 3774 1064 3827; baseline -0.002 -2"><span class='ocrx_word' id='word_1_509' title='bbox 453 3775 495 3827; x_wconf 75' lang='lat' dir='ltr'><strong>ll</strong></span> <span class='ocrx_word' id='word_1_510' title='bbox 521 3774 891 3826; x_wconf 76' lang='lat' dir='ltr'><strong>Prtevidebatur</strong></span> <span class='ocrx_word' id='word_1_511' title='bbox 914 3774 1064 3827; x_wconf 81' lang='lat' dir='ltr'><strong>Seml.</strong></span> 
     </span>
    </p>
   </div>
   <div class='ocr_carea' id='block_1_74' title="bbox 424 3775 801 3913">
    <p class='ocr_par' dir='ltr' id='par_1_74' title="bbox 424 3775 801 3913">
     <span class='ocr_line' id='line_1_75' title="bbox 453 3775 801 3825; baseline -0.006 0"><span class='ocrx_word' id='word_1_512' title='bbox 453 3777 464 3825; x_wconf 96' lang='lat' dir='ltr'><strong>l</strong></span> <span class='ocrx_word' id='word_1_513' title='bbox 521 3775 801 3824; x_wconf 75' lang='lat' dir='ltr'><strong>Prtevideba</strong></span> 
     </span>
     <span class='ocr_line' id='line_1_76' title="bbox 424 3775 801 3913; baseline 0.003 -27"><span class='ocrx_word' id='word_1_514' title='bbox 424 3775 499 3905; x_wconf 42' lang='grc' dir='ltr'><strong>ὶέζ</strong></span> <span class='ocrx_word' id='word_1_515' title='bbox 524 3836 624 3887; x_wconf 84' lang='lat' dir='ltr'><strong>litis</strong></span> <span class='ocrx_word' id='word_1_516' title='bbox 646 3837 801 3913; x_wconf 78' lang='lat' dir='ltr'><strong>Fran.</strong></span> 
     </span>
    </p>
   </div>
   <div class='ocr_carea' id='block_1_75' title="bbox 2136 3783 2513 3915">
    <p class='ocr_par' dir='ltr' id='par_1_75' title="bbox 2136 3783 2513 3915">
     <span class='ocr_line' id='line_1_77' title="bbox 2136 3783 2513 3915; baseline -0.005 -78"><span class='ocrx_word' id='word_1_517' title='bbox 2136 3783 2208 3915; x_wconf 48' lang='lat' dir='ltr'><strong>{3g</strong></span> <span class='ocrx_word' id='word_1_518' title='bbox 2229 3784 2382 3848; x_wconf 81' lang='lat' dir='ltr'><strong>Rigor</strong></span> <span class='ocrx_word' id='word_1_519' title='bbox 2400 3794 2513 3837; x_wconf 84' lang='lat' dir='ltr'><strong>Jun.</strong></span> 
     </span>
     <span class='ocr_line' id='line_1_78' title="bbox 2160 3850 2513 3915; baseline 0 -17"><span class='ocrx_word' id='word_1_520' title='bbox 2160 3850 2187 3898; x_wconf 72' lang='grc'>4</span> <span class='ocrx_word' id='word_1_521' title='bbox 2232 3855 2513 3915; x_wconf 84' lang='lat' dir='ltr'><strong>Deputaren</strong></span> 
     </span>
    </p>
   </div>
   <div class='ocr_carea' id='block_1_76' title="bbox 2160 3850 2754 3915">
    <p class='ocr_par' dir='ltr' id='par_1_76' title="bbox 2160 3850 2754 3915">
     <span class='ocr_line' id='line_1_79' title="bbox 2160 3850 2754 3915; baseline -0.003 -17"><span class='ocrx_word' id='word_1_522' title='bbox 2160 3850 2208 3915; x_wconf 72' lang='grc'><strong>4)</strong></span> <span class='ocrx_word' id='word_1_523' title='bbox 2232 3855 2590 3915; x_wconf 83' lang='lat' dir='ltr'><strong>Deputaremus</strong></span> <span class='ocrx_word' id='word_1_524' title='bbox 2612 3851 2754 3899; x_wconf 90' lang='lat' dir='ltr'><strong>Pam.</strong></span> 
     </span>
    </p>
   </div>
   <div class='ocr_carea' id='block_1_77' title="bbox 1726 3957 2285 4020">
    <p class='ocr_par' dir='ltr' id='par_1_77' title="bbox 1726 3957 2285 4020">
     <span class='ocr_line' id='line_1_80' title="bbox 1726 3957 2285 4020; baseline 0 -5"><span class='ocrx_word' id='word_1_525' title='bbox 1726 3957 2285 4020; x_wconf 76' lang='lat' dir='ltr'><strong>COMMENTARIUS.</strong></span> 
     </span>
    </p>
   </div>
   <div class='ocr_carea' id='block_1_78' title="bbox 368 4060 1962 4124">
    <p class='ocr_par' dir='ltr' id='par_1_78' title="bbox 368 4060 1962 4124">
     <span class='ocr_line' id='line_1_81' title="bbox 368 4060 1962 4124; baseline 0.004 -6"><span class='ocrx_word' id='word_1_526' title='bbox 368 4063 420 4118; x_wconf 91' lang='lat' dir='ltr'><strong>id</strong></span> <span class='ocrx_word' id='word_1_527' title='bbox 448 4060 583 4116; x_wconf 79' lang='lat' dir='ltr'><strong>dixit</strong></span> <span class='ocrx_word' id='word_1_528' title='bbox 604 4061 836 4118; x_wconf 83' lang='lat' dir='ltr'><strong>Joannes</strong></span> <span class='ocrx_word' id='word_1_529' title='bbox 863 4061 1018 4116; x_wconf 79' lang='lat' dir='ltr'><strong>Alex.</strong></span> <span class='ocrx_word' id='word_1_530' title='bbox 1051 4062 1101 4116; x_wconf 88' lang='lat' dir='ltr'><strong>in</strong></span> <span class='ocrx_word' id='word_1_531' title='bbox 1132 4062 1535 4119; x_wconf 86' lang='lat' dir='ltr'><strong>commentariis</strong></span> <span class='ocrx_word' id='word_1_532' title='bbox 1570 4064 1622 4119; x_wconf 91' lang='lat' dir='ltr'><strong>in</strong></span> <span class='ocrx_word' id='word_1_533' title='bbox 1667 4065 1759 4119; x_wconf 89' lang='lat' dir='ltr'><strong>lib.</strong></span> <span class='ocrx_word' id='word_1_534' title='bbox 1791 4067 1962 4124; x_wconf 76' lang='lat' dir='ltr'><strong>h:ere~</strong></span> 
     </span>
    </p>
   </div>
   <div class='ocr_carea' id='block_1_79' title="bbox 370 4132 1964 4206">
    <p class='ocr_par' dir='ltr' id='par_1_79' title="bbox 370 4132 1964 4206">
     <span class='ocr_line' id='line_1_82' title="bbox 370 4132 1964 4206; baseline 0.004 -18"><span class='ocrx_word' id='word_1_535' title='bbox 370 4148 534 4206; x_wconf 84' lang='lat' dir='ltr'><strong>seon._</strong></span> <span class='ocrx_word' id='word_1_536' title='bbox 561 4132 667 4187; x_wconf 87' lang='lat' dir='ltr'><strong>Sed</strong></span> <span class='ocrx_word' id='word_1_537' title='bbox 696 4132 832 4206; x_wconf 86' lang='lat' dir='ltr'><strong>inter</strong></span> <span class='ocrx_word' id='word_1_538' title='bbox 858 4132 1184 4206; x_wconf 61' lang='lat' dir='ltr'><strong>vetustiores</strong></span> <span class='ocrx_word' id='word_1_539' title='bbox 1221 4133 1270 4188; x_wconf 91' lang='lat' dir='ltr'><strong>id</strong></span> <span class='ocrx_word' id='word_1_540' title='bbox 1311 4134 1525 4206; x_wconf 76' lang='lat' dir='ltr'><strong>invenio</strong></span> <span class='ocrx_word' id='word_1_541' title='bbox 1553 4136 1832 4206; x_wconf 82' lang='lat' dir='ltr'><strong>scripsisse</strong></span> <span class='ocrx_word' id='word_1_542' title='bbox 1858 4139 1964 4195; x_wconf 88' lang='lat' dir='ltr'><strong>De-</strong></span> 
     </span>
    </p>
   </div>
   <div class='ocr_carea' id='block_1_80' title="bbox 370 4202 1596 4273">
    <p class='ocr_par' dir='ltr' id='par_1_80' title="bbox 370 4202 1596 4273">
     <span class='ocr_line' id='line_1_83' title="bbox 370 4202 1596 4273; baseline 0 -15"><span class='ocrx_word' id='word_1_543' title='bbox 370 4204 654 4273; x_wconf 88' lang='lat' dir='ltr'><strong>mocritum</strong></span> <span class='ocrx_word' id='word_1_544' title='bbox 681 4203 905 4273; x_wconf 84' lang='lat' dir='ltr'><strong>epistola</strong></span> <span class='ocrx_word' id='word_1_545' title='bbox 932 4202 995 4256; x_wconf 89' lang='lat' dir='ltr'><strong>ad</strong></span> <span class='ocrx_word' id='word_1_546' title='bbox 1030 4202 1424 4273; x_wconf 87' lang='lat' dir='ltr'><strong>Hippocratem.</strong></span> <span class='ocrx_word' id='word_1_547' title='bbox 1468 4204 1596 4261; x_wconf 59' lang='lat' dir='ltr'><strong>Lac.</strong></span> 
     </span>
    </p>
   </div>
   <div class='ocr_carea' id='block_1_81' title="bbox 443 4272 1958 4342">
    <p class='ocr_par' dir='ltr' id='par_1_81' title="bbox 443 4272 1958 4342">
     <span class='ocr_line' id='line_1_84' title="bbox 443 4272 1958 4342; baseline 0.003 -15"><span class='ocrx_word' id='word_1_548' title='bbox 443 4276 522 4342; x_wconf 86' lang='lat' dir='ltr'><strong>(a)</strong></span> <span class='ocrx_word' id='word_1_549' title='bbox 572 4272 863 4326; x_wconf 79' lang='lat' dir='ltr'><strong>Heraclitus</strong></span> <span class='ocrx_word' id='word_1_550' title='bbox 896 4273 983 4326; x_wconf 85' lang='lat' dir='ltr'><strong>ille</strong></span> <span class='ocrx_word' id='word_1_551' title='bbox 1011 4272 1323 4328; x_wconf 71' lang='lat' dir='ltr'><strong>tenebrosus.</strong></span> <span class='ocrx_word' id='word_1_552' title='bbox 1372 4274 1521 4330; x_wconf 87' lang='lat' dir='ltr'><strong>Haud</strong></span> <span class='ocrx_word' id='word_1_553' title='bbox 1561 4277 1873 4334; x_wconf 80' lang='lat' dir='ltr'><strong>absimiliter</strong></span> <span class='ocrx_word' id='word_1_554' title='bbox 1900 4279 1958 4334; x_wconf 87' lang='lat' dir='ltr'><strong>B.</strong></span> 
     </span>
    </p>
   </div>
   <div class='ocr_carea' id='block_1_82' title="bbox 372 4342 1963 4416">
    <p class='ocr_par' dir='ltr' id='par_1_82' title="bbox 372 4342 1963 4416">
     <span class='ocr_line' id='line_1_85' title="bbox 372 4342 1963 4416; baseline 0.004 -16"><span class='ocrx_word' id='word_1_555' title='bbox 372 4346 730 4416; x_wconf 88' lang='lat' dir='ltr'><strong>Hieronymus</strong></span> <span class='ocrx_word' id='word_1_556' title='bbox 756 4343 908 4397; x_wconf 90' lang='lat' dir='ltr'><strong>initio</strong></span> <span class='ocrx_word' id='word_1_557' title='bbox 934 4342 1024 4397; x_wconf 90' lang='lat' dir='ltr'><strong>lib.</strong></span> <span class='ocrx_word' id='word_1_558' title='bbox 1048 4342 1089 4405; x_wconf 83' lang='grc' dir='ltr'><strong>Ι,</strong></span> <span class='ocrx_word' id='word_1_559' title='bbox 1111 4344 1239 4416; x_wconf 85' lang='lat' dir='ltr'><strong>adv.</strong></span> <span class='ocrx_word' id='word_1_560' title='bbox 1259 4345 1616 4416; x_wconf 83' lang='lat' dir='ltr'><strong>loviuiantnn,</strong></span> <span class='ocrx_word' id='word_1_561' title='bbox 1637 4348 1963 4406; x_wconf 87' lang='lat' dir='ltr'><strong>Heraclitum</strong></span> 
     </span>
    </p>
   </div>
   <div class='ocr_carea' id='block_1_83' title="bbox 371 4415 1963 4488">
    <p class='ocr_par' dir='ltr' id='par_1_83' title="bbox 371 4415 1963 4488">
     <span class='ocr_line' id='line_1_86' title="bbox 371 4415 1963 4488; baseline 0.004 -19"><span class='ocrx_word' id='word_1_562' title='bbox 371 4425 526 4472; x_wconf 83' lang='lat' dir='ltr'><strong>vocat</strong></span> <span class='ocrx_word' id='word_1_563' title='bbox 554 4415 992 4488; x_wconf 15' lang='lat' dir='ltr'><strong>«incurva-nqueo:</strong></span> <span class='ocrx_word' id='word_1_564' title='bbox 1025 4415 1279 4488; x_wconf 87' lang='lat' dir='ltr'><strong>sudantes</strong></span> <span class='ocrx_word' id='word_1_565' title='bbox 1318 4415 1620 4488; x_wconf 87' lang='lat' dir='ltr'><strong>philosophi</strong></span> <span class='ocrx_word' id='word_1_566' title='bbox 1651 4419 1733 4473; x_wconf 76' lang='lat' dir='ltr'><strong>vix</strong></span> <span class='ocrx_word' id='word_1_567' title='bbox 1768 4421 1963 4477; x_wconf 80' lang='lat' dir='ltr'><strong>intelli-</strong></span> 
     </span>
    </p>
   </div>
   <div class='ocr_carea' id='block_1_84' title="bbox 371 4485 2047 4577">
    <p class='ocr_par' dir='ltr' id='par_1_84' title="bbox 371 4485 2047 4577">
     <span class='ocr_line' id='line_1_87' title="bbox 371 4485 2047 4577; baseline 0.005 -38"><span class='ocrx_word' id='word_1_568' title='bbox 371 4497 523 4560; x_wconf 85' lang='lat' dir='ltr'><strong>gunt.</strong></span> <span class='ocrx_word' id='word_1_569' title='bbox 573 4488 708 4577; x_wconf 38' lang='lat' dir='ltr'><strong>Ipsa.</strong></span> <span class='ocrx_word' id='word_1_570' title='bbox 737 4486 878 4541; x_wconf 89' lang='lat' dir='ltr'><strong>enim</strong></span> <span class='ocrx_word' id='word_1_571' title='bbox 911 4485 1147 4577; x_wconf 38' lang='lat' dir='ltr'><strong>Lalcrtio.</strong></span> <span class='ocrx_word' id='word_1_572' title='bbox 1168 4485 1415 4568; x_wconf 46' lang='lat' dir='ltr'><strong>teste&#39;de</strong></span> <span class='ocrx_word' id='word_1_573' title='bbox 1440 4485 1963 4577; x_wconf 44' lang='lat' dir='ltr'><strong>.industrianlibrnm</strong></span> <span class='ocrx_word' id='word_1_574' title='bbox 1998 4517 2047 4577; x_wconf 70' lang='grc' dir='ltr'><strong>Ι)</strong></span> 
     </span>
    </p>
   </div>
   <div class='ocr_carea' id='block_1_85' title="bbox 372 4556 1966 4628">
    <p class='ocr_par' dir='ltr' id='par_1_85' title="bbox 372 4556 1966 4628">
     <span class='ocr_line' id='line_1_88' title="bbox 372 4556 1966 4628; baseline 0.002 -12"><span class='ocrx_word' id='word_1_575' title='bbox 372 4556 526 4616; x_wconf 71' lang='lat' dir='ltr'><strong>suum</strong></span> <span class='ocrx_word' id='word_1_576' title='bbox 575 4556 642 4613; x_wconf 85' lang='lat' dir='ltr'><strong>de</strong></span> <span class='ocrx_word' id='word_1_577' title='bbox 663 4556 885 4625; x_wconf 83' lang='lat' dir='ltr'><strong>Natura,</strong></span> <span class='ocrx_word' id='word_1_578' title='bbox 936 4558 1220 4628; x_wconf 80' lang='lat' dir='ltr'><strong>obscurius</strong></span> <span class='ocrx_word' id='word_1_579' title='bbox 1263 4558 1495 4628; x_wconf 81' lang='lat' dir='ltr'><strong>scripsit,</strong></span> <span class='ocrx_word' id='word_1_580' title='bbox 1571 4570 1630 4615; x_wconf 86' lang='lat' dir='ltr'><strong>ut</strong></span> <span class='ocrx_word' id='word_1_581' title='bbox 1670 4562 1770 4617; x_wconf 88' lang='lat' dir='ltr'><strong>soli</strong></span> <span class='ocrx_word' id='word_1_582' title='bbox 1816 4565 1966 4619; x_wconf 89' lang='lat' dir='ltr'><strong>illum</strong></span> 
     </span>
    </p>
   </div>
   <div class='ocr_carea' id='block_1_86' title="bbox 372 4626 1969 4702">
    <p class='ocr_par' dir='ltr' id='par_1_86' title="bbox 372 4626 1969 4702">
     <span class='ocr_line' id='line_1_89' title="bbox 372 4626 1969 4702; baseline 0.003 -17"><span class='ocrx_word' id='word_1_583' title='bbox 372 4630 566 4685; x_wconf 87' lang='lat' dir='ltr'><strong>eruditi</strong></span> <span class='ocrx_word' id='word_1_584' title='bbox 596 4630 882 4702; x_wconf 69' lang='lat' dir='ltr'><strong>legerem:</strong></span> <span class='ocrx_word' id='word_1_585' title='bbox 931 4626 1174 4702; x_wconf 66' lang='lat' dir='ltr'><strong>unde‘ct</strong></span> <span class='ocrx_word' id='word_1_586' title='bbox 1218 4626 1411 4702; x_wconf 67' lang='lat' dir='ltr'><strong>Craten</strong></span> <span class='ocrx_word' id='word_1_587' title='bbox 1473 4633 1778 4702; x_wconf 89' lang='lat' dir='ltr'><strong>quemdam,</strong></span> <span class='ocrx_word' id='word_1_588' title='bbox 1844 4651 1969 4690; x_wconf 90' lang='lat' dir='ltr'><strong>cum</strong></span> 
     </span>
    </p>
   </div>
   <div class='ocr_carea' id='block_1_87' title="bbox 373 4698 1970 4776">
    <p class='ocr_par' dir='ltr' id='par_1_87' title="bbox 373 4698 1970 4776">
     <span class='ocr_line' id='line_1_90' title="bbox 373 4698 1970 4776; baseline 0.003 -20"><span class='ocrx_word' id='word_1_589' title='bbox 373 4702 523 4756; x_wconf 90' lang='lat' dir='ltr'><strong>illum</strong></span> <span class='ocrx_word' id='word_1_590' title='bbox 556 4698 747 4755; x_wconf 79' lang='lat' dir='ltr'><strong>librum</strong></span> <span class='ocrx_word' id='word_1_591' title='bbox 772 4698 974 4755; x_wconf 66' lang='lat' dir='ltr'><strong>Graecis</strong></span> <span class='ocrx_word' id='word_1_592' title='bbox 1000 4698 1300 4776; x_wconf 67' lang='lat' dir='ltr'><strong>inveberct,</strong></span> <span class='ocrx_word' id='word_1_593' title='bbox 1332 4698 1538 4776; x_wconf 67' lang='lat' dir='ltr'><strong>dixisse</strong></span> <span class='ocrx_word' id='word_1_594' title='bbox 1564 4721 1576 4754; x_wconf 91' lang='lat'><strong>:</strong></span> <span class='ocrx_word' id='word_1_595' title='bbox 1616 4698 1769 4760; x_wconf 84' lang='lat' dir='ltr'><strong>Delio</strong></span> <span class='ocrx_word' id='word_1_596' title='bbox 1790 4706 1970 4776; x_wconf 87' lang='lat' dir='ltr'><strong>aliquo</strong></span> 
     </span>
    </p>
   </div>
   <div class='ocr_carea' id='block_1_88' title="bbox 375 4770 1965 4839">
    <p class='ocr_par' dir='ltr' id='par_1_88' title="bbox 375 4770 1965 4839">
     <span class='ocr_line' id='line_1_91' title="bbox 375 4770 1965 4839; baseline 0.005 -13"><span class='ocrx_word' id='word_1_597' title='bbox 375 4780 616 4827; x_wconf 87' lang='lat' dir='ltr'><strong>natatore</strong></span> <span class='ocrx_word' id='word_1_598' title='bbox 636 4785 772 4839; x_wconf 82' lang='lat' dir='ltr'><strong>Opus</strong></span> <span class='ocrx_word' id='word_1_599' title='bbox 799 4786 937 4834; x_wconf 88' lang='lat' dir='ltr'><strong>esse,</strong></span> <span class='ocrx_word' id='word_1_600' title='bbox 972 4771 1058 4839; x_wconf 91' lang='lat' dir='ltr'><strong>qui</strong></span> <span class='ocrx_word' id='word_1_601' title='bbox 1092 4771 1144 4824; x_wconf 91' lang='lat' dir='ltr'><strong>in</strong></span> <span class='ocrx_word' id='word_1_602' title='bbox 1177 4770 1267 4825; x_wconf 92' lang='lat' dir='ltr'><strong>illo</strong></span> <span class='ocrx_word' id='word_1_603' title='bbox 1297 4788 1402 4825; x_wconf 90' lang='lat' dir='ltr'><strong>non</strong></span> <span class='ocrx_word' id='word_1_604' title='bbox 1426 4770 1801 4831; x_wconf 82' lang='lat' dir='ltr'><strong>sull&#39;ocaretur.</strong></span> <span class='ocrx_word' id='word_1_605' title='bbox 1828 4770 1965 4834; x_wconf 71' lang='grc' dir='ltr'>Ρίιιι.</span> 
     </span>
    </p>
   </div>
   <div class='ocr_carea' id='block_1_89' title="bbox 446 4840 1968 4915">
    <p class='ocr_par' dir='ltr' id='par_1_89' title="bbox 446 4840 1968 4915">
     <span class='ocr_line' id='line_1_92' title="bbox 446 4840 1968 4915; baseline 0.005 -18"><span class='ocrx_word' id='word_1_606' title='bbox 446 4841 524 4915; x_wconf 88' lang='lat' dir='ltr'><strong>(b)</strong></span> <span class='ocrx_word' id='word_1_607' title='bbox 552 4842 811 4915; x_wconf 74' lang='lat' dir='ltr'><strong>Siquidem</strong></span> <span class='ocrx_word' id='word_1_608' title='bbox 838 4850 885 4894; x_wconf 83' lang='lat' dir='ltr'><strong>et</strong></span> <span class='ocrx_word' id='word_1_609' title='bbox 913 4840 972 4893; x_wconf 85' lang='lat' dir='ltr'><strong>ab</strong></span> <span class='ocrx_word' id='word_1_610' title='bbox 996 4841 1262 4915; x_wconf 69' lang='lat' dir='ltr'><strong>Apostolo,</strong></span> <span class='ocrx_word' id='word_1_611' title='bbox 1290 4853 1399 4915; x_wconf 80' lang='lat' dir='ltr'><strong>etc.</strong></span> <span class='ocrx_word' id='word_1_612' title='bbox 1416 4843 1626 4915; x_wconf 75' lang='lat' dir='ltr'><strong>Nullam</strong></span> <span class='ocrx_word' id='word_1_613' title='bbox 1651 4845 1737 4900; x_wconf 90' lang='lat' dir='ltr'><strong>hic</strong></span> <span class='ocrx_word' id='word_1_614' title='bbox 1766 4858 1968 4905; x_wconf 90' lang='lat' dir='ltr'><strong>certam</strong></span> 
     </span>
    </p>
   </div>
   <div class='ocr_carea' id='block_1_90' title="bbox 369 4911 1968 4982">
    <p class='ocr_par' dir='ltr' id='par_1_90' title="bbox 369 4911 1968 4982">
     <span class='ocr_line' id='line_1_93' title="bbox 369 4911 1968 4982; baseline 0.003 -12"><span class='ocrx_word' id='word_1_615' title='bbox 369 4911 687 4982; x_wconf 84' lang='lat' dir='ltr'><strong>scripturam</strong></span> <span class='ocrx_word' id='word_1_616' title='bbox 714 4912 876 4976; x_wconf 90' lang='lat' dir='ltr'><strong>citat,</strong></span> <span class='ocrx_word' id='word_1_617' title='bbox 920 4911 1015 4967; x_wconf 87' lang='lat' dir='ltr'><strong>sed</strong></span> <span class='ocrx_word' id='word_1_618' title='bbox 1059 4911 1244 4966; x_wconf 87' lang='lat' dir='ltr'><strong>alludit</strong></span> <span class='ocrx_word' id='word_1_619' title='bbox 1276 4913 1340 4967; x_wconf 87' lang='lat' dir='ltr'><strong>ad</strong></span> <span class='ocrx_word' id='word_1_620' title='bbox 1374 4913 1499 4970; x_wconf 90' lang='lat' dir='ltr'><strong>illud</strong></span> <span class='ocrx_word' id='word_1_621' title='bbox 1519 4914 1727 4973; x_wconf 82' lang='lat' dir='ltr'><strong>Coloss.</strong></span> <span class='ocrx_word' id='word_1_622' title='bbox 1763 4917 1805 4973; x_wconf 93' lang='lat' dir='ltr'><strong>ll</strong></span> <span class='ocrx_word' id='word_1_623' title='bbox 1838 4935 1852 4971; x_wconf 87' lang='lat'><strong>:</strong></span> <span class='ocrx_word' id='word_1_624' title='bbox 1889 4919 1968 4975; x_wconf 85' lang='lat' dir='ltr'><strong>Ne</strong></span> 
     </span>
    </p>
   </div>
   <div class='ocr_carea' id='block_1_91' title="bbox 365 4982 1963 5113">
    <p class='ocr_par' dir='ltr' id='par_1_91' title="bbox 365 4982 1963 5113">
     <span class='ocr_line' id='line_1_94' title="bbox 365 4982 1963 5113; baseline 0.006 -76"><span class='ocrx_word' id='word_1_625' title='bbox 365 4985 481 5113; x_wconf 57' lang='lat' dir='ltr'><strong>guis</strong></span> <span class='ocrx_word' id='word_1_626' title='bbox 523 5000 609 5038; x_wconf 78' lang='lat' dir='ltr'><strong>ros</strong></span> <span class='ocrx_word' id='word_1_627' title='bbox 638 4982 973 5054; x_wconf 73' lang='lat' dir='ltr'><strong>deprwdetur,</strong></span> <span class='ocrx_word' id='word_1_628' title='bbox 1018 4998 1108 5037; x_wconf 79' lang='lat' dir='ltr'><strong>seu</strong></span> <span class='ocrx_word' id='word_1_629' title='bbox 1159 4986 1412 5040; x_wconf 81' lang='lat' dir='ltr'><strong>concutiat</strong></span> <span class='ocrx_word' id='word_1_630' title='bbox 1448 5003 1539 5057; x_wconf 81' lang='lat' dir='ltr'><strong>per</strong></span> <span class='ocrx_word' id='word_1_631' title='bbox 1566 4988 1963 5061; x_wconf 73' lang='lat' dir='ltr'><strong>philosophiam.</strong></span> 
     </span>
     <span class='ocr_line' id='line_1_95' title="bbox 409 5070 505 5111; baseline 0 0"><span class='ocrx_word' id='word_1_632' title='bbox 409 5070 505 5111; x_wconf 74' lang='lat' dir='ltr'><strong>ut.</strong></span> 
     </span>
    </p>
   </div>
   <div class='ocr_carea' id='block_1_92' title="bbox 409 5070 505 5111">
    <p class='ocr_par' dir='ltr' id='par_1_92' title="bbox 409 5070 505 5111">
     <span class='ocr_line' id='line_1_96' title="bbox 409 5070 505 5111; baseline 0 0"><span class='ocrx_word' id='word_1_633' title='bbox 409 5070 505 5111; x_wconf 70' lang='grc' dir='ltr'><strong>ΑΙ.</strong></span> 
     </span>
    </p>
   </div>
   <div class='ocr_carea' id='block_1_93' title="bbox 439 5124 1963 5204">
    <p class='ocr_par' dir='ltr' id='par_1_93' title="bbox 439 5124 1963 5204">
     <span class='ocr_line' id='line_1_97' title="bbox 439 5124 1963 5204; baseline 0.006 -24"><span class='ocrx_word' id='word_1_634' title='bbox 439 5127 515 5196; x_wconf 87' lang='lat' dir='ltr'><strong>(c)</strong></span> <span class='ocrx_word' id='word_1_635' title='bbox 543 5125 647 5204; x_wconf 75' lang='lat' dir='ltr'><strong>Alii</strong></span> <span class='ocrx_word' id='word_1_636' title='bbox 682 5124 1022 5204; x_wconf 51' lang='lat' dir='ltr'><strong>ittttttortaletit</strong></span> <span class='ocrx_word' id='word_1_637' title='bbox 1052 5128 1520 5204; x_wconf 57' lang='lat' dir='ltr'><strong>negantanintam,</strong></span> <span class='ocrx_word' id='word_1_638' title='bbox 1550 5130 1662 5204; x_wconf 72' lang='lat' dir='ltr'><strong>alii</strong></span> <span class='ocrx_word' id='word_1_639' title='bbox 1695 5130 1963 5204; x_wconf 79' lang='lat' dir='ltr'><strong>plusquam</strong></span> 
     </span>
    </p>
   </div>
   <div class='ocr_carea' id='block_1_94' title="bbox 370 5195 1959 5271">
    <p class='ocr_par' dir='ltr' id='par_1_94' title="bbox 370 5195 1959 5271">
     <span class='ocr_line' id='line_1_98' title="bbox 370 5195 1959 5271; baseline 0.006 -21"><span class='ocrx_word' id='word_1_640' title='bbox 370 5195 725 5271; x_wconf 71' lang='lat' dir='ltr'><strong>immortalem.</strong></span> <span class='ocrx_word' id='word_1_641' title='bbox 781 5195 980 5271; x_wconf 84' lang='lat' dir='ltr'><strong>Quales</strong></span> <span class='ocrx_word' id='word_1_642' title='bbox 1018 5196 1594 5271; x_wconf 52' lang='lat' dir='ltr'><strong>Cl‘llll}_V§iCltlllll:llll,</strong></span> <span class='ocrx_word' id='word_1_643' title='bbox 1645 5195 1959 5271; x_wconf 50' lang='lat' dir='ltr'><strong>Sz&#39;iddu&#39;cazi,</strong></span> 
     </span>
    </p>
   </div>
   <div class='ocr_carea' id='block_1_95' title="bbox 370 5266 1960 5338">
    <p class='ocr_par' dir='ltr' id='par_1_95' title="bbox 370 5266 1960 5338">
     <span class='ocr_line' id='line_1_99' title="bbox 370 5266 1960 5338; baseline 0.004 -17"><span class='ocrx_word' id='word_1_644' title='bbox 370 5269 651 5338; x_wconf 73' lang='lat' dir='ltr'><strong>Epicurus,</strong></span> <span class='ocrx_word' id='word_1_645' title='bbox 678 5268 1013 5322; x_wconf 82' lang='lat' dir='ltr'><strong>Democritus</strong></span> <span class='ocrx_word' id='word_1_646' title='bbox 1037 5278 1090 5320; x_wconf 91' lang='lat' dir='ltr'><strong>et</strong></span> <span class='ocrx_word' id='word_1_647' title='bbox 1112 5266 1221 5321; x_wconf 90' lang='lat' dir='ltr'><strong>alii.</strong></span> <span class='ocrx_word' id='word_1_648' title='bbox 1259 5266 1648 5329; x_wconf 83' lang='lat' dir='ltr'><strong>Posterioribus</strong></span> <span class='ocrx_word' id='word_1_649' title='bbox 1666 5276 1843 5329; x_wconf 86' lang='lat' dir='ltr'><strong>verbis</strong></span> <span class='ocrx_word' id='word_1_650' title='bbox 1864 5266 1960 5328; x_wconf 53' lang='lat' dir='ltr'><strong>uo;</strong></span> 
     </span>
    </p>
   </div>
   <div class='ocr_carea' id='block_1_96' title="bbox 371 5338 1963 5409">
    <p class='ocr_par' dir='ltr' id='par_1_96' title="bbox 371 5338 1963 5409">
     <span class='ocr_line' id='line_1_100' title="bbox 371 5338 1963 5409; baseline 0.004 -14"><span class='ocrx_word' id='word_1_651' title='bbox 371 5348 549 5395; x_wconf 88' lang='lat' dir='ltr'><strong>tantur</strong></span> <span class='ocrx_word' id='word_1_652' title='bbox 576 5339 1007 5409; x_wconf 10' lang='lat' dir='ltr'><strong>Prisciﬁllianistae,</strong></span> <span class='ocrx_word' id='word_1_653' title='bbox 1044 5340 1130 5406; x_wconf 88' lang='lat' dir='ltr'><strong>qui</strong></span> <span class='ocrx_word' id='word_1_654' title='bbox 1180 5338 1382 5393; x_wconf 86' lang='lat' dir='ltr'><strong>animas</strong></span> <span class='ocrx_word' id='word_1_655' title='bbox 1413 5342 1648 5409; x_wconf 88' lang='lat' dir='ltr'><strong>ejusdem</strong></span> <span class='ocrx_word' id='word_1_656' title='bbox 1693 5361 1813 5401; x_wconf 90' lang='lat' dir='ltr'><strong>cum</strong></span> <span class='ocrx_word' id='word_1_657' title='bbox 1862 5347 1963 5402; x_wconf 89' lang='lat' dir='ltr'><strong>deo</strong></span> 
     </span>
    </p>
   </div>
   <div class='ocr_carea' id='block_1_97' title="bbox 367 5408 1961 5479">
    <p class='ocr_par' dir='ltr' id='par_1_97' title="bbox 367 5408 1961 5479">
     <span class='ocr_line' id='line_1_101' title="bbox 367 5408 1961 5479; baseline 0.006 -16"><span class='ocrx_word' id='word_1_658' title='bbox 367 5410 677 5463; x_wconf 73' lang='lat' dir='ltr'><strong>substantia:</strong></span> <span class='ocrx_word' id='word_1_659' title='bbox 717 5408 986 5470; x_wconf 89' lang='lat' dir='ltr'><strong>dicebant,</strong></span> <span class='ocrx_word' id='word_1_660' title='bbox 1019 5419 1072 5463; x_wconf 91' lang='lat' dir='ltr'><strong>et</strong></span> <span class='ocrx_word' id='word_1_661' title='bbox 1112 5410 1348 5463; x_wconf 81' lang='lat' dir='ltr'><strong>Cnostici</strong></span> <span class='ocrx_word' id='word_1_662' title='bbox 1386 5408 1473 5479; x_wconf 86' lang='lat' dir='ltr'><strong>qui</strong></span> <span class='ocrx_word' id='word_1_663' title='bbox 1522 5415 1622 5469; x_wconf 89' lang='lat' dir='ltr'><strong>deo</strong></span> <span class='ocrx_word' id='word_1_664' title='bbox 1667 5427 1961 5472; x_wconf 67' lang='lat' dir='ltr'><strong>coaeternas</strong></span> 
     </span>
    </p>
   </div>
   <div class='ocr_carea' id='block_1_98' title="bbox 367 5478 1959 5548">
    <p class='ocr_par' dir='ltr' id='par_1_98' title="bbox 367 5478 1959 5548">
     <span class='ocr_line' id='line_1_102' title="bbox 367 5478 1959 5548; baseline 0.004 -14"><span class='ocrx_word' id='word_1_665' title='bbox 367 5479 679 5534; x_wconf 68' lang='lat' dir='ltr'><strong>allerebant.</strong></span> <span class='ocrx_word' id='word_1_666' title='bbox 699 5478 850 5547; x_wconf 79' lang='lat' dir='ltr'><strong>Quod</strong></span> <span class='ocrx_word' id='word_1_667' title='bbox 871 5481 1029 5534; x_wconf 89' lang='lat' dir='ltr'><strong>etiam</strong></span> <span class='ocrx_word' id='word_1_668' title='bbox 1045 5478 1655 5548; x_wconf 68' lang='lat' dir='ltr'><strong>ungabanturManichzci</strong></span> <span class='ocrx_word' id='word_1_669' title='bbox 1673 5486 1959 5543; x_wconf 83' lang='lat' dir='ltr'><strong>Gnostico-</strong></span> 
     </span>
    </p>
   </div>
   <div class='ocr_carea' id='block_1_99' title="bbox 366 5550 1958 5620">
    <p class='ocr_par' dir='ltr' id='par_1_99' title="bbox 366 5550 1958 5620">
     <span class='ocr_line' id='line_1_103' title="bbox 366 5550 1958 5620; baseline 0.006 -17"><span class='ocrx_word' id='word_1_670' title='bbox 366 5566 484 5605; x_wconf 88' lang='lat' dir='ltr'><strong>rum</strong></span> <span class='ocrx_word' id='word_1_671' title='bbox 503 5551 767 5620; x_wconf 84' lang='lat' dir='ltr'><strong>discipuli,</strong></span> <span class='ocrx_word' id='word_1_672' title='bbox 796 5561 980 5604; x_wconf 87' lang='lat' dir='ltr'><strong>auctor</strong></span> <span class='ocrx_word' id='word_1_673' title='bbox 1007 5562 1083 5606; x_wconf 84' lang='lat' dir='ltr'><strong>est</strong></span> <span class='ocrx_word' id='word_1_674' title='bbox 1119 5550 1443 5619; x_wconf 76' lang='lat' dir='ltr'><strong>Epiphanius</strong></span> <span class='ocrx_word' id='word_1_675' title='bbox 1470 5553 1596 5609; x_wconf 77' lang='lat' dir='ltr'><strong>Iner.</strong></span> <span class='ocrx_word' id='word_1_676' title='bbox 1633 5557 1722 5613; x_wconf 87' lang='lat'><strong>66.</strong></span> <span class='ocrx_word' id='word_1_677' title='bbox 1756 5557 1831 5612; x_wconf 79' lang='lat' dir='ltr'><strong>Lr.</strong></span> <span class='ocrx_word' id='word_1_678' title='bbox 1863 5558 1958 5614; x_wconf 79' lang='lat' dir='ltr'><strong>Pn.</strong></span> 
     </span>
    </p>
   </div>
   <div class='ocr_carea' id='block_1_100' title="bbox 440 5621 1959 5708">
    <p class='ocr_par' dir='ltr' id='par_1_100' title="bbox 440 5621 1959 5708">
     <span class='ocr_line' id='line_1_104' title="bbox 440 5621 1959 5708; baseline 0.005 -31"><span class='ocrx_word' id='word_1_679' title='bbox 440 5622 520 5702; x_wconf 74' lang='grc'><strong>((1)</strong></span> <span class='ocrx_word' id='word_1_680' title='bbox 545 5621 838 5708; x_wconf 50' lang='grc' dir='ltr'><strong>ζιοςημιιιίο</strong></span> <span class='ocrx_word' id='word_1_681' title='bbox 864 5621 1102 5708; x_wconf 63' lang='grc' dir='ltr'><strong>οίςςιιιάίι.</strong></span> <span class='ocrx_word' id='word_1_682' title='bbox 1133 5621 1558 5708; x_wconf 32' lang='lat' dir='ltr'><strong>ltiiti‘nm‘nempe</strong></span> <span class='ocrx_word' id='word_1_683' title='bbox 1582 5630 1775 5708; x_wconf 73' lang='lat' dir='ltr'><strong>anima:</strong></span> <span class='ocrx_word' id='word_1_684' title='bbox 1809 5646 1821 5682; x_wconf 90' lang='lat'><strong>:</strong></span> <span class='ocrx_word' id='word_1_685' title='bbox 1847 5631 1959 5698; x_wconf 88' lang='lat' dir='ltr'><strong>ipse</strong></span> 
     </span>
    </p>
   </div>
   <div class='ocr_carea' id='block_1_101' title="bbox 368 5693 1956 5770">
    <p class='ocr_par' dir='ltr' id='par_1_101' title="bbox 368 5693 1956 5770">
     <span class='ocr_line' id='line_1_105' title="bbox 368 5693 1956 5770; baseline 0.006 -24"><span class='ocrx_word' id='word_1_686' title='bbox 368 5696 532 5758; x_wconf 80' lang='lat' dir='ltr'><strong>enim,</strong></span> <span class='ocrx_word' id='word_1_687' title='bbox 559 5695 609 5770; x_wconf 82' lang='lat' dir='ltr'><strong>in</strong></span> <span class='ocrx_word' id='word_1_688' title='bbox 641 5693 863 5770; x_wconf 71' lang='lat' dir='ltr'><strong>Pincdro</strong></span> <span class='ocrx_word' id='word_1_689' title='bbox 883 5693 956 5770; x_wconf 59' lang='lat' dir='ltr'><strong>de</strong></span> <span class='ocrx_word' id='word_1_690' title='bbox 997 5693 1392 5770; x_wconf 77' lang='lat' dir='ltr'><strong>immortalitate</strong></span> <span class='ocrx_word' id='word_1_691' title='bbox 1423 5693 1614 5770; x_wconf 42' lang='lat' dir='ltr'><strong>anima“</strong></span> <span class='ocrx_word' id='word_1_692' title='bbox 1657 5693 1956 5770; x_wconf 74' lang='lat' dir='ltr'><strong>disputans,</strong></span> 
     </span>
    </p>
   </div>
   <div class='ocr_carea' id='block_1_102' title="bbox 364 5762 1959 5840">
    <p class='ocr_par' dir='ltr' id='par_1_102' title="bbox 364 5762 1959 5840">
     <span class='ocr_line' id='line_1_106' title="bbox 364 5762 1959 5840; baseline 0.006 -22"><span class='ocrx_word' id='word_1_693' title='bbox 364 5764 808 5840; x_wconf 63' lang='lat' dir='ltr'><strong>qutmtmltnodtm)</strong></span> <span class='ocrx_word' id='word_1_694' title='bbox 826 5781 853 5820; x_wconf 89' lang='lat' dir='ltr'><strong>a</strong></span> <span class='ocrx_word' id='word_1_695' title='bbox 875 5762 1132 5840; x_wconf 81' lang='lat' dir='ltr'><strong>Cicerone</strong></span> <span class='ocrx_word' id='word_1_696' title='bbox 1152 5765 1436 5840; x_wconf 81' lang='lat' dir='ltr'><strong>translatus</strong></span> <span class='ocrx_word' id='word_1_697' title='bbox 1462 5777 1544 5823; x_wconf 90' lang='lat' dir='ltr'><strong>est</strong></span> <span class='ocrx_word' id='word_1_698' title='bbox 1560 5768 1718 5825; x_wconf 86' lang='lat' dir='ltr'><strong>Tusc.</strong></span> <span class='ocrx_word' id='word_1_699' title='bbox 1746 5762 1800 5840; x_wconf 70' lang='grc' dir='ltr'>ξι.</span> <span class='ocrx_word' id='word_1_700' title='bbox 1836 5772 1883 5825; x_wconf 80' lang='grc'><strong>1.</strong></span> <span class='ocrx_word' id='word_1_701' title='bbox 1905 5762 1959 5829; x_wconf 82' lang='lat' dir='ltr'><strong>et</strong></span> 
     </span>
    </p>
   </div>
   <div class='ocr_carea' id='block_1_103' title="bbox 363 5832 1957 5911">
    <p class='ocr_par' dir='ltr' id='par_1_103' title="bbox 363 5832 1957 5911">
     <span class='ocr_line' id='line_1_107' title="bbox 363 5832 1957 5911; baseline 0.006 -18"><span class='ocrx_word' id='word_1_702' title='bbox 363 5832 570 5910; x_wconf 72' lang='lat' dir='ltr'><strong>llepub.</strong></span> <span class='ocrx_word' id='word_1_703' title='bbox 605 5837 697 5897; x_wconf 81' lang='lat' dir='ltr'><strong>lib.</strong></span> <span class='ocrx_word' id='word_1_704' title='bbox 736 5836 821 5908; x_wconf 74' lang='lat' dir='ltr'><strong>Vl,</strong></span> <span class='ocrx_word' id='word_1_705' title='bbox 863 5836 940 5896; x_wconf 87' lang='lat' dir='ltr'><strong>sic</strong></span> <span class='ocrx_word' id='word_1_706' title='bbox 986 5837 1191 5911; x_wconf 85' lang='lat' dir='ltr'><strong>inquit:</strong></span> <span class='ocrx_word' id='word_1_707' title='bbox 1223 5836 1279 5894; x_wconf 83' lang='lat' dir='ltr'><strong>Si</strong></span> <span class='ocrx_word' id='word_1_708' title='bbox 1324 5852 1425 5895; x_wconf 85' lang='lat' dir='ltr'><strong>una</strong></span> <span class='ocrx_word' id='word_1_709' title='bbox 1472 5848 1556 5896; x_wconf 83' lang='lat' dir='ltr'><strong>est</strong></span> <span class='ocrx_word' id='word_1_710' title='bbox 1599 5855 1664 5898; x_wconf 77' lang='lat' dir='ltr'><strong>ex</strong></span> <span class='ocrx_word' id='word_1_711' title='bbox 1709 5832 1957 5902; x_wconf 79' lang='lat' dir='ltr'><strong>omnibus</strong></span> 
     </span>
    </p>
   </div>
   <div class='ocr_carea' id='block_1_104' title="bbox 2069 4070 3673 4146">
    <p class='ocr_par' dir='ltr' id='par_1_104' title="bbox 2069 4070 3673 4146">
     <span class='ocr_line' id='line_1_108' title="bbox 2069 4070 3673 4146; baseline 0.005 -20"><span class='ocrx_word' id='word_1_712' title='bbox 2069 4070 2245 4126; x_wconf 88' lang='lat' dir='ltr'><strong>anima</strong></span> <span class='ocrx_word' id='word_1_713' title='bbox 2277 4086 2396 4146; x_wconf 76' lang='lat' dir='ltr'><strong>quae</strong></span> <span class='ocrx_word' id='word_1_714' title='bbox 2417 4142 2426 4146; x_wconf 25' lang='grc' dir='ltr'><strong>Α</strong></span> <span class='ocrx_word' id='word_1_715' title='bbox 2451 4072 2680 4146; x_wconf 80' lang='lat' dir='ltr'><strong>seipsam</strong></span> <span class='ocrx_word' id='word_1_716' title='bbox 2712 4080 2954 4138; x_wconf 89' lang='lat' dir='ltr'><strong>moveat,</strong></span> <span class='ocrx_word' id='word_1_717' title='bbox 3003 4079 3162 4142; x_wconf 84' lang='lat' dir='ltr'><strong>atque</strong></span> <span class='ocrx_word' id='word_1_718' title='bbox 3189 4070 3324 4128; x_wconf 87' lang='lat' dir='ltr'><strong>adeo</strong></span> <span class='ocrx_word' id='word_1_719' title='bbox 3352 4074 3673 4146; x_wconf 88' lang='lat' dir='ltr'><strong>principium</strong></span> 
     </span>
    </p>
   </div>
   <div class='ocr_carea' id='block_1_105' title="bbox 2069 4142 3664 4212">
    <p class='ocr_par' dir='ltr' id='par_1_105' title="bbox 2069 4142 3664 4212">
     <span class='ocr_line' id='line_1_109' title="bbox 2069 4142 3664 4212; baseline 0.006 -17"><span class='ocrx_word' id='word_1_720' title='bbox 2069 4151 2245 4196; x_wconf 89' lang='lat' dir='ltr'><strong>motus</strong></span> <span class='ocrx_word' id='word_1_721' title='bbox 2282 4143 2382 4198; x_wconf 84' lang='lat' dir='ltr'><strong>sibi</strong></span> <span class='ocrx_word' id='word_1_722' title='bbox 2416 4142 2514 4212; x_wconf 88' lang='lat' dir='ltr'><strong>ipsi</strong></span> <span class='ocrx_word' id='word_1_723' title='bbox 2536 4142 2612 4197; x_wconf 38' lang='lat' dir='ltr'><strong>&#39;sit</strong></span> <span class='ocrx_word' id='word_1_724' title='bbox 2640 4184 2654 4205; x_wconf 93' lang='lat'><strong>,</strong></span> <span class='ocrx_word' id='word_1_725' title='bbox 2688 4156 2861 4212; x_wconf 91' lang='lat' dir='ltr'><strong>neque</strong></span> <span class='ocrx_word' id='word_1_726' title='bbox 2889 4154 3010 4198; x_wconf 90' lang='lat' dir='ltr'><strong>nata</strong></span> <span class='ocrx_word' id='word_1_727' title='bbox 3037 4154 3207 4210; x_wconf 83' lang='lat' dir='ltr'><strong>certe,</strong></span> <span class='ocrx_word' id='word_1_728' title='bbox 3240 4154 3294 4198; x_wconf 90' lang='lat' dir='ltr'><strong>et</strong></span> <span class='ocrx_word' id='word_1_729' title='bbox 3325 4142 3536 4201; x_wconf 59' lang='lat' dir='ltr'><strong>{eterna</strong></span> <span class='ocrx_word' id='word_1_730' title='bbox 3557 4160 3664 4205; x_wconf 79' lang='lat' dir='ltr'><strong>est.</strong></span> 
     </span>
    </p>
   </div>
   <div class='ocr_carea' id='block_1_106' title="bbox 2068 4212 3667 4338">
    <p class='ocr_par' dir='ltr' id='par_1_106' title="bbox 2068 4212 3667 4338">
     <span class='ocr_line' id='line_1_110' title="bbox 2068 4212 3667 4338; baseline 0.006 -70"><span class='ocrx_word' id='word_1_731' title='bbox 2068 4212 2251 4338; x_wconf 50' lang='lat' dir='ltr'><strong>lgeque</strong></span> <span class='ocrx_word' id='word_1_732' title='bbox 2269 4215 2409 4268; x_wconf 90' lang='lat' dir='ltr'><strong>enim</strong></span> <span class='ocrx_word' id='word_1_733' title='bbox 2429 4223 2573 4271; x_wconf 88' lang='lat' dir='ltr'><strong>esset</strong></span> <span class='ocrx_word' id='word_1_734' title='bbox 2586 4213 2635 4267; x_wconf 88' lang='lat' dir='ltr'><strong>id</strong></span> <span class='ocrx_word' id='word_1_735' title='bbox 2651 4214 2992 4285; x_wconf 90' lang='lat' dir='ltr'><strong>principium,</strong></span> <span class='ocrx_word' id='word_1_736' title='bbox 3017 4215 3157 4286; x_wconf 88' lang='lat' dir='ltr'><strong>quod</strong></span> <span class='ocrx_word' id='word_1_737' title='bbox 3177 4215 3411 4272; x_wconf 88' lang='lat' dir='ltr'><strong>oriretur</strong></span> <span class='ocrx_word' id='word_1_738' title='bbox 3428 4217 3667 4277; x_wconf 87' lang='lat' dir='ltr'><strong>aliunde.</strong></span> 
     </span>
     <span class='ocr_line' id='line_1_111' title="bbox 2112 4299 2779 4338; baseline -0.004 0"><span class='ocrx_word' id='word_1_739' title='bbox 2112 4299 2203 4338; x_wconf 71' lang='grc' dir='ltr'>Αιι.</span> <span class='ocrx_word' id='word_1_740' title='bbox 2776 4332 2779 4335; x_wconf 87' lang='grc'>.</span> 
     </span>
    </p>
   </div>
   <div class='ocr_carea' id='block_1_107' title="bbox 2112 4299 2203 4339">
    <p class='ocr_par' dir='ltr' id='par_1_107' title="bbox 2112 4299 2203 4339">
     <span class='ocr_line' id='line_1_112' title="bbox 2112 4299 2203 4339; baseline -0.011 -1"><span class='ocrx_word' id='word_1_741' title='bbox 2112 4299 2203 4339; x_wconf 79' lang='lat' dir='ltr'><strong>AH.</strong></span> 
     </span>
    </p>
   </div>
   <div class='ocr_carea' id='block_1_108' title="bbox 2140 4377 3669 4449">
    <p class='ocr_par' dir='ltr' id='par_1_108' title="bbox 2140 4377 3669 4449">
     <span class='ocr_line' id='line_1_113' title="bbox 2140 4377 3669 4449; baseline 0.004 -19"><span class='ocrx_word' id='word_1_742' title='bbox 2140 4377 2217 4447; x_wconf 76' lang='grc' dir='ltr'><strong>(ο)</strong></span> <span class='ocrx_word' id='word_1_743' title='bbox 2248 4377 2397 4448; x_wconf 85' lang='lat' dir='ltr'><strong>Capit</strong></span> <span class='ocrx_word' id='word_1_744' title='bbox 2426 4379 2594 4449; x_wconf 80' lang='lat' dir='ltr'><strong>itaque</strong></span> <span class='ocrx_word' id='word_1_745' title='bbox 2613 4386 2657 4431; x_wconf 87' lang='lat' dir='ltr'><strong>et</strong></span> <span class='ocrx_word' id='word_1_746' title='bbox 2685 4381 2937 4448; x_wconf 80' lang='lat' dir='ltr'><strong>[acturam</strong></span> <span class='ocrx_word' id='word_1_747' title='bbox 2958 4379 3060 4431; x_wconf 84' lang='lat' dir='ltr'><strong>dici</strong></span> <span class='ocrx_word' id='word_1_748' title='bbox 3088 4382 3337 4449; x_wconf 75' lang='lat' dir='ltr'><strong>generari,</strong></span> <span class='ocrx_word' id='word_1_749' title='bbox 3371 4398 3461 4446; x_wconf 82' lang='lat' dir='ltr'><strong>pro</strong></span> <span class='ocrx_word' id='word_1_750' title='bbox 3488 4382 3538 4434; x_wconf 83' lang='lat' dir='ltr'><strong>in</strong></span> <span class='ocrx_word' id='word_1_751' title='bbox 3559 4398 3669 4437; x_wconf 78' lang='lat' dir='ltr'><strong>esse</strong></span> 
     </span>
    </p>
   </div>
   <div class='ocr_carea' id='block_1_109' title="bbox 2071 4449 3664 4517">
    <p class='ocr_par' dir='ltr' id='par_1_109' title="bbox 2071 4449 3664 4517">
     <span class='ocr_line' id='line_1_114' title="bbox 2071 4449 3664 4517; baseline -0.001 -15"><span class='ocrx_word' id='word_1_752' title='bbox 2071 4449 2208 4517; x_wconf 82' lang='lat' dir='ltr'><strong>poni.</strong></span> <span class='ocrx_word' id='word_1_753' title='bbox 2255 4449 2429 4517; x_wconf 83' lang='lat' dir='ltr'><strong>Capit,</strong></span> <span class='ocrx_word' id='word_1_754' title='bbox 2483 4449 2583 4504; x_wconf 89' lang='lat' dir='ltr'><strong>hoc</strong></span> <span class='ocrx_word' id='word_1_755' title='bbox 2626 4458 2728 4513; x_wconf 85' lang='lat' dir='ltr'><strong>est,</strong></span> <span class='ocrx_word' id='word_1_756' title='bbox 2775 4450 2927 4514; x_wconf 90' lang='lat' dir='ltr'><strong>licet,</strong></span> <span class='ocrx_word' id='word_1_757' title='bbox 2991 4452 3070 4503; x_wconf 65' lang='lat' dir='ltr'><strong>las</strong></span> <span class='ocrx_word' id='word_1_758' title='bbox 3119 4460 3219 4503; x_wconf 86' lang='lat' dir='ltr'><strong>est.</strong></span> <span class='ocrx_word' id='word_1_759' title='bbox 3274 4450 3547 4507; x_wconf 68' lang='lat' dir='ltr'><strong>Fucinum:</strong></span> <span class='ocrx_word' id='word_1_760' title='bbox 3592 4452 3664 4509; x_wconf 86' lang='lat' dir='ltr'><strong>de</strong></span> 
     </span>
    </p>
   </div>
   <div class='ocr_carea' id='block_1_110' title="bbox 2072 4519 3528 4589">
    <p class='ocr_par' dir='ltr' id='par_1_110' title="bbox 2072 4519 3528 4589">
     <span class='ocr_line' id='line_1_115' title="bbox 2072 4519 3528 4589; baseline 0.004 -18"><span class='ocrx_word' id='word_1_761' title='bbox 2072 4519 2249 4573; x_wconf 82' lang='lat' dir='ltr'><strong>anittta</strong></span> <span class='ocrx_word' id='word_1_762' title='bbox 2282 4521 2430 4581; x_wconf 77' lang='lat' dir='ltr'><strong>dicit,</strong></span> <span class='ocrx_word' id='word_1_763' title='bbox 2462 4520 2604 4589; x_wconf 89' lang='lat' dir='ltr'><strong>quod</strong></span> <span class='ocrx_word' id='word_1_764' title='bbox 2634 4521 2764 4575; x_wconf 87' lang='lat' dir='ltr'><strong>alias</strong></span> <span class='ocrx_word' id='word_1_765' title='bbox 2791 4521 2993 4575; x_wconf 86' lang='lat' dir='ltr'><strong>diceret</strong></span> <span class='ocrx_word' id='word_1_766' title='bbox 3019 4520 3378 4577; x_wconf 78' lang='lat' dir='ltr'><strong>Creationent.</strong></span> <span class='ocrx_word' id='word_1_767' title='bbox 3413 4524 3528 4579; x_wconf 75' lang='lat' dir='ltr'><strong>IltG.</strong></span> 
     </span>
    </p>
   </div>
   <div class='ocr_carea' id='block_1_111' title="bbox 2151 4589 3670 4661">
    <p class='ocr_par' dir='ltr' id='par_1_111' title="bbox 2151 4589 3670 4661">
     <span class='ocr_line' id='line_1_116' title="bbox 2151 4589 3670 4661; baseline 0.007 -19"><span class='ocrx_word' id='word_1_768' title='bbox 2151 4589 2213 4661; x_wconf 76' lang='grc' dir='ltr'><strong>(Γ)</strong></span> <span class='ocrx_word' id='word_1_769' title='bbox 2252 4589 2510 4644; x_wconf 83' lang='lat' dir='ltr'><strong>Eubulum</strong></span> <span class='ocrx_word' id='word_1_770' title='bbox 2549 4591 2789 4658; x_wconf 82' lang='lat' dir='ltr'><strong>aliquem.</strong></span> <span class='ocrx_word' id='word_1_771' title='bbox 2845 4592 3078 4646; x_wconf 78' lang='lat' dir='ltr'><strong>Eubulus</strong></span> <span class='ocrx_word' id='word_1_772' title='bbox 3125 4593 3522 4648; x_wconf 64' lang='lat' dir='ltr'><strong>Alt-stmdrinus</strong></span> <span class='ocrx_word' id='word_1_773' title='bbox 3567 4596 3670 4652; x_wconf 78' lang='lat' dir='ltr'><strong>luit</strong></span> 
     </span>
    </p>
   </div>
   <div class='ocr_carea' id='block_1_112' title="bbox 2075 4660 3667 4737">
    <p class='ocr_par' dir='ltr' id='par_1_112' title="bbox 2075 4660 3667 4737">
     <span class='ocr_line' id='line_1_117' title="bbox 2075 4660 3667 4737; baseline 0.004 -21"><span class='ocrx_word' id='word_1_774' title='bbox 2075 4660 2497 4737; x_wconf 65' lang='lat' dir='ltr'><strong>Pyrrhonianus,</strong></span> <span class='ocrx_word' id='word_1_775' title='bbox 2528 4673 2585 4715; x_wconf 87' lang='grc' dir='ltr'>ιιι</span> <span class='ocrx_word' id='word_1_776' title='bbox 2616 4664 2854 4716; x_wconf 81' lang='lat' dir='ltr'><strong>Laertius</strong></span> <span class='ocrx_word' id='word_1_777' title='bbox 2875 4664 2923 4716; x_wconf 92' lang='lat' dir='ltr'><strong>in</strong></span> <span class='ocrx_word' id='word_1_778' title='bbox 2954 4663 3177 4717; x_wconf 84' lang='lat' dir='ltr'><strong>Timone</strong></span> <span class='ocrx_word' id='word_1_779' title='bbox 3208 4675 3446 4729; x_wconf 73' lang='lat' dir='ltr'><strong>lrslatttt&#39;,</strong></span> <span class='ocrx_word' id='word_1_780' title='bbox 3472 4667 3536 4718; x_wconf 87' lang='lat' dir='ltr'><strong>de</strong></span> <span class='ocrx_word' id='word_1_781' title='bbox 3557 4684 3667 4737; x_wconf 90' lang='lat' dir='ltr'><strong>quo</strong></span> 
     </span>
    </p>
   </div>
   <div class='ocr_carea' id='block_1_113' title="bbox 2073 4734 3666 4807">
    <p class='ocr_par' dir='ltr' id='par_1_113' title="bbox 2073 4734 3666 4807">
     <span class='ocr_line' id='line_1_118' title="bbox 2073 4734 3666 4807; baseline 0.004 -21"><span class='ocrx_word' id='word_1_782' title='bbox 2073 4734 2294 4807; x_wconf 58' lang='lat' dir='ltr'><strong>S_§t‘i|)_il:</strong></span> <span class='ocrx_word' id='word_1_783' title='bbox 2335 4737 2721 4807; x_wconf 26' lang='lat' dir='ltr'><strong>Eﬁppdvopochdé</strong></span> <span class='ocrx_word' id='word_1_784' title='bbox 2772 4738 3013 4807; x_wconf 44' lang='lat' dir='ltr'><strong>atggxouuv</strong></span> <span class='ocrx_word' id='word_1_785' title='bbox 3058 4741 3289 4807; x_wconf 65' lang='lat' dir='ltr'><strong>E560u).o;</strong></span> <span class='ocrx_word' id='word_1_786' title='bbox 3335 4734 3666 4807; x_wconf 59' lang='grc' dir='ltr'><strong>ἁλεξσινδξέῦς.</strong></span> 
     </span>
    </p>
   </div>
   <div class='ocr_carea' id='block_1_114' title="bbox 2076 4802 3667 4874">
    <p class='ocr_par' dir='ltr' id='par_1_114' title="bbox 2076 4802 3667 4874">
     <span class='ocr_line' id='line_1_119' title="bbox 2076 4802 3667 4874; baseline 0.005 -16"><span class='ocrx_word' id='word_1_787' title='bbox 2076 4802 2465 4874; x_wconf 76' lang='lat' dir='ltr'><strong>Euphranorem</strong></span> <span class='ocrx_word' id='word_1_788' title='bbox 2534 4802 2726 4858; x_wconf 74' lang='lat' dir='ltr'><strong>audivit</strong></span> <span class='ocrx_word' id='word_1_789' title='bbox 2789 4804 3018 4860; x_wconf 77' lang='lat' dir='ltr'><strong>Eubulus</strong></span> <span class='ocrx_word' id='word_1_790' title='bbox 3089 4806 3485 4861; x_wconf 70' lang='lat' dir='ltr'><strong>Alexandrinus.</strong></span> <span class='ocrx_word' id='word_1_791' title='bbox 3539 4802 3667 4865; x_wconf 58' lang='lat' dir='ltr'><strong>Sed</strong></span> 
     </span>
    </p>
   </div>
   <div class='ocr_carea' id='block_1_115' title="bbox 2073 4875 3670 4945">
    <p class='ocr_par' dir='ltr' id='par_1_115' title="bbox 2073 4875 3670 4945">
     <span class='ocr_line' id='line_1_120' title="bbox 2073 4875 3670 4945; baseline 0.006 -19"><span class='ocrx_word' id='word_1_792' title='bbox 2073 4875 2264 4931; x_wconf 70' lang='lat' dir='ltr'><strong>Sttidzts</strong></span> <span class='ocrx_word' id='word_1_793' title='bbox 2313 4875 2470 4931; x_wconf 77' lang='lat' dir='ltr'><strong>illilel&#39;</strong></span> <span class='ocrx_word' id='word_1_794' title='bbox 2515 4876 2725 4936; x_wconf 88' lang='lat' dir='ltr'><strong>scribit,</strong></span> <span class='ocrx_word' id='word_1_795' title='bbox 2769 4883 3001 4937; x_wconf 74' lang='grc' dir='ltr'><strong>Εὔϐουλος</strong></span> <span class='ocrx_word' id='word_1_796' title='bbox 3033 4885 3242 4939; x_wconf 63' lang='grc' dir='ltr'><strong>Κσιζττιες</strong></span> <span class='ocrx_word' id='word_1_797' title='bbox 3289 4878 3518 4942; x_wconf 37' lang='lat' dir='ltr'><strong>damonis:</strong></span> <span class='ocrx_word' id='word_1_798' title='bbox 3565 4889 3670 4945; x_wconf 71' lang='grc' dir='ltr'><strong>υἱὸς</strong></span> 
     </span>
    </p>
   </div>
   <div class='ocr_carea' id='block_1_116' title="bbox 2071 4945 3667 5019">
    <p class='ocr_par' dir='ltr' id='par_1_116' title="bbox 2071 4945 3667 5019">
     <span class='ocr_line' id='line_1_121' title="bbox 2071 4945 3667 5019; baseline 0.004 -19"><span class='ocrx_word' id='word_1_799' title='bbox 2071 4946 2672 5019; x_wconf 38' lang='grc' dir='ltr'><strong>εὖφρίνορρςηΕιιὺιιιιιε,</strong></span> <span class='ocrx_word' id='word_1_800' title='bbox 2704 4945 2906 5002; x_wconf 76' lang='lat' dir='ltr'><strong>Kettius</strong></span> <span class='ocrx_word' id='word_1_801' title='bbox 2934 4949 3270 5015; x_wconf 71' lang='lat' dir='ltr'><strong>Atheniensis,</strong></span> <span class='ocrx_word' id='word_1_802' title='bbox 3306 4948 3667 5019; x_wconf 64' lang='lat' dir='ltr'><strong>Euphranoris</strong></span> 
     </span>
    </p>
   </div>
   <div class='ocr_carea' id='block_1_117' title="bbox 2070 5016 3668 5089">
    <p class='ocr_par' dir='ltr' id='par_1_117' title="bbox 2070 5016 3668 5089">
     <span class='ocr_line' id='line_1_122' title="bbox 2070 5016 3668 5089; baseline 0.004 -18"><span class='ocrx_word' id='word_1_803' title='bbox 2070 5016 2229 5087; x_wconf 74' lang='lat' dir='ltr'><strong>ﬁlius.</strong></span> <span class='ocrx_word' id='word_1_804' title='bbox 2274 5016 2492 5089; x_wconf 78' lang='lat' dir='ltr'><strong>Colligit</strong></span> <span class='ocrx_word' id='word_1_805' title='bbox 2542 5019 2627 5072; x_wconf 87' lang='lat' dir='ltr'><strong>hic</strong></span> <span class='ocrx_word' id='word_1_806' title='bbox 2675 5022 2874 5074; x_wconf 83' lang='lat' dir='ltr'><strong>Auctor</strong></span> <span class='ocrx_word' id='word_1_807' title='bbox 2923 5035 3019 5089; x_wconf 90' lang='lat' dir='ltr'><strong>per</strong></span> <span class='ocrx_word' id='word_1_808' title='bbox 3044 5016 3409 5089; x_wconf 65' lang='lat' dir='ltr'><strong>gmdationeui</strong></span> <span class='ocrx_word' id='word_1_809' title='bbox 3460 5020 3668 5078; x_wconf 86' lang='lat' dir='ltr'><strong>classes</strong></span> 
     </span>
    </p>
   </div>
   <div class='ocr_carea' id='block_1_118' title="bbox 2067 5088 3661 5214">
    <p class='ocr_par' dir='ltr' id='par_1_118' title="bbox 2067 5088 3661 5214">
     <span class='ocr_line' id='line_1_123' title="bbox 2067 5088 3661 5214; baseline 0.006 -73"><span class='ocrx_word' id='word_1_810' title='bbox 2067 5088 2533 5214; x_wconf 60' lang='lat' dir='ltr'><strong>Iphilosppboram,</strong></span> <span class='ocrx_word' id='word_1_811' title='bbox 2580 5089 2669 5158; x_wconf 89' lang='lat' dir='ltr'><strong>qui</strong></span> <span class='ocrx_word' id='word_1_812' title='bbox 2710 5088 2944 5146; x_wconf 75' lang='lat' dir='ltr'><strong>animant</strong></span> <span class='ocrx_word' id='word_1_813' title='bbox 2978 5088 3366 5160; x_wconf 83' lang='lat' dir='ltr'><strong>ineorporalcm</strong></span> <span class='ocrx_word' id='word_1_814' title='bbox 3395 5090 3661 5150; x_wconf 79' lang='lat' dir='ltr'><strong>fecerunt.</strong></span> 
     </span>
     <span class='ocr_line' id='line_1_124' title="bbox 2115 5175 2198 5214; baseline 0 0"><span class='ocrx_word' id='word_1_815' title='bbox 2115 5175 2198 5214; x_wconf 66' lang='lat' dir='ltr'><strong>ac.</strong></span> 
     </span>
    </p>
   </div>
   <div class='ocr_carea' id='block_1_119' title="bbox 2115 5175 2198 5216">
    <p class='ocr_par' dir='ltr' id='par_1_119' title="bbox 2115 5175 2198 5216">
     <span class='ocr_line' id='line_1_125' title="bbox 2115 5175 2198 5216; baseline 0.024 -2"><span class='ocrx_word' id='word_1_816' title='bbox 2115 5175 2198 5216; x_wconf 73' lang='lat' dir='ltr'><strong>AC.</strong></span> 
     </span>
    </p>
   </div>
   <div class='ocr_carea' id='block_1_120' title="bbox 2141 5255 3661 5328">
    <p class='ocr_par' dir='ltr' id='par_1_120' title="bbox 2141 5255 3661 5328">
     <span class='ocr_line' id='line_1_126' title="bbox 2141 5255 3661 5328; baseline 0.001 -18"><span class='ocrx_word' id='word_1_817' title='bbox 2141 5257 2216 5325; x_wconf 55' lang='grc' dir='ltr'><strong>(ε)</strong></span> <span class='ocrx_word' id='word_1_818' title='bbox 2249 5255 2545 5328; x_wconf 75' lang='lat' dir='ltr'><strong>Critolaum.</strong></span> <span class='ocrx_word' id='word_1_819' title='bbox 2579 5255 2848 5311; x_wconf 89' lang='lat' dir='ltr'><strong>Critolaus</strong></span> <span class='ocrx_word' id='word_1_820' title='bbox 2873 5256 3168 5328; x_wconf 60' lang='lat' dir='ltr'><strong>Pbasclitrs</strong></span> <span class='ocrx_word' id='word_1_821' title='bbox 3198 5257 3293 5311; x_wconf 85' lang='lat' dir='ltr'><strong>luit</strong></span> <span class='ocrx_word' id='word_1_822' title='bbox 3324 5257 3535 5311; x_wconf 78' lang='lat' dir='ltr'><strong>auditor</strong></span> <span class='ocrx_word' id='word_1_823' title='bbox 3562 5256 3661 5328; x_wconf 81' lang='lat' dir='ltr'><strong>Ly-</strong></span> 
     </span>
    </p>
   </div>
   <div class='ocr_carea' id='block_1_121' title="bbox 2067 5326 3657 5395">
    <p class='ocr_par' dir='ltr' id='par_1_121' title="bbox 2067 5326 3657 5395">
     <span class='ocr_line' id='line_1_127' title="bbox 2067 5326 3657 5395; baseline 0.005 -18"><span class='ocrx_word' id='word_1_824' title='bbox 2067 5330 2216 5378; x_wconf 72' lang='lat' dir='ltr'><strong>ctmis</strong></span> <span class='ocrx_word' id='word_1_825' title='bbox 2242 5338 2295 5381; x_wconf 92' lang='lat' dir='ltr'><strong>ct</strong></span> <span class='ocrx_word' id='word_1_826' title='bbox 2323 5327 2619 5393; x_wconf 79' lang='lat' dir='ltr'><strong>peripatetit</strong></span> <span class='ocrx_word' id='word_1_827' title='bbox 2639 5342 2719 5391; x_wconf 92' lang='lat' dir='ltr'><strong>us,</strong></span> <span class='ocrx_word' id='word_1_828' title='bbox 2766 5338 2821 5381; x_wconf 91' lang='lat' dir='ltr'><strong>ut</strong></span> <span class='ocrx_word' id='word_1_829' title='bbox 2867 5328 2966 5382; x_wconf 82' lang='lat' dir='ltr'><strong>hoc</strong></span> <span class='ocrx_word' id='word_1_830' title='bbox 3005 5326 3194 5379; x_wconf 75' lang='lat' dir='ltr'><strong>eodem</strong></span> <span class='ocrx_word' id='word_1_831' title='bbox 3223 5329 3396 5395; x_wconf 84' lang='lat' dir='ltr'><strong>capite</strong></span> <span class='ocrx_word' id='word_1_832' title='bbox 3427 5326 3657 5385; x_wconf 78' lang='lat' dir='ltr'><strong>dicetur.</strong></span> 
     </span>
    </p>
   </div>
   <div class='ocr_carea' id='block_1_122' title="bbox 2065 5396 3661 5467">
    <p class='ocr_par' dir='ltr' id='par_1_122' title="bbox 2065 5396 3661 5467">
     <span class='ocr_line' id='line_1_128' title="bbox 2065 5396 3661 5467; baseline 0.002 -18"><span class='ocrx_word' id='word_1_833' title='bbox 2065 5396 2249 5465; x_wconf 84' lang='lat' dir='ltr'><strong>Neque</strong></span> <span class='ocrx_word' id='word_1_834' title='bbox 2278 5407 2404 5467; x_wconf 86' lang='lat' dir='ltr'><strong>puto</strong></span> <span class='ocrx_word' id='word_1_835' title='bbox 2441 5396 2669 5463; x_wconf 83' lang='lat' dir='ltr'><strong>duplicis</strong></span> <span class='ocrx_word' id='word_1_836' title='bbox 2707 5398 2927 5452; x_wconf 88' lang='lat' dir='ltr'><strong>Critolai</strong></span> <span class='ocrx_word' id='word_1_837' title='bbox 2959 5398 3045 5453; x_wconf 84' lang='lat' dir='ltr'><strong>hie</strong></span> <span class='ocrx_word' id='word_1_838' title='bbox 3089 5399 3401 5453; x_wconf 78' lang='lat' dir='ltr'><strong>meminisse</strong></span> <span class='ocrx_word' id='word_1_839' title='bbox 3442 5399 3661 5454; x_wconf 60' lang='lat' dir='ltr'><strong>&#39;l&#39;ertulc</strong></span> 
     </span>
    </p>
   </div>
   <div class='ocr_carea' id='block_1_123' title="bbox 2068 5467 3661 5540">
    <p class='ocr_par' dir='ltr' id='par_1_123' title="bbox 2068 5467 3661 5540">
     <span class='ocr_line' id='line_1_129' title="bbox 2068 5467 3661 5540; baseline 0.004 -20"><span class='ocrx_word' id='word_1_840' title='bbox 2068 5467 2287 5540; x_wconf 85' lang='lat' dir='ltr'><strong>lianum,</strong></span> <span class='ocrx_word' id='word_1_841' title='bbox 2340 5479 2394 5523; x_wconf 90' lang='lat' dir='ltr'><strong>ut</strong></span> <span class='ocrx_word' id='word_1_842' title='bbox 2433 5482 2552 5540; x_wconf 78' lang='lat' dir='ltr'><strong>mox</strong></span> <span class='ocrx_word' id='word_1_843' title='bbox 2581 5467 2912 5540; x_wconf 76' lang='lat' dir='ltr'><strong>videbimus;</strong></span> <span class='ocrx_word' id='word_1_844' title='bbox 2957 5469 3050 5525; x_wconf 87' lang='lat' dir='ltr'><strong>sed</strong></span> <span class='ocrx_word' id='word_1_845' title='bbox 3102 5470 3258 5523; x_wconf 87' lang='lat' dir='ltr'><strong>unius</strong></span> <span class='ocrx_word' id='word_1_846' title='bbox 3287 5480 3513 5531; x_wconf 89' lang='lat' dir='ltr'><strong>tantum,</strong></span> <span class='ocrx_word' id='word_1_847' title='bbox 3568 5473 3661 5540; x_wconf 89' lang='lat' dir='ltr'><strong>qui</strong></span> 
     </span>
    </p>
   </div>
   <div class='ocr_carea' id='block_1_124' title="bbox 2065 5535 3663 5611">
    <p class='ocr_par' dir='ltr' id='par_1_124' title="bbox 2065 5535 3663 5611">
     <span class='ocr_line' id='line_1_130' title="bbox 2065 5535 3663 5611; baseline 0.003 -20"><span class='ocrx_word' id='word_1_848' title='bbox 2065 5539 2296 5611; x_wconf 75' lang='lat' dir='ltr'><strong>animam</strong></span> <span class='ocrx_word' id='word_1_849' title='bbox 2329 5535 2548 5611; x_wconf 68' lang='lat' dir='ltr'><strong>putabat</strong></span> <span class='ocrx_word' id='word_1_850' title='bbox 2591 5539 2758 5593; x_wconf 83' lang='lat' dir='ltr'><strong>instar</strong></span> <span class='ocrx_word' id='word_1_851' title='bbox 2797 5542 2976 5611; x_wconf 84' lang='lat' dir='ltr'><strong>puncti</strong></span> <span class='ocrx_word' id='word_1_852' title='bbox 3007 5542 3373 5611; x_wconf 74' lang='lat' dir='ltr'><strong>incol-porcam</strong></span> <span class='ocrx_word' id='word_1_853' title='bbox 3415 5535 3663 5605; x_wconf 30' lang='lat' dir='ltr'><strong>esseput.</strong></span> 
     </span>
    </p>
   </div>
   <div class='ocr_carea' id='block_1_125' title="bbox 2065 5608 3660 5666">
    <p class='ocr_par' dir='ltr' id='par_1_125' title="bbox 2065 5608 3660 5666">
     <span class='ocr_line' id='line_1_131' title="bbox 2065 5608 3660 5666; baseline 0.001 -2"><span class='ocrx_word' id='word_1_854' title='bbox 2065 5608 2327 5665; x_wconf 80' lang='lat' dir='ltr'><strong>Marsilins</strong></span> <span class='ocrx_word' id='word_1_855' title='bbox 2369 5608 2579 5665; x_wconf 78' lang='lat' dir='ltr'><strong>Ficinus</strong></span> <span class='ocrx_word' id='word_1_856' title='bbox 2617 5608 2918 5665; x_wconf 70' lang='lat' dir='ltr'><strong>Chltiil‘ttlttt.</strong></span> <span class='ocrx_word' id='word_1_857' title='bbox 2951 5611 3186 5664; x_wconf 84' lang='lat' dir='ltr'><strong>Meminit</strong></span> <span class='ocrx_word' id='word_1_858' title='bbox 3227 5610 3433 5665; x_wconf 72' lang='lat' dir='ltr'><strong>Tullius</strong></span> <span class='ocrx_word' id='word_1_859' title='bbox 3490 5611 3581 5664; x_wconf 89' lang='lat' dir='ltr'><strong>lib.</strong></span> <span class='ocrx_word' id='word_1_860' title='bbox 3620 5613 3660 5666; x_wconf 83' lang='lat' dir='ltr'><strong>V</strong></span> 
     </span>
    </p>
   </div>
   <div class='ocr_carea' id='block_1_126' title="bbox 2065 5678 3660 5753">
    <p class='ocr_par' dir='ltr' id='par_1_126' title="bbox 2065 5678 3660 5753">
     <span class='ocr_line' id='line_1_132' title="bbox 2065 5678 3660 5753; baseline 0.001 -17"><span class='ocrx_word' id='word_1_861' title='bbox 2065 5680 2219 5753; x_wconf 69' lang='lat' dir='ltr'><strong>&#39;l&#39;usc</strong></span> <span class='ocrx_word' id='word_1_862' title='bbox 2258 5678 2477 5738; x_wconf 85' lang='lat' dir='ltr'><strong>Critolai</strong></span> <span class='ocrx_word' id='word_1_863' title='bbox 2505 5692 2557 5753; x_wconf 79' lang='lat' dir='ltr'><strong>et</strong></span> <span class='ocrx_word' id='word_1_864' title='bbox 2587 5680 2932 5747; x_wconf 79' lang='lat' dir='ltr'><strong>Xenocratis,</strong></span> <span class='ocrx_word' id='word_1_865' title='bbox 2960 5695 3184 5753; x_wconf 89' lang='lat' dir='ltr'><strong>quorum</strong></span> <span class='ocrx_word' id='word_1_866' title='bbox 3222 5679 3290 5737; x_wconf 85' lang='lat' dir='ltr'><strong>dc</strong></span> <span class='ocrx_word' id='word_1_867' title='bbox 3326 5681 3523 5737; x_wconf 80' lang='lat' dir='ltr'><strong>virtute</strong></span> <span class='ocrx_word' id='word_1_868' title='bbox 3550 5694 3660 5738; x_wconf 77' lang='lat' dir='ltr'><strong>tes-</strong></span> 
     </span>
    </p>
   </div>
   <div class='ocr_carea' id='block_1_127' title="bbox 2065 5752 2630 5810">
    <p class='ocr_par' dir='ltr' id='par_1_127' title="bbox 2065 5752 2630 5810">
     <span class='ocr_line' id='line_1_133' title="bbox 2065 5752 2630 5810; baseline 0.004 -5"><span class='ocrx_word' id='word_1_869' title='bbox 2065 5752 2281 5808; x_wconf 81' lang='lat' dir='ltr'><strong>timOuia</strong></span> <span class='ocrx_word' id='word_1_870' title='bbox 2307 5756 2456 5810; x_wconf 86' lang='lat' dir='ltr'><strong>citat.</strong></span> <span class='ocrx_word' id='word_1_871' title='bbox 2500 5752 2630 5809; x_wconf 70' lang='lat' dir='ltr'><strong>Lac.</strong></span> 
     </span>
    </p>
   </div>
   <div class='ocr_carea' id='block_1_128' title="bbox 2134 5842 3757 5931">
    <p class='ocr_par' dir='ltr' id='par_1_128' title="bbox 2134 5842 3757 5931">
     <span class='ocr_line' id='line_1_134' title="bbox 2134 5842 3757 5931; baseline 0.002 -33"><span class='ocrx_word' id='word_1_872' title='bbox 2134 5844 2217 5921; x_wconf 88' lang='lat' dir='ltr'><strong>(b)</strong></span> <span class='ocrx_word' id='word_1_873' title='bbox 2249 5843 2603 5931; x_wconf 59' lang='lat' dir='ltr'><strong>Xenocratem.</strong></span> <span class='ocrx_word' id='word_1_874' title='bbox 2633 5846 2729 5904; x_wconf 88' lang='lat' dir='ltr'><strong>llic</strong></span> <span class='ocrx_word' id='word_1_875' title='bbox 2756 5845 2851 5906; x_wconf 87' lang='lat' dir='ltr'><strong>luit</strong></span> <span class='ocrx_word' id='word_1_876' title='bbox 2886 5843 3122 5905; x_wconf 81' lang='lat' dir='ltr'><strong>Platonis</strong></span> <span class='ocrx_word' id='word_1_877' title='bbox 3148 5842 3439 5917; x_wconf 79' lang='lat' dir='ltr'><strong>discipulus</strong></span> <span class='ocrx_word' id='word_1_878' title='bbox 3460 5885 3475 5914; x_wconf 92' lang='lat'><strong>,</strong></span> <span class='ocrx_word' id='word_1_879' title='bbox 3510 5852 3652 5907; x_wconf 75' lang='lat' dir='ltr'><strong>lcle</strong></span> <span class='ocrx_word' id='word_1_880' title='bbox 3744 5910 3757 5921; x_wconf 43' lang='lat'><em>.</em></span> 
     </span>
    </p>
   </div>
  </div>
