4062 6288
393 303 504 363 657

1756 308 1959 367 LIBER
2001 311 2088 372 DE
2126 312 2363 370 AVIML

3601 315 3708 372 6'38

394 429 449 475 et
478 420 659 474 divitis
687 419 1002 506 merentis?
1025 419 1103 493 (ιι)
1123 419 1187 475 Et
1212 419 1336 490 quid
1365 419 1472 476 illic
1497 421 1680 478 Lazari
1711 439 1929 489 nomen,
1963 429 2006 482 si
2037 431 2085 488 Α
2115 431 2416 500 corporala
2439 429 2862 502 incorporalilms
2888 432 3156 504 obiacent,
3189 433 3300 505 ipsa
3330 447 3542 505 quoque
3567 433 3708 488 inter

393 529 502 569 non
534 515 585 568 in
617 514 841 570 veritate
868 528 956 569 res
981 515 1102 569 est?
1130 515 1234 570 Sed
1267 514 1366 569 etsi
1395 516 1570 586 imago
1601 517 1870 572 credenda
1901 529 2002 583 est,

397 609 768 664 testimonium
827 608 932 664 erit
984 608 1245 664 veritatis.
1300 609 1357 665 Si
1410 611 1552 665 enim
1619 629 1726 667 non
1787 614 2009 671 haberet

397 701 574 757 anima
621 715 841 772 corpus,
884 715 988 756 non
1018 709 1239 772 caperet
1267 702 1442 773 imago
1487 703 1680 758 anima:
1722 705 2006 775 imaginem

394 798 673 866 ciu-poris:
721 813 818 853 nec
865 797 1185 853 mentiretur
1227 797 1294 855 de
1336 800 1704 870 corporalibus
1751 805 2008 859 membris

395 891 693 961 Scriptura,
724 891 770 946 si
817 906 923 946 non
963 899 1138 950 erant.
1182 891 1318 960 Quid
1363 902 1445 947 est
1474 905 1652 948 autem
1695 894 1823 949 illud
1863 895 2005 966 quod

394 981 462 1037 ad
491 981 696 1036 inferna
731 980 1056 1036 transfertur
1083 992 1204 1052 post
1232 981 1522 1037 divortium
1551 985 1836 1054 corporis?
1865 986 2005 1055 quod

396 1074 702 1129 detinetur?
729 1073 872 1144 quod
904 1073 1131 1129 in-diem
1153 1073 1338 1142 judicii
1373 1075 1712 1130 reservatur?
1759 1075 1824 1130 ad
1859 1077 2004 1148 quod

397 1176 453 1224 et
483 1164 728 1220 Christus
757 1164 1042 1220 moriendo
1069 1164 1380 1221 descendit?
1413 1174 1541 1236 puto
1571 1165 1637 1221 ad
1676 1167 1882 1222 animas
1912 1169 2008 1224 Pa-

399 1258 787 1314 triarcbarum.
835 1257 940 1314 Sed
985 1258 1372 1329 quamobrem,
1419 1260 1464 1314 si
1509 1259 1641 1316 nihil
1686 1262 1861 1317 anima
1907 1264 2008 1319 sub

399 1351 598 1406 terris?
628 1351 704 1424 (b)
739 1349 879 1406 Nihil
906 1352 1048 1405 enim
1069 1390 1084 1414 ,
1128 1351 1172 1405 si
1207 1366 1312 1406 non
1340 1365 1565 1422 corpus:
1598 1351 2007 1422 incorporalitas

397 1447 539 1502 enim
565 1447 634 1501 ab
672 1446 818 1501 omni
847 1461 1046 1516 genere
1071 1445 1330 1502 custodite
1358 1446 1524 1502 libera
1564 1456 1666 1512 est,
1699 1448 1952 1505 in'nnunis
1976 1465 2006 1504 a

401 1555 557 1610 paena
589 1551 642 1595 et
672 1556 701 1594 a
727 1539 926 1595 fovela.
960 1539 1061 1596 Per
1085 1539 1226 1610 quod
1250 1541 1394 1596 enim
1423 1520 1638 1611 punitur
1658 1553 1750 1597 aut
1771 1541 2003 1611 fovetur,

399 1630 500 1688 huc
540 1633 636 1688 erit
669 1647 897 1702 corpus;
927 1631 1147 1688 reddam
1175 1633 1244 1688 de
1273 1632 1376 1687 isto
1404 1633 1614 1704 plenius
1648 1643 1703 1690 et
1741 1647 2002 1706 opportu-

397 1728 536 1783 nius.
567 1729 730 1798 Igitur
751 1728 795 1782 si
815 1727 940 1798 quid
960 1727 1212 1782 tormenti
1235 1727 1348 1807 sive
1368 1727 1546 1782 solatii
1564 1729 1739 1784 anima
1767 1744 2001 1800 prrecer-

2113 539 2172 580 se
2201 524 2472 592 dili‘eruut,
2521 535 2575 579 ut
2626 525 2929 580 diﬂ‘erentia
2981 527 3188 598 species
3218 542 3404 583 eorum
3431 527 3645 597 ampliet
3685 567 3699 590 ,

2114 601 2434 688 non'grnus
2485 629 2695 673 mutet:
2727 627 2784 672 ιιι
2838 619 2944 673 sint
2982 619 3314 690 corporalia,
3341 619 3419 674 sic
3457 617 3622 672 multa
3653 619 3704 673 in

2116 708 2208 764 Dei
2237 709 2462 780 gloriam
2491 709 2598 779 (3),
2626 708 2751 764 dum
2780 710 2922 764 varia
2949 724 2964 774 ;
2991 709 3070 764 sic
3100 710 3268 776 varia,
3296 709 3422 764 dum
3445 709 3658 764 diversa
3683 727 3700 773 ;

2111 799 2235 856 dmn
2284 802 2366 856 his
2411 801 2498 857 alii
2546 803 2858 882 qualitatum
2890 816 3114 870 sensus,
3161 802 3249 857 alii
3281 802 3423 868 illis;
3470 801 3594 857 dum
3627 802 3710 856 bis

2111 895 2212 951 alia
2239 895 2510 961 alimenta,
2536 895 2637 950 alia
2668 896 2804 962 illis;
2833 895 2960 950 dum
2984 896 3098 951 lucc
3124 895 3429 963 invisibilia,
3457 895 3546 950 illa
3590 895 3710 949 visi-

2118 987 2242 1042 hilia
2275 1005 2289 1053 ;
2335 988 2460 1043 dum
2492 987 2606 1042 hzee
2632 988 2836 1058 gravia,
2869 987 2956 1042 illa
2987 987 3142 1042 levia.
3177 987 3341 1042 Aiunt
3365 987 3507 1042 enim
3549 995 3604 1040 ct
3625 985 3709 1040 id-

2112 1079 2260 1134 circo
2288 1081 2520 1136 animam
2554 1079 2943 1150 incorporalem
2979 1078 3412 1143 renuntiandam,
3445 1078 3592 1147 quia,
3620 1077 3706 1132 di-

2111 1187 2294 1244 gressa
2325 1189 2406 1238 ea,
2454 1174 2698 1244 graviora
2720 1172 3023 1229 efficiantur
3043 1188 3274 1244 corpora
3301 1171 3702 1236 defunctorum,

2110 1282 2232 1322 cum
2262 1267 2461 1322 leviora
2500 1280 2620 1322 esse
2666 1265 2922 1322 deberent
2949 1307 2964 1332 ,
2991 1267 3150 1320 unius
3173 1265 3438 1336 .corporis
3466 1265 3710 1336 pondere

2110 1368 2382 1427 exempto,
2409 1358 2454 1412 si
2486 1357 2660 1413 anima
2673 1371 2888 1428 corpus.
2917 1356 3053 1426 Quid
3070 1357 3233 1420 enim,
3265 1356 3434 1427 inquit
3452 1354 3711 1422 Soranus,

2109 1452 2153 1507 si
2178 1445 2332 1506 mare
2354 1459 2550 1520 negent
2570 1464 2787 1520 corpus,
2815 1449 2939 1518 quia
2969 1458 3118 1504 extra
3148 1463 3296 1503 mare
3330 1447 3624 1502 immobilis
3652 1455 3710 1501 et

2109 1544 2286 1616 gravis
2321 1543 2473 1598 navis
2529 1541 2803 1598 eilicitur?
2841 1542 3051 1608 Quanto
3103 1555 3230 1611 ergo
3259 1539 3486 1595 validius
3515 1553 3714 1610 corpus

2109 1637 2326 1699 animm,
2360 1633 2502 1705 quod
2533 1633 2662 1689 tanti
2696 1642 2879 1704 postea
2913 1631 3164 1703 ponderis
3208 1646 3403 1702 corpus
3431 1631 3703 1686 levissima

2110 1727 2406 1784 mobilitate
2453 1724 2805 1782 circumfert?
2845 1723 3111 1780 Caeterum
3161 1732 3243 1780 est
3293 1724 3369 1794 (il)
3424 1723 3707 1778 invisibilis

395 1822 472 1890 pit
501 1821 577 1892 (Ι)
606 1820 658 1875 ia
689 1835 907 1876 carcere
932 1834 1027 1875 seu
1053 1819 1353 1875 diversorio
1380 1818 1634 1888 inferum,
1665 1823 1716 1876 iu
1749 1822 1878 1894 igni,
1909 1822 1998 1878 vel
2030 1826 2077 1886 B
2105 1823 2306 1886 anima,
2361 1829 2416 1876 et
2465 1836 2561 1891 pro
2588 1819 2899 1875 conditione
2954 1819 3200 1889 corporis
3235 1819 3342 1885 sui,
3375 1827 3429 1874 et
3451 1833 3547 1889 pro
3581 1832 3715 1889 pro.

397 1915 452 1969 in
477 1914 599 1967 sitm
633 1911 892 1978 Abrahae,
925 1912 1146 2002 probqta
1169 1914 1272 1967 erit
1293 1912 1650 1983 corporalitas
1675 1915 1888 1968 anima}.
1917 1915 2004 1969 ln-

395 2005 749 2075 curpuraiitas
766 2006 908 2060 enim
924 2005 1054 2060 nihil
1073 2007 1293 2076 patitur,
1314 2020 1422 2060 non
1441 2005 1643 2062 habens
1658 2021 1754 2078 per
1770 2007 1910 2080 quod
1929 2008 2007 2081 (Ξ)

399 2098 506 2168 pati
536 2097 735 2167 possit:
767 2109 857 2152 aut
886 2097 929 2153 si
959 2096 1140 2162 habet,
1171 2098 1273 2153 hoc
1296 2099 1400 2153 erit
1425 2112 1641 2169 corpus.
1673 2100 1727 2154 In
1751 2111 2010 2170 quantum

397 2189 540 2244 enim
569 2204 729 2245 omne
757 2191 1060 2260 corporale,
1098 2189 1352 2262 passibilc
1379 2199 1496 2257 est;
1523 2190 1574 2246 in
1615 2201 1838 2257 tantum,
1867 2193 2008 2263 quod

401 2281 656 2353 passibile
684 2293 788 2352 est,
819 2284 1100 2356 corporale
1126 2293 1232 2340 est.

1005 2419 1234 2479 CAPUT
1278 2421 1408 2477 Vlll.

472 2552 544 2626 (ε)
621 2553 922 2626 Abruptum
991 2555 1226 2627 alioquin
1293 2565 1348 2611 et
1415 2553 1735 2621 absurdum,
1807 2555 2010 2613 idcirco

404 2648 530 2718 quid
583 2646 652 2703 de
700 2636 1061 2718 corporalium
1110 2649 1348 2704 eximere
1397 2663 1586 2713 censu,
1631 2649 1754 2720 quia
1803 2653 2014 2707 caneris

399 2743 768 2811 corporalibus
840 2742 1102 2814 exemplis
1172 2757 1276 2799 non
1355 2743 1638 2814 adu-auct;
1717 2745 1805 2802 ubi
1886 2762 2010 2816 pro-

405 2833 690 2899 prietatum
773 2834 976 2904 privata
1056 2834 1388 2901 discrimina,
1450 2851 1545 2905 per
1597 2851 1716 2905 quae
1765 2838 2009 2908 magnili-

400 2925 573 2980 centia
617 2927 849 2982 auctoris
893 2941 960 2982 cx
1009 2941 1231 2997 opermn
1261 2926 1570 2982 eorumdem
1597 2927 1904 2984 diversitate
1931 2930 2008 2985 si-

400 3029 625 3087 gnatur;
658 3025 715 3071 ut
757 3018 867 3072 sint
915 3026 1020 3072 tam
1061 3018 1293 3074 discreta
1321 3034 1479 3090 quam
1507 3021 1674 3090 paria,
1701 3029 1806 3076 tam
1837 3023 2007 3078 amica

402 3122 563 3176 quam
594 3117 648 3162 et
672 3108 885 3162 temula.
917 3107 1190 3178 Siquidem
1221 3121 1276 3164 et
1311 3110 1410 3182 ipsi
1442 3111 1751 3181 pltiIOSOplti
1779 3129 1845 3168 ex
1875 3129 2006 3170 con-

407 3199 585 3253 tr..riis
617 3200 864 3278 universa
895 3210 1145 3256 constare
1197 3202 1531 3270 condicunt,
1590 3203 1671 3276 (ιι)
1712 3205 2006 3263 secundum
2035 3220 2078 3281 ρ

403 3289 691 3346 amicitiam
719 3299 774 3347 et
803 3291 1136 3348 inimicitiam
1180 3292 1545 3365 Empedoclis.
1585 3295 1674 3351 Sic
1713 3296 1872 3366 igitur
1904 3300 2005 3354 etsi

2112 1914 2336 1983 prietate
2361 1912 2694 1975 substantiae.
2721 1922 2774 1968 et
2793 1926 2888 1982 pro
2909 1921 3098 1968 natura
3123 1912 3285 1968 etiam
3313 1927 3500 1968 eorum
3517 1913 3714 1984 quibus

2113 2005 2393 2061 invisibilis
2441 2020 2562 2062 esse
2604 2006 2793 2060 sortita
2842 2013 2943 2061 est.
2993 2005 3181 2061 Solem
3212 2015 3424 2061 noctuae
3467 2007 3715 2062 nesciunt

2113 2099 2251 2154 oculi
2277 2115 2292 2163 ;
2321 2099 2512 2169 aquila:
2543 2099 2612 2153 ita
2639 2098 2926 2165 sustinent,
2957 2108 3013 2153 ut
3035 2108 3277 2154 natorum
3305 2115 3524 2155 suorum
3552 2115 3713 2169 gene-

2114 2191 2387 2246 rositatem
2435 2190 2502 2246 de
2552 2191 2867 2262 papillarum
2915 2191 3134 2246 audacia
3177 2190 3422 2261 judicent
3459 2209 3470 2245 :
3513 2192 3714 2262 alioqui

2117 2301 2222 2342 ttun
2271 2285 2616 2352 educabant,
2673 2294 2728 2338 ut
2770 2285 3128 2356 degenerem,
3162 2299 3320 2354 quem
3375 2283 3506 2340 solis
3534 2284 3715 2355 radius

2114 2376 2390 2432 averterit.
2426 2375 2522 2430 Est
2549 2374 2685 2431 adeo
2715 2374 2870 2430 alteri
2911 2373 3038 2445 quid
3071 2374 3366 2439 invisibile,
3399 2373 3552 2444 alteri
3580 2391 3710 2439 non,

2115 2469 2255 2539 quod
2307 2483 2410 2523 non
2464 2466 2584 2522 ideo
2629 2465 2965 2538 incorporale
3007 2466 3120 2532 sit,
3161 2467 3282 2537 quia
3322 2480 3428 2520 non
3461 2481 3527 2520 ex
3557 2481 3714 2536 :equo

2115 2561 2194 2614 vis
2247 2558 2325 2633 (ὅ)
2360 2559 2518 2614 valet.
2551 2558 2643 2614 Sol
2683 2558 2827 2613 enim
2863 2571 3080 2626 corpus,
3112 2555 3373 2627 siquidem
3403 2558 3572 2626 ignis;
3614 2555 3712 2610 sed

2115 2652 2255 2722 quod
2281 2651 2457 2722 aquila
2495 2651 2833 2716 conliacatur,
2876 2658 3030 2720 neget
3091 2660 3314 2716 noctua;
3379 2665 3483 2704 non
3533 2659 3711 2704 tamen

2117 2744 2474 2814 pl'tejudicans
2519 2744 2749 2814 aquilae:
2806 2739 3137 2796 tantumdem
3174 2750 3231 2796 et
3278 2741 3472 2795 anima:
3515 2755 3710 2812 Corpus

2116 2837 2384 2892 invisibile
2401 2836 2548 2890 carni
2563 2835 2606 2888 si
2626 2834 2780 2900 forte,
2801 2833 3022 2904 spiritus
3045 2846 3170 2886 vero
3188 2832 3397 2888 visibile
3419 2851 3431 2888 :
3451 2836 3527 2887 sic
3549 2833 3713 2887 Juall-

2115 2946 2229 2994 nes,
2264 2929 2315 2984 in
2347 2927 2536 2998 spiritu
2568 2928 2656 2982 Dei
2677 2925 2870 2993 factus,
2902 2922 3106 2980 animas
3131 2934 3424 2996 martyrum
3450 2926 3714 2993 constricit

2113 3027 2294 3098 (Apoc.
2325 3023 2412 3088 Vl,
2444 3023 2516 3078 20
2537 3021 2578 3094 ).

2739 3153 3085 3238 CAPUTIX.

2180 3297 2314 3354 Cum
2342 3293 2410 3366 (e)
2438 3293 2630 3348 animae
2657 3303 2852 3363 ctrpus
2878 3289 3178 3350 adserimus
3200 3290 3268 3364 (f)
3290 3293 3519 3363 propriae
3539 3290 3744 3370 qualis.

1651 3431 2031 3494 LECTIONES
2068 3430 2486 3494 VARIAN'I‘ES.

467 3545 540 3614 (l)
567 3544 820 3614 frtecepit
842 3543 950 3609 Rig.
985 3553 1097 3595 Ven.

468 3607 542 3675 (ἓ)
567 3607 821 3675 Ρριοηοιῃίιτ
856 3607 972 3675 ιςῡηΣ

468 3615 520 3675 (2
571 3615 666 3658 I’er
687 3615 821 3657 aunt.
856 3616 972 3656 rea.

467 3615 542 3735 (δέ
569 3669 621 3720 In
654 3670 747 3721 Dei
772 3668 931 3732 gloria
950 3667 1103 3720 Rhea.

2173 3545 2374 3612 (item
2399 3525 2653 3612 invisibilis
2676 3538 2825 3592 Rhen.
2847 3534 2999 3612 septi.
3019 3537 3216 3591 Oberth.
3237 3541 3358 3590 Jan.
3381 3537 3582 3592 Mavult.
3605 3537 3712 3588 Etsi

2107 3603 2365 3661 invisibilis
2385 3608 2540 3669 apima
2566 3618 2578 3653 ε
2603 3611 2653 3655 at
2675 3617 2762 3669 pro
2785 3603 3082 3656 conditione.

2171 3670 2246 3737 (5)
2281 3669 2426 3721 Visus
2447 3669 2568 3718 Jun.

1759 3773 2320 3834 COMMENTARIUS.

473 3911 551 3986 (a)
587 3911 654 3966 Et
673 3911 801 3986 quid
821 3909 1007 3965 Lazari
1032 3927 1226 3986 nomen.
1253 3909 1315 3986 In
1345 3910 1466 3986 cod.
1498 3909 1766 3986 Agohardi
1797 3912 2010 3982 legitur,

408 3981 641 4040 Elirs'rri.
661 3981 927 4038 C:rterum
951 3983 1138 4036 eodem
1162 3998 1228 4036 ex
1253 3981 1472 4036 historia
1498 3981 1680 4037 [.azari
1697 3981 2011 4050 argttmento

407 4057 643 4112 Ireumus
669 4098 682 4121 ,
714 4057 852 4109 circa
884 4069 1201 4122 corporeum
1227 4053 1511 4122 quetndam
1542 4055 1733 4108 anima:
1767 4054 2005 4111 habitum

404 4127 649 4196 ejusdem
678 4143 800 4180 cum
831 4126 1306 4196 5ομιὶιιιίομψῑνρ
1345 4125 1625 4179 sententia:
1651 4140 1771 4180 csse
1799 4126 2006 4182 videtur

404 4195 498 4254 Iib.
533 4197 593 4262 Il,
626 4212 745 4267 cap.
779 4196 918 4250 LXII
960 4207 1014 4250 et
1058 4195 1236 4249 LXIII.
1271 4195 1335 4249 Et
1359 4205 1558 4267 tamen
1605 4195 1753 4251 solus
1793 4197 2008 4266 Vapulat

407 4266 718 4339 Septimius.
740 4267 936 4339 Credo,
954 4267 1094 4335 quod
1113 4269 1324 4339 eloquio
1338 4266 1620 4339 disertior-i2
1640 4267 1928 4323 notabilem
1946 4285 2004 4325 se

406 4336 550 4396 fecit.
579 4338 1086 4410 th.—Pi-rpe_ratn_
1112 4336 1415 4410 hic_lren:co
1436 4337 1685 4410 tribuitur
1706 4354 1874 4403 error,
1897 4356 2004 4410 quo

407 4412 770 4468 Tertullianus
796 4407 1412 4479 sibicllingitauimahus
1439 4409 1791 4463 inhau'escet'e
1817 4407 2007 4479 quain-

2099 3893 2261 3980 .s’me,
2292 3914 2482 3985 inquit.
2514 3912 2754 3984 quoniam
2782 3918 2959 3966 acutus
2985 3921 3078 3972 est.
3115 3913 3368 3985 interdum
3398 3920 3576 3985 contra
3595 3913 3710 3984 api-

2120 3989 2318 4040 nionem
2350 3982 2494 4038 suam
2522 3982 2627 4039 uisa
2650 3985 2858 4038 veritate
2887 3992 3173 4052 superatur.
3212 3982 3348 4050 Quid
3376 3984 3509 4036 enim
3539 3982 3707 4037 verius

2117 4057 2284 4112 dicere
2329 4059 2512 4126 potuit,
2545 4073 2696 4126 quam
2745 4055 2799 4108 id
2818 4055 2960 4126 quod
3002 4057 3072 4107 ait
3100 4055 3318 4122 quodam
3345 4054 3455 4107 loco
3485 4070 3504 4108 :
3539 4052 3704 4108 Omne

2110 4124 2376 4196 oirporule
2407 4124 2644 4194 possibile
2667 4127 2778 4180 est?
2806 4124 2987 4180 Debuit
3019 4143 3138 4196 ergo
3162 4137 3355 4178 mutare
3380 4127 3699 4192 sententiam,

2109 4217 2211 4268 qua
2241 4203 2394 4270 paulo
2440 4200 2669 4270 superius
2717 4198 2914 4252 dixerat
2959 4197 3108 4270 etiarn
3155 4196 3320 4270 Deum
3359 4213 3542 4270 corpus
3569 4213 3699 4270 esse.

2113 4267 2290 4342 Neque
2313 4272 2446 4326 enim
2473 4267 2689 4342 arbitror
2743 4286 2854 4323 eum
2884 4270 2957 4322 ita
2998 4267 3295 4342 desipuisse,
3348 4277 3402 4342 ut
3431 4269 3579 4342 etiam
3608 4267 3704 4322 Dei

2117 4339 2356 4396 naturam
2409 4341 2702 4408 passibilem
2732 4341 2975 4395 crederet.
3019 4339 3263 4394 I’rol'ecto
3303 4339 3445 4394 enim
3481 4340 3581 4394 hoc
3602 4353 3700 4392 vo-

2111 4413 2208 4468 lttit
2233 4414 2552 4483 Septimius,
2587 4412 2792 4466 animas
2818 4411 3053 4482 quidem,
3093 4425 3156 4465 ac
3189 4411 3352 4466 Deum
3377 4410 3550 4480 ipsum
3579 4425 3704 4465 esse

404 4484 528 4537 dam
558 4481 800 4554 Corporis
823 4480 1255 4554 delineatioacm,
1290 4478 1918 4554 umbratilesquesenSus
1945 4496 2006 4535 ac
2032 4489 2084 4547 D
2111 4478 2356 4554 corpora,
2393 4483 2488 4538 sed
2518 4498 2742 4550 corpora
2784 4478 2864 4536 sui
2896 4483 3127 4554 generis,
3162 4483 3263 4536 hoc
3293 4478 3550 4554 est,_cum
3574 4498 3700 4535 sua-

403 4555 614 4609 colores
653 4552 860 4612 aerios;
906 4551 1071 4621 voluit
1108 4559 1317 4621 tantum
1367 4551 1620 4612 Ircnzrus,
1668 4551 1914 4621 idemque
1953 4561 2007 4606 et

407 4627 558 4680 multi
584 4620 1073 4694 posterutnvolunt
1103 4620 1282 4675 inesse
1331 4621 1382 4674 iu
1424 4621 1690 4694 mentibus
1739 4620 2003 4686 Immanis,

407 4692 652 4752 etiamin
675 4694 814 4749 caelo
842 4692 1175 4762 degentibus,
1213 4700 1390 4746 certos
1419 4692 1674 4762 quosdam
1707 4701 2005 4748 caraeteres

405 4776 462 4821 ct
491 4775 697 4822 certum
715 4761 996 4835 quemdam
1015 4761 1256 4816 ordinem
1275 4761 1485 4832 corpori
1509 4778 1567 4816 su
1577 4764 1868 4835 perstilcm,
1897 4764 2007 4834 qui-

407 4837 588 4894 busab
613 4833 745 4891 aliis
772 4835 1070 4903 spiritibus,
1093 4847 1296 4904 nempe
1339 4837 1406 4888 ab
1444 4833 1646 4904 angelis
1685 4834 1878 4904 anima:
1905 4833 2004 4888 hu.

407 4923 582 4968 mana:
610 4907 1021 4976 distinguantur.
1055 4903 1286 4973 ldipsum
1315 4914 1392 4959 est
1422 4903 1560 4975 quod
1592 4915 1744 4960 vocat
1773 4903 2006 4976 lrenmus

405 4981 749 5035 characterem
784 4975 1010 5048 corporis
1048 4986 1092 5048 et
1123 4976 1340 5029 hominis
1383 4976 1621 5048 ﬁguram.
1668 4975 2005 5048 ":l‘ChftlSiIIS

410 5051 472 5106 D.
525 5050 757 5106 Massuet
802 5046 879 5101 ad
910 5047 1014 5102 Ioc.
1049 5047 1194 5102 citat.
1252 5061 1313 5102 ac
1355 5046 1650 5116 pra-sertim
1698 5049 1748 5100 in
1786 5046 2000 5104 dissert.

407 5136 502 5177 sua
530 5121 616 5186 Ill,
646 5128 746 5174 art.
784 5115 876 5173 XI.
909 5117 1042 5172 Eoo.

434 5223 440 5230 ι
485 5193 564 5265 (b)
609 5189 939 5265 Nilrilieninr
970 5188 1162 5265 anima,
1198 5189 1241 5242 si
1285 5203 1385 5242 non
1431 5204 1633 5265 corpus.
1679 5189 2003 5259 Augustinus

409 5258 589 5319 not-at:
641 5261 866 5332 Denique
897 5258 1252 5332 Tertulliamts
1284 5275 1464 5332 corpus
1506 5258 1727 5312 animum
1759 5258 1862 5314 esse
1897 5278 2003 5315 cre-

409 5334 562 5402 didit,
588 5351 690 5389 aon
716 5329 966 5396 ob'aliud,
998 5331 1098 5385 nisi
1117 5329 1253 5400 quod
1269 5329 1379 5403 caui
1406 5331 1754 5403 incorporeum
1783 5332 2006 5400 cogitare

409 5421 512 5480 gron
538 5401 937 5480 potuit,_et‘_ideo
959 5403 1128 5480 timuit
1163 5419 1224 5455 ne
1250 5401 1379 5480 nihil
1407 5401 1626 5480 esset,'_si
1655 5418 1862 5471 corpus,
1893 5413 1998 5459 etc.

409 5471 571 5532 Librii
608 5476 672 5537 Χ.
705 5477 768 5530 de
792 5473 970 5529 Genesi
999 5472 1066 5528 ad
1093 5472 1170 5526 lit.
1212 5473 1312 5527 sub
1345 5471 1525 5528 linem.
1554 5473 1670 5528 th.

484 5548 560 5621 (ι’)
589 5551 883 5621 .ibruptuar
898 5545 1122 5615 alioquin
1147 5553 1191 5597 et
1221 5543 1518 5621 absurdum,
1552 5545 1741 5621 idcirco
1778 5543 2004 5621 quidnde

409 5615 754 5692 corporalium
803 5618 1018 5692 eximere
1061 5631 1234 5692 censu,
1264 5615 1390 5692 quia
1421 5617 1612 5670 ca'teris
1657 5615 2004 5692 corporalibus

412 5686 655 5763 exemplis
685 5705 787 5744 non
817 5688 1070 5763 adaequet,
1101 5687 1188 5763 ubi
1214 5686 1572 5763 proprietatem
1599 5687 1793 5763 priuata
1819 5686 2000 5763 discri-

412 5758 572 5814 miua'.
620 5763 713 5816 I-Jst
731 5759 870 5830 quod
894 5764 1154 5830 miremur
1166 5759 1514 5830 Augustinum
1545 5765 1664 5827 post
1695 5758 1808 5811 hare
1840 5759 2000 5830 verba

415 5831 679 5902 Septimio
703 5825 888 5888 nostro
913 5825 1470 5886 nihilominus—acerbe
1494 5825 1840 5884 succensere:
1869 5828 2002 5896 Quia

2113 4552 2228 4626 rum
2265 4556 2646 4626 pre-prietatttm
2681 4552 3249 4626 privatu’discrimine.
3293 4552 3409 4620 Quo
3438 4556 3698 4626 sanesig-

2112 4624 2513 4680 niﬁcavirtalia
2546 4640 2606 4680 se
2635 4639 2858 4690 corpora
2886 4624 3202 4694 intelligere,
3240 4637 3358 4692 qua}
3384 4624 3700 4694 nccanittue

2109 4697 2371 4765 dignitati,
2418 4713 2518 4752 nec
2547 4695 2809 4765 majestali
2866 4693 3076 4749 divina:
3109 4697 3389 4765 quicquam
3437 4693 3698 4749 ofﬁciant.

2112 4767 2294 4839 Itaque
2335 4783 2432 4824 nec
2479 4779 2758 4839 propterea
2787 4767 2875 4820 Dei
2905 4777 3148 4820 naturam
3187 4782 3311 4821 eSse
3363 4766 3693 4839 passibiLem,

2109 4835 2355 4908 quamvis
2387 4835 2669 4909 propterea
2711 4841 2779 4891 sit
2805 4839 2998 4892 animae
3029 4847 3217 4891 natura
3251 4837 3535 4909 passibilis.
3566 4835 3694 4890 Ete-

2111 4907 2219 4964 nim
2247 4926 2366 4965 csse
2387 4907 2580 4964 aniuue
2601 4925 2793 4974 corpus
2819 4910 2900 4963 Sui
2924 4909 3137 4978 generis
3157 4923 3250 4975 per
3264 4907 3402 4975 quod
3434 4907 3693 4978 patiatur;

2109 4997 2227 5036 esse
2256 4993 2434 5036 autem
2467 4982 2574 5035 lien
2605 4996 2711 5050 quo
2733 4996 2821 5050 (ue
2841 4977 3035 5048 corpus
3063 4981 3152 5050 sui
3176 4978 3422 5047 generis,
3474 4977 3574 5032 hoc
3610 4987 3696 5032 est

2108 5052 2301 5117 divini,
2332 5052 2572 5122 adeoque
2595 5049 2856 5122 passionis
2882 5063 3095 5122 expers.
3131 5049 3247 5122 lito.
3358 5055 3389 5122 ﬂ‘

2181 5124 2258 5195 (ιι)
2292 5119 2588 5195 Secundum
2610 5121 2889 5195 amicitiam
2917 5130 2964 5173 et
2997 5119 3313 5195 inimicitiam
3347 5119 3693 5191 Empedoclis.

2111 5190 2454 5266 Empedoclis
2479 5206 2664 5248 versus
2695 5191 2795 5246 hac
2823 5191 2891 5246 de
2922 5205 2978 5246 re
3005 5191 3083 5244 sic.
3112 5190 3308 5246 habent
3333 5208 3346 5243 :

2358 5311 2498 5357 Ᾰλλοπι
2522 5319 2572 5362 si;
2591 5316 2753 5368 90.6mm
2773 5316 2998 5366 σννιηὸμν⁹
3019 5318 3066 5362 si;
3087 5316 3123 5354 ’ἰν
3141 5315 3306 5362 ἅπαντα,

2358 5372 2498 5436 ille“
2517 5375 2554 5418 δ’
2572 5365 2691 5428 αωὶί
2711 5378 2849 5416 huic.
2865 5365 3061 5429 ᾧριὺμινα
3081 5381 3212 5425 nixu;
3233 5379 3339 5430 ἷχθει.
3435 5365 3542 5414 Βιο.

2178 5473 2263 5542 (b)
2293 5470 2422 5527 Cum
2459 5471 2646 5542 anima:
2690 5485 2876 5542 corpus
2905 5468 3207 5542 adserimus.
3237 5467 3332 5542 ‘Ex
3384 5469 3696 5538 pra'ceden-

2109 5537 2255 5600 titint'
2278 5544 2510 5614 capitum
2539 5540 2766 5614 absurda
2785 5537 2789 5538 ⁷
2804 5538 3192 5614 suppositione
3219 5537 3288 5593 de
3316 5537 3697 5614 corporalitate

2107 5615 2320 5679 animm,
2345 5607 2584 5666 irahitur
2602 5613 2654 5664 in
2676 5609 2816 5663 aliud
2835 5607 3155 5662 absurdum:
3184 5610 3349 5663 instar
3371 5607 3691 5666 annulurum

2106 5694 2349 5740 catenata
2387 5685 2607 5737 Veniunt
2635 5681 2812 5734 omnia
2854 5679 2920 5733 ad
2970 5679 3124 5732 unius
3179 5679 3468 5742 lationem;
3503 5683 3690 5747 ptwliat

2107 5759 2358 5824 deinceps
2385 5752 2611 5821 efﬁgiem
2641 5752 2976 5824 esseanimze
3001 5751 3497 5824 corporateurJitc.

2181 5829 2252 5898 (e)
2291 5820 2524 5896 Pmpria:
2549 5821 2808 5892 qualitatis
2854 5832 2898 5876 et
2945 5820 3022 5874 sui
3050 5822 3263 5887 generis.
3320 5821 3536 5890 Plinius,
3594 5825 3696 5880 etsi
