4062 6288
386 262 484 323 661

1738 271 1945 330 LIBER
1987 274 2075 333 DE
2115 273 2350 333 ΑΝΙΜΛ.

3590 285 3694 344 662

384 381 592 450 Quanta
624 382 769 436 enim
804 391 858 438 et
885 382 987 438 alia
1038 383 1189 439 color
1233 383 1434 453 sociat,
1482 393 1666 440 natura
1697 385 1949 443 dissociat
1976 390 1989 444 l
2022 394 2071 454 Α
2100 389 2241 460 quod
2271 389 2361 444 fiat
2399 404 2426 444 a
2457 390 2685 464 spiritu:
2714 408 2838 450 nam
2866 401 2918 452 et
2946 392 3266 454 animalibus
3305 412 3413 456 non
3436 382 3689 458 omnibus

385 474 491 533 Sed
539 477 795 546 quoniam
844 491 1006 533 omne
1042 487 1201 534 tenue
1245 488 1407 549 atque
1462 479 1794 549 perlucidum
1841 484 1985 538 aeris

385 569 637 623 :emnlum
666 577 772 633 est,
805 569 902 624 hoc
924 571 1026 625 erit
1047 571 1242 635 anima,
1273 587 1374 641 qua
1403 570 1561 627 flatus
1586 582 1668 627 est
1693 583 1745 628 et
1764 575 1984 643 Spiritus

385 659 598 716 tradux.
630 661 926 731 Siquidem,
961 678 1067 732 pra:
1116 663 1225 731 ipsa
1270 665 1541 717 tenuitatis
1581 665 1892 734 subtilitate,
1918 668 1985 722 de

387 751 491 807 fide
549 752 950 822 corporalitatis
1004 754 1358 822 periclitatur.
1409 755 1497 809 Sic
1540 767 1594 809 et
1642 756 1874 828 effigiem
1917 758 1985 814 de

386 862 542 903 sensu
589 847 699 914 jam
762 857 850 899 tuo
899 849 1121 916 concipe
1154 864 1256 902 non
1292 846 1447 902 aliam
1502 849 1695 903 aninuc
1739 850 1985 925 humana:

387 937 749 1008 deputandam
802 948 999 1007 praeter
1048 939 1357 1005 humanam,
1392 949 1446 993 et
1473 939 1689 1010 quidem
1722 940 1837 1010 ejus
1860 957 1980 995 eor-

390 1032 698 1102 poi-isimod
748 1047 1078 1103 nniqnieque
1126 1032 1477 1087 circumtulit.
1533 1032 1645 1088 Hoc
1668 1049 1764 1087 nos
1795 1048 1985 1105 sapere

389 1123 606 1179 interim
666 1124 942 1193 primordii
990 1125 1374 1194 contemplatio
1424 1124 1662 1180 inducat.
1729 1125 1983 1195 Recogita

386 1216 552 1281 enim,
585 1229 706 1270 cum
737 1217 876 1269 Dens
900 1217 1074 1281 {lasset
1095 1217 1147 1270 iu
1170 1216 1354 1288 {ticiem
1375 1216 1592 1270 hominis
1616 1218 1799 1287 ﬂatum
1830 1218 1944 1271 ritw
1968 1260 1983 1281 ,

390 1317 437 1362 et
465 1310 632 1377 [artus
680 1319 807 1361 esset
857 1309 1006 1362 homo
1052 1308 1103 1361 in
1135 1309 1364 1362 animam
1391 1309 1576 1374 vittam,
1608 1319 1775 1363 totttm
1805 1309 1986 1380 utique

390 1415 485 1472 per
508 1399 697 1455 faciem
726 1401 910 1455 statim
941 1398 1122 1455 flatum
1156 1401 1303 1455 illum
1340 1404 1390 1454 in
1415 1402 1667 1456 interiora
1701 1403 1983 1456 transmis-

395 1507 512 1545 sum
542 1534 553 1553 ,
585 1499 639 1545 et
680 1507 776 1561 per
807 1493 1058 1547 universa
1102 1492 1346 1562 eorporis
1386 1493 1555 1561 Spatia
1598 1492 1850 1547 diffusum
1873 1534 1887 1556 ,
1914 1493 1989 1547 si-

393 1583 613 1653 mulque
641 1583 841 1637 divina‘
869 1585 1195 1652 aSpiratione
1224 1583 1506 1639 densatum
1530 1626 1544 1650 ,
1579 1586 1725 1639 omni
1754 1585 1894 1639 intus
1919 1586 1984 1639 li-

388 1693 490 1733 nea
532 1690 847 1747 expressam
898 1689 1040 1739 esse,
1075 1691 1234 1746 quam
1268 1675 1523 1730 densatus
1556 1678 1898 1745 impleverat,
1932 1687 1987 1731 et

388 1771 526 1824 velut
583 1770 633 1823 in
687 1766 860 1822 forma
904 1766 1132 1837 gelassc.
1188 1767 1314 1824 Inde
1365 1768 1522 1837 igitur
1554 1779 1608 1822 et
1646 1768 1983 1839 corpulentia

2091 489 2373 553 utrumque
2393 483 2605 540 adesse.
2639 485 2897 558 Pleraque
2923 486 3069 543 enim
3098 487 3282 573 vivere
3310 492 3651 550 solummodo
3677 539 3690 561 ,

2092 588 2195 626 non
2222 573 2380 627 etiam
2411 575 2635 644 spirare,
2669 590 2736 631 eo
2764 577 2903 647 quod
2931 594 3037 634 non
3057 580 3283 637 habeant
3310 598 3506 654 organa
3530 587 3659 656 spiri
3678 618 3693 627 -

2093 674 2196 729 tus,
2234 665 2513 733 pulmones
2550 676 2603 721 et
2633 668 2880 723 arterias.
2911 669 3081 739 Quale
3124 682 3207 727 est
3245 683 3448 735 autem,
3482 676 3533 731 in
3562 692 3689 733 exa-

2092 758 2384 815 minatione
2419 757 2664 815 humanae
2694 761 2908 827 animm,
2941 764 3127 818 eulicis
3152 775 3312 836 atque
3338 766 3575 822 formica:
3601 770 3687 823 ar-

2088 861 2336 919 gumenta
2388 854 2703 923 respicere?
2746 855 2960 925 quando
2990 867 3042 911 et
3069 857 3268 925 vitalia,
3307 874 3405 929 pro
3431 861 3690 933 cujusque

2088 944 2300 1014 generis
2360 943 2749 1017 diSpnsilione,
2802 947 3052 1003 omnibus
3113 952 3324 1020 propria
3366 951 3690 1007 animalibus

2092 1037 2407 1104 temperavit
2433 1036 2627 1092 artifex
2651 1037 2810 1102 Deus,
2840 1046 2900 1094 ut
2928 1040 3072 1095 milia
3093 1040 3215 1095 inde
3232 1041 3538 1111 conjectura
3558 1058 3659 1114 cap
3674 1077 3687 1087 ο

2087 1127 2245 1182 lauda
2270 1128 2359 1183 sit.
2382 1127 2511 1182 Nam
2555 1144 2729 1199 neque
2761 1129 2945 1195 homo,
2972 1133 3014 1186 si
3039 1133 3381 1202 pulmonibus
3404 1143 3457 1191 et
3481 1138 3693 1192 arteriis

2089 1225 2323 1301 structus
2349 1228 2451 1283 est,
2486 1219 2684 1275 idcirco
2712 1221 2924 1275 aliunde
2954 1224 3176 1291 spirabit
3201 1267 3214 1289 ,
3257 1226 3471 1281 aliunde
3502 1231 3643 1283 vivet
3673 1246 3692 1283 .'

2092 1324 2265 1379 neque
2294 1308 2540 1376 formica,
2584 1310 2627 1365 si
2657 1311 2912 1367 membris
2947 1312 3255 1383 lmjnsmodi
3286 1326 3460 1380 caret,
3491 1317 3692 1373 idcirco

2090 1402 2371 1474 negabitur
2394 1403 2621 1474 spirare,
2643 1405 2796 1477 quasi
2826 1405 3166 1462 solummodo
3190 1408 3392 1465 vivens.
3440 1410 3536 1465 Cui
3564 1427 3692 1467 vero

2091 1502 2293 1550 tantum
2313 1499 2477 1568 patuit
2494 1498 2542 1552 in
2564 1498 2653 1553 Dei
2674 1491 2920 1569 opera‘,ut
2936 1499 3091 1555 alieni
3113 1500 3225 1557 lucc
3238 1502 3428 1559 deesse
3440 1519 3691 1576 pra‘sum-

2092 1588 2381 1661 pserit?(c)
2404 1589 2726 1662 Herophilus
2757 1591 2865 1654 ille.
2897 1592 3136 1647 medicus
3152 1594 3451 1661 autlanius,
3476 1597 3772 1667 quisex-J.

2090 1691 2277 1737 cenios
2298 1683 2541 1738 exsecuit
2571 1694 2625 1738 ιιι
2647 1694 2890 1738 naturam
2926 1695 3276 1749 scrutaretur,
3314 1686 3689 1758 quihominem

2090 1772 2223 1827 odiit
2254 1783 2309 1827 ut
2333 1784 2535 1836 nosset,
2568 1776 2753 1830 nescio
2775 1790 2841 1829 an
2882 1778 3058 1830 munia
3100 1779 3306 1832 interna
3337 1780 3453 1848 ejus
3487 1779 3690 1850 liquido

3703 1000 3759 1050 ιθ

387 1861 581 1915 anima:
606 1876 668 1915 ex
695 1859 1012 1914 densatione
1043 1860 1271 1914 solidata
1313 1870 1416 1926 est,
1441 1870 1495 1916 et
1532 1860 1738 1931 effigies
1764 1876 1979 1931 expres-
2016 1859 2061 1918 Β
2090 1866 2411 1938 exploravit,
2439 1869 2551 1938 ipsa
2571 1879 2745 1925 morte
2767 1880 3140 1941 mutanteqme
3162 1870 3425 1936 vixerant,
3447 1884 3493 1927 et
3515 1885 3689 1929 tnorte

385 1955 537 2011 sione
570 1954 817 2009 formata.
849 1951 946 2008 llic
974 1952 1255 2009 erithomo
1289 1954 1532 2020 interior,
1559 1954 1696 2009 alins
1727 1954 1981 2017 exterior,

384 2046 670 2111 dupliciter
711 2062 879 2101 unus:
934 2044 1137 2102 habens
1157 2057 1208 2102 et
1250 2047 1339 2103 ille
1367 2047 1548 2101 oculos
1578 2054 1630 2101 et
1653 2061 1810 2102 aures
1834 2063 1981 2113 suas,

387 2135 466 2211 (α)
496 2139 689 2208 quibus
736 2139 967 2212 populus
1012 2140 1094 2210 (Vl)
1152 2139 1433 2194 hominum
1490 2140 1677 2195 audire
1720 2150 1773 2193 et
1803 2140 1986 2195 videre

385 2231 678 2296 debuerat;
711 2231 915 2285 habens
935 2242 987 2285 et
1018 2240 1246 2287 Caeteros
1268 2242 1431 2296 artus,
1458 2250 1551 2302 per
1569 2249 1701 2299 quos
1728 2243 1781 2289 et
1811 2234 1863 2289 in
1892 2248 1982 2288 co-

385 2323 638 2394 gitatibus
670 2324 853 2388 utitur,
886 2338 935 2378 et
968 2323 1025 2377 in
1053 2326 1275 2378 smnuiis
1306 2324 1388 2396 (2)
1422 2325 1676 2396 fungitur.
1704 2327 1791 2383 Sic
1818 2336 1869 2383 et
1907 2325 1987 2380 di-

387 2417 478 2473 viti
511 2418 645 2487 apud
673 2418 871 2473 inferos
902 2420 1077 2489 lingua
1107 2426 1189 2471 est
1210 2459 1223 2483 ,
1256 2428 1309 2472 et
1338 2420 1555 2488 pauperi
1585 2420 1803 2490 digitus,
1837 2427 1891 2474 et
1911 2419 1986 2473 si-

388 2528 489 2568 nus
520 2513 762 2569 .\ltl'(lll:l‘.
805 2514 904 2569 Per
924 2513 1019 2570 has
1060 2512 1228 2569 lineas
1259 2523 1311 2568 et
1340 2516 1535 2568 animm
1567 2522 1857 2584 martyrum
1891 2514 2015 2567 sub.

387 2604 542 2661 altari
579 2606 966 2674 intelliguntur.
1008 2607 1052 2662 Α
1085 2607 1376 2676 primordio
1403 2608 1544 2664 enim
1573 2607 1625 2663 in
1659 2606 1829 2661 Adam
1859 2622 1990 2662 con-

395 2715 543 2756 creta
572 2714 619 2755 et
646 2700 972 2772 configurata
999 2701 1211 2772 corpori
1244 2702 1443 2768 anima,
1477 2711 1530 2755 ut
1556 2702 1720 2756 totius
1740 2701 1989 2757 ειιὺειίιιι-

390 2794 498 2861 ti.r,
530 2795 600 2849 ita
629 2805 684 2850 et
711 2793 1031 2851 conditionis
1058 2795 1208 2850 istius
1231 2810 1412 2851 semen
1444 2793 1619 2851 effecit
1647 2794 1748 2867 ('5).

1024 2930 1252 2989 CAPUT
1294 2930 1362 2986 Χ.

464 3069 703 3125 Pertinet
724 3068 787 3123 ad
836 3077 1033 3122 statum
1056 3066 1197 3130 fidei,
1218 3067 1518 3143 simplicem
1544 3068 1787 3124 animam
1814 3069 1992 3126 deter-

340 3160 345 3161 ί
390 3164 617 3225 minare,
643 3163 937 3217 secundum
960 3162 1253 3225 Platonem,
1285 3160 1334 3215 id
1359 3171 1464 3223 est,
1495 3161 1810 3217 uniformem
1840 3163 1993 3217 dunt-

2092 1902 2266 1938 υλγιυι
2282 1902 2336 1919 σιν
2351 1902 2411 1933 ll,
2441 1902 2551 1938 ιμδιι
2572 1902 2677 1923 ιιιυι
2694 1902 2745 1925 lC
2767 1902 3004 1925 ιιιυιιιιιιυ
3022 1902 3140 1941 [IlI-li
3165 1902 3180 1924 \
3197 1902 3297 1926 l.\U|
3313 1902 3425 1936 “Ill,
3447 1902 3492 1927 Cl
3515 1902 3620 1929 ιιιυι
3639 1902 3689 1929 Ιυ
3896 1907 3924 1945 "

2092 1975 2195 2014 non
2215 1959 2466 2028 simplici,
2493 1960 2572 2032 (rt)
2594 1962 2686 2015 sed
2712 1961 2822 2031 ipsa
2849 1962 2986 2017 inter
3005 1964 3228 2018 artificia
3256 1966 3579 2020 exsectionis
3611 1902 4039 2028 er-‘§M

2095 2063 2270 2117 rante.
2312 2052 2623 2123 Philosophi
2648 2070 2743 2123 pro
2767 2064 2915 2110 certo
2944 2057 3407 2125 renuntiaverunt,
3432 2060 3692 2114 culicibus

2079 2154 2143 2203 et
2193 2144 2432 2200 formicis
2484 2155 2537 2200 et
2589 2145 2748 2201 tineis
2788 2145 2979 2203 deesse
3030 2149 3314 2217 pulmones
3360 2153 3688 2205 etarlerias.

2092 2237 2187 2293 Die
2213 2238 2343 2293 mihi
2371 2280 2385 2304 ,
2438 2238 2714 2310 inspector
2743 2238 3130 2306 curiosissime,
3180 2240 3365 2296 oculos
3396 2241 3594 2297 habent
3622 2245 3689 2297 ad

2091 2329 2421 2385 videndum?
2462 2330 2661 2401 Atquin
2693 2341 2745 2385 et
2790 2340 3017 2402 pergunt
3062 2347 3169 2402 quo
3197 2333 3415 2397 volunt,
3444 2343 3497 2388 et
3522 2334 3694 2388 vitant

2091 2433 2144 2480 et
2172 2424 2434 2496 adpetunt
2464 2440 2582 2495 qttu}
2606 2423 2838 2479 videndo
2868 2424 3078 2490 sciunt;
3111 2424 3331 2497 designa
3356 2427 3560 2492 oculos,
3593 2427 3690 2481 de-

2095 2526 2217 2573 uota
2250 2517 2493 2588 pupulas.
2522 2516 2628 2572 Sed
2656 2525 2711 2571 ct
2737 2516 2972 2571 exedunt
2994 2517 3185 2581 tinem;
3213 2516 3516 2573 demonstra
3544 2532 3694 2572 man-

2092 2609 2303 2667 dibulas
2353 2609 2478 2682 (5),
2510 2608 2769 2680 deprome
2811 2610 3092 2681 genuinos.
3139 2609 3245 2665 Sed
3296 2619 3349 2666 et
3399 2626 3692 2682 personant

2093 2707 2325 2769 enliees,
2371 2704 2440 2775 (e)
2473 2718 2539 2759 ne
2568 2703 2617 2757 in
2649 2703 2886 2760 tenebris
2930 2703 3142 2773 quidem
3176 2705 3380 2759 aurium
3412 2706 3539 2759 ezeci
3571 2721 3584 2758 :
3614 2705 3683 2775 (f)

2103 2799 2282 2855 tubam
2314 2797 2514 2869 pariter
2536 2805 2596 2852 et
2627 2794 2996 2877 lanceam-oris
3017 2796 3160 2851 illius
3181 2796 3425 2851 ostende.
3456 2796 3693 2864 Quodvis

2096 2892 2312 2959 animal,
2342 2892 2499 2947 unius
2529 2890 2652 2946 licet
2677 2889 2877 2960 puncti.
2914 2890 3091 2960 aliquo
3114 2889 3288 2943 alatur
3318 2904 3544 2946 necesse
3574 2899 3691 2952 est;

2096 2984 2296 3042 exhibe
2343 2983 2521 3053 pabuli
2556 2980 2949 3036 transmittendi
2975 3022 2990 3047 ,
3022 2978 3357 3050 decoquendi
3381 3020 3395 3043 ,
3422 2979 3693 3034 defa‘cau-

2097 3062 2258 3148 diqne
2309 3074 2569 3130 membra.
2604 3073 2742 3144 Quid
2769 3088 2899 3142 ergo
2925 3072 3207 3126 dicemus?
3251 3072 3307 3128 Si
3339 3087 3433 3143 per
3466 3071 3578 3126 haec
3604 3074 3689 3126 vi.

2098 3171 2258 3235 vitur,
2288 3179 2442 3223 erunt
2482 3167 2599 3223 hsce
2630 3167 3161 3236 iuomnilmsutique
3185 3167 3519 3239 qum-vivunt
3542 3209 3555 3229 ,
3587 3168 3693 3223 etsi

391 3264 542 3310 taxat
563 3255 874 3310 siihstantiic
902 3255 1139 3309 nomine.
1168 3254 1409 3311 Viderint
1431 3265 1573 3311 artes
1592 3264 1645 3310 et
1669 3254 1988 3328 disciplinae,
2020 3254 2065 3317 C
2099 3277 2205 3318 non
2238 3261 2522 3327 videntur,
2556 3259 2652 3315 etsi
2702 3275 2804 3314 non
2832 3258 3307 3330 adprehenduntur
3352 3274 3448 3329 pro
3490 3258 3698 3314 medio.

393 3348 628 3403 viderint
653 3359 707 3403 et
734 3351 986 3404 bzcrcses.
1027 3349 1253 3417 Quidam
1284 3349 1427 3404 enim
1473 3350 1697 3417 volunt,
1735 3351 1894 3405 aliam
1918 3351 1991 3405 illi

392 3441 748 3497 substantiam
796 3445 1096 3498 naturalem
1138 3444 1345 3509 inesse,
1401 3442 1687 3512 Spiritum;
1721 3440 1871 3515 quasi
1917 3446 1994 3516 (ὸ)

392 3534 539 3588 aliud
568 3537 638 3590 sit
664 3537 875 3602 vivere,
904 3534 1045 3607 quod
1080 3537 1223 3592 venit
1252 3537 1321 3601 ab
1351 3537 1559 3604 anima;
1592 3536 1735 3592 aliud
1763 3538 1990 3607 spirare,

2098 3354 2321 3409 critatc:
2378 3353 2478 3408 hoc
2524 3352 2693 3424 magis
2735 3351 2964 3418 eredas,
3003 3350 3049 3405 si
3097 3349 3174 3422 (g)
3231 3349 3394 3405 Deum
3432 3350 3745 3500 ταῖοεὶωεῖ

2100 3458 2307 3500 tantum
2337 3446 2595 3500 artificem
2624 3446 2675 3500 in
2710 3443 2957 3500 modicis.
2986 3452 3240 3500 quantum
3270 3442 3395 3498 etin
3429 3443 3695 3497 maximis.

2100 3458 2307 3505 tantum
2337 3446 2595 3507 artificem
2624 3446 2675 3501 in
2710 3443 2957 3507 modicis,
2986 3452 3240 3514 quantum
3270 3442 3395 3498 etin
3429 3443 3695 3497 maximis.

2100 3539 2158 3599 Si
2189 3553 2318 3595 vero
2341 3554 2447 3594 non
2474 3545 2629 3610 putas
2657 3550 2851 3607 capere
2891 3546 2999 3591 tam
3026 3535 3232 3591 minuta
3258 3534 3575 3605 corpuscula
3603 3535 3693 3590 Dei

1622 3647 2003 3709 LECTIONES
2039 3651 2457 3711 VARIANTES.

948 3765 1319 3879 gWCberth.
1346 3806 1490 3877 Pam.

2185 3765 2233 3816 3i
2270 3764 2428 3816 Edicit
2449 3765 2593 3814 Pam.

2165 3765 2238 3891 lii
2267 3765 2651 3878 ἒξξᾶῗυῖῗέἒλιίε

1790 3926 2349 3987 COMMENTARlUS.

474 4022 553 4095 (ιι)
588 4023 781 4091 Quibus
811 4022 1033 4094 papulas
1062 4018 1568 4095 ’Dontiuumaudire
1618 4030 1664 4095 et
1692 4020 1861 4095 videre
1892 4022 1983 4095 dc-

400 4091 595 4151 buérat.
627 4091 913 4163 Exemplar
942 4091 1232 4161 Agobardi,
1262 4091 1455 4163 Quibus
1485 4093 1702 4161 populus
1718 4091 1839 4145 duo.
1866 4094 2016 4145 aud.‘

401 4178 449 4222 et
471 4183 518 4219 υ.
541 4166 596 4221 tl.
622 4162 855 4220 Omnino
884 4163 1246 4233 legenduntex
1271 4164 1392 4219 cod.
1424 4162 1538 4215 [θυι.
1570 4163 1772 4229 Ursini,
1799 4163 1992 4228 Quibus

407 4239 605 4294 Paulus
660 4236 929 4290 Dominum
983 4234 1161 4287 audire
1213 4244 1257 4287 ct
1297 4236 1461 4288 ridere
1505 4233 1765 4288 (latuerat.
1819 4236 1994 4288 ltittttit

404 4311 551 4366 enim
584 4318 792 4376 raptum
828 4306 975 4360 illum
1011 4305 1155 4358 Pauli
1188 4306 1341 4376 cujus
1382 4306 1721 4376 ipscﬁl’anlus
1752 4306 1996 4359 meminit

402 4380 450 4437 Il
482 4378 545 4443 ad
578 4375 700 4433 Cor.
752 4395 870 4448 cap.
906 4377 993 4440 Ill,
1030 4378 1115 4430 ltiti
1148 4393 1207 4432 se
1254 4375 1462 4445 raptum
1498 4375 1662 4430 fuisse
1704 4377 1777 4430 ait
1812 4378 1860 4429 in
1894 4392 1988 4443 pa-

404 4451 668 4513 radlSllttt,
694 4448 791 4504 sed
825 4464 890 4503 ne
923 4449 1049 4511 cire,
1086 4455 1204 4503 εέτεν
1236 4459 1417 4518 σὼμςτι
1444 4455 1537 4504 εἴτε
1567 4451 1691 4509 ἰιτός
1719 4455 1802 4502 τιῢ
1833 4455 1969 4513 σῶμα.

404 4546 508 4584 τος.
533 4522 774 4589 Septimii
796 4521 1115 4575 sententiain
1140 4520 1335 4575 refellit
1353 4521 1679 4589 Augustinus
1698 4519 1815 4573 loco
1834 4534 1991 4573 suum

407 4595 572 4649 citato
609 4611 621 4647 :
658 4591 786 4645 Ecce
812 4633 824 4654 ,
858 4591 1063 4656 inquit,
1096 4591 1290 4661 quibus
1330 4592 1536 4643 auribus
1563 4600 1608 4642 et
1634 4590 1811 4661 quibus
1835 4591 1996 4643 oculis

332 4722 337 4727 ,
409 4664 581 4720 debuit
607 4666 786 4716 audire
816 4672 861 4716 et
887 4661 1053 4714 videre
1082 4659 1247 4715 Deum
1286 4661 1504 4724 Paulus,
1535 4660 1716 4730 quibus
1742 4660 1912 4714 auium
1943 4662 1996 4712 iu

409 4736 606 4792 som.iis
632 4735 886 4804 fungitur.
919 4733 1042 4786 Cum
1066 4732 1108 4786 si
1146 4734 1313 4801 ipsum
1341 4731 1713 4787 Tet'tulliuuum
1729 4732 1999 4804 quisquam

409 4808 601 4862 videret
638 4807 690 4859 iu
733 4803 924 4858 somnis
946 4846 958 4868 ,
992 4820 1251 4867 nunquam
1301 4821 1355 4857 se
1383 4804 1567 4857 diceret
1596 4805 1660 4856 ab
1690 4820 1747 4855 eo
1796 4803 1953 4856 visunt
1981 4818 1999 4865 ,°

412 4888 461 4933 et
488 4894 602 4930 cum
626 4894 683 4930 eo
709 4876 956 4937 locutum,
984 4891 1129 4944 quem
1154 4875 1370 4944 vicissim
1396 4876 1504 4942 ipse
1524 4891 1623 4927 non
1643 4874 1863 4936 vidisset.
1893 4883 1997 4927 etc.

414 4949 517 5018 Qui
551 4950 696 5002 locus
717 4990 729 5007 ,
782 4942 1044 5014 uti.vulgo
1070 4942 1281 5014 legitur,
1317 4946 1505 5018 eodem
1534 4946 1737 5003 laborat
1765 4946 1961 5018 utendo
1984 4987 1999 5018 ,

414 5015 526 5090 quo
543 5018 921 5090 Septitnianus.
957 5018 1159 5090 Etenim
1196 5019 1273 5072 his
1301 5017 1407 5072 illic
1435 5017 1625 5087 legitur
1652 5015 1892 5087 papulas,
1914 5017 2001 5071 ubi

416 5087 723 5161 legendum.
761 5087 986 5161 Paulus.
1009 5089 1107 5161 tlte

491 5158 640 5217 CAP.
672 5160 811 5215 X.——
838 5159 921 5232 (ιι)
955 5159 1108 5213 Aliud
1133 5160 1196 5213 sit
1226 5159 1386 5232 risere
1411 5159 1547 5232 quod
1570 5158 1700 5232 uenit
1725 5158 1788 5232 ab
1808 5161 2003 5221 animo,

417 5233 565 5314 aliud
580 5235 777 5314 spirare
793 5229 925 5302 quod
944 5232 1034 5300 ﬁat
1057 5247 1087 5283 α
1104 5232 1306 5314 spiritu.
1324 5229 1663 5314 Pliilustiphis
1682 5230 1818 5311 ratio
1836 5244 1902 5314 ex
1922 5246 2008 5283 re-

419 5305 717 5375 Spiratione
740 5301 949 5373 sumpta
971 5301 1146 5375 magni
1175 5301 1275 5356 fuit
1288 5301 1585 5375 ponderis:
1613 5301 2009 5375 distinguebant

419 5371 569 5431 enim
595 5376 697 5431 hoc
723 5371 880 5444 pacto
907 5374 1138 5427 animam
1162 5387 1192 5426 a
1221 5372 1431 5442 spiritu,
1461 5374 1579 5427 sive
1609 5371 1840 5426 animam
1874 5371 2008 5426 nihil

420 5446 567 5503 aliud
608 5462 771 5517 quam
814 5446 1058 5513 spiritum
1106 5444 1359 5517 dicebant
1391 5453 1793 5517 Aseuventum.‘
1819 5444 2009 5517 Anima

422 5518 575 5588 quasi
595 5513 769 5586 ἄῖιεμος
792 5516 1083 5588 secundum
1106 5515 1369 5588 Isidorum
1391 5514 1489 5588 lib.
1514 5515 1586 5588 llr
1604 5514 1746 5585 Orig.
1763 5513 2010 5588 Panibus

424 5584 532 5645 non
560 5584 687 5644 item
716 5587 1015 5659 placuitilla
1043 5587 1197 5647 ratio.
1228 5586 1320 5659 sed
1340 5585 1526 5659 frivzila
1544 5587 1654 5639 visa
1682 5584 1780 5639 est.
1805 5586 1878 5639 Le
1909 5584 2007 5659 Pn.

498 5662 577 5732 (ε)
610 5657 925 5732 Herophilus
982 5659 1095 5732 ille,
1118 5658 1342 5732 medicus
1370 5657 1674 5732 aut_lat_tius.
1706 5658 2009 5732 Anatoiiiia,

422 5726 627 5804 quaret
652 5726 885 5804 celebris
916 5728 1226 5804 magnoque
1265 5730 1316 5784 in
1345 5728 1517 5804 pretio
1544 5727 1642 5783 fuit
1666 5727 1805 5804 apud
1835 5726 2012 5804 ethni-

426 5796 543 5868 cos,
573 5821 603 5859 a
629 5802 902 5859 veteribus
944 5796 1260 5856 Christianis
1308 5796 1434 5856 odio
1453 5814 1611 5870 quam
1635 5796 1867 5854 maximo
1892 5796 2013 5852 affi-

2097 4022 2357 4076 ciebatur.
2404 4018 2659 4093 Quamvis
2710 4019 2798 4093 hic
2841 4019 3038 4093 dictum
3088 4018 3287 4093 lanium
3346 4021 3694 4093 Herophilum

2096 4103 2335 4155 constet,
2391 4092 2531 4163 quod
2588 4093 2735 4148 viros
2782 4090 3033 4163 homines
3079 4090 3393 4148 dissecaret.
3428 4090 3692 4152 lil'antem

2097 4162 2492 4236 solitosifaeer-e
2524 4163 2927 4236 Erasistratum,
2982 4162 3217 4236 Dioclem
3258 4175 3311 4218 et
3343 4165 3690 4236 Herophilum

2099 4235 2253 4289 docet
2271 4235 2523 4289 Claudius
2543 4234 2661 4291 Gal.
2687 4234 2794 4288 \‘lll
2821 4233 2884 4288 de
2908 4236 3117 4303 plac.ct
3140 4234 3180 4289 ll
3200 4245 3340 4290 auat.
3361 4233 3556 4289 adium.
3574 4238 3698 4295 Ρω-

2101 4309 2255 4360 nituit
2279 4307 2477 4361 s:e'cnlo
2494 4307 2731 4374 proxime
2757 4306 2941 4375 elapso
2956 4306 3124 4360 virum
3148 4306 3413 4361 eruditum
3434 4318 3485 4362 et
3508 4323 3697 4363 anato-

2102 4379 2251 4431 mic;e
2274 4379 2345 4432 rei
2378 4376 2759 4444 peritissimum
2774 4376 3046 4432 Vesalimu
3073 4376 3248 4431 vivum
3271 4376 3542 4432 hominem
3568 4396 3698 4433 ana-

2104 4452 2262 4502 turnia
2280 4449 2564 4509 lacerasse,
2595 4448 2641 4499 id
2664 4451 2806 4501 enim
2828 4445 3174 4500 christianum
3194 4464 3294 4500 non
3312 4450 3471 4517 sapit.
3504 4448 3580 4503 lit;
3599 4451 3694 4506 l’n.

2173 4518 2254 4593 (ιι)
2287 4517 2393 4593 Sed
2421 4520 2531 4593 ipsa
2576 4519 2705 4593 iuter
2747 4519 3302 4593 arti-licia,rxsi.’ct_io_uis
3346 4530 3564 4593 errante.
3594 4520 3701 4575 Ita-

2100 4587 2205 4662 que
2236 4587 2396 4662 etiam
2431 4592 2584 4643 vivos
2609 4587 2933 4662 Herophilus
2953 4588 3051 4662 ille,
3072 4589 3477 4662 laniabat._lltc.

2177 4663 2250 4733 (e)
2282 4659 2433 4714 Nciu
2461 4662 2677 4715 tenebris
2705 4660 2907 4733 quidem
2937 4660 3138 4713 auriam
3159 4662 3295 4713 cruci.
3322 4659 3494 4733 Etiam
3533 4662 3582 4715 in
3619 4671 3697 4716 te-

2103 4730 2283 4789 nebris
2312 4733 2624 4787 discernunt
2650 4746 2826 4786 aures.
2851 4730 2979 4785 Nam
3005 4740 3129 4784 sunt
3158 4732 3451 4800 praesertim
3473 4734 3697 4788 auribus

2104 4807 2301 4860 infesti.
2334 4804 2439 4857 llas
2464 4803 2797 4873 potissimum
2824 4803 3235 4873 appetunttulue
3255 4802 3568 4857 truculenta:
3590 4808 3701 4875 spi-

2105 4876 2244 4932 culo.
2283 4875 2399 4929 llic.
2748 4886 2753 4889 ‘

2182 4947 2247 5017 (f)
2276 4944 2472 4999 Tubam
2500 4944 2689 5017 pariter
2728 4953 2779 5017 ct
2812 4942 3059 4998 lanceam.
3117 4942 3205 4999 Sic
3238 4942 3395 5017 habet
3421 4945 3697 5014 exemplar

2108 5014 2394 5086 Agebardi.
2417 5018 2584 5070 Antea
2605 5014 2901 5086 legebatur,
2918 5017 3201 5080 ltiauceatu,
3227 5015 3692 5082 depravatissime.

2107 5090 2180 5146 Os
2220 5088 2403 5143 culicis
2435 5087 2559 5138 tuba
2590 5094 2670 5140 est
2696 5085 2894 5155 pariter
2923 5096 2976 5139 et
3008 5087 3208 5139 lancea.
3249 5086 3468 5150 Plinius,
3504 5103 3551 5139 xi
3577 5130 3588 5145 ,
3617 5090 3651 5141 2
3679 5107 3690 5139 :

2112 5162 2227 5229 Qua
2272 5153 2796 5229 subtilitateipeuuas‘
2825 5153 3089 5229 educauit,
3145 5158 3469 5228 prmlougare
3510 5159 3695 5223 pedum

2110 5224 2262 5286 crura
2292 5228 2584 5296 disposuit?
2609 5227 2693 5280 ubi
2736 5224 2880 5279 illam
2908 5227 3109 5298 avidam
3128 5224 3421 5298 sanguinis,
3465 5238 3509 5281 ct
3537 5235 3699 5298 potis-

2112 5306 2295 5358 simum
2331 5298 2538 5352 humani
2567 5298 2704 5351 sitim
2730 5297 2956 5350 accendit
2979 5313 2997 5361 ;
3019 5298 3172 5351 telum
3203 5315 3317 5350 vero
3361 5297 3696 5367 pcrfodiendo

2112 5372 2296 5443 tergori
2319 5367 2969 5443 quospiculavit‘iugeuio,
3002 5378 3053 5421 ut
3088 5368 3325 5443 fodiendo
3347 5374 3695 5424 acumiuatum

2113 5438 2673 5517 pariterjorbéudoque
2703 5438 2988 5506 fistulosum
3008 5439 3176 5517 esset?
3203 5439 3320 5517 ille.

2193 5515 2271 5585 (ε)
2305 5508 2731 5585 Πειιιιιὲτρσοῃὶερε
2762 5518 2956 5561 tantum
2986 5508 3235 5585 artiﬁcem
3260 5509 3311 5561 in
3345 5510 3575 5563 modicis.
3609 5512 3700 5568 Sir,

2116 5576 2294 5641 decuit
2339 5583 2404 5636 ad
2462 5576 2675 5635 Naturae
2705 5583 2993 5633 Auctorem
3049 5576 3281 5639 referre,
3310 5594 3429 5646 qua:
3457 5586 3694 5637 non.nisi

2116 5657 2331 5712 Natum
2362 5652 2545 5707 tribuit
2598 5650 2818 5705 Plinius.
2854 5646 3120 5718 Nusquam
3140 5651 3456 5719 spectauere,
3489 5652 3660 5719 inquit
3684 5696 3697 5714 ,

2122 5726 2340 5783 Naturae
2358 5724 2595 5791 artiﬁcio.
2641 5720 2709 5776 In
2732 5721 2929 5790 magnis
2981 5718 3225 5791 siquidem
3251 5718 3577 5791 corporibus,
3609 5736 3702 5776 aut

2120 5808 2251 5855 certe
2273 5788 2569 5865 majoribus,
2593 5793 2758 5865 facilis
2778 5788 2995 5862 oﬂ'iciua,
3014 5788 3215 5858 sequaci
3242 5788 3471 5852 materia,
3495 5790 3613 5856 (ait.
3638 5791 3704 5847 lu

4030 5622 4035 5673 *
