4062 6288
354 268 460 328 663

1777 270 2242 333 TERTULLIANI

3541 275 3655 335 665

357 390 650 459 ingenium,
680 391 757 448 sic
782 404 990 463 quoque
1015 390 1464 463 magnificentiam
1494 391 1609 460 ejus
1638 404 1901 461 agnoscas
1930 400 1949 454 ,'
1978 395 2023 449 Α
2054 396 2240 452 credas
2264 441 2277 464 ,
2332 415 2451 455 cum
2488 397 2791 455 distantiam
2843 407 2949 449 non
2983 393 3100 459 das,
3135 400 3194 448 nt
3240 393 3349 465 ipsa
3378 395 3443 449 sit
3471 396 3657 451 z-nima

358 482 499 551 quod
543 482 776 538 modicis
814 484 1135 544 animalibus
1155 527 1170 552 ,
1198 485 1315 540 sine
1345 483 1662 541 necessariis
1689 484 1947 539 membris

362 575 708 633 nihilominus
738 580 916 633 vivere
957 580 1286 645 instruxerit,
1318 580 1466 633 SnIVt)
1493 581 1654 635 etiam
1688 580 1801 633 visu
1832 578 1949 633 sine

357 667 548 735 oculis,
578 678 631 722 ct
656 684 747 724 esu
777 670 895 726 sine
924 670 1210 726 denticulis
1237 713 1250 737 ,
1274 683 1327 727 et
1352 671 1560 742 digestu
1592 673 1708 726 sine
1737 671 1904 743 alveis
1933 689 1947 726 :

355 760 806 829 quemadmodum
847 771 901 817 et
944 763 1195 818 incedunt
1240 762 1485 834 quaedam
1536 763 1653 818 sine
1685 761 1947 833 pedibus,

339 862 611 911 ,n‘tanante
636 853 835 924 impetu
856 897 872 921 ,
893 856 1032 925 quod
1050 870 1252 926 angues
1276 872 1290 922 ;
1323 865 1377 912 ct
1394 857 1704 927 insurgente
1730 863 1946 922 conatu,

357 945 500 1016 quod
528 962 772 1015 vermes;
804 958 856 1004 et
883 958 1167 1019 spumante
1188 957 1415 1019 reptatu,
1433 948 1576 1021 quod
1602 948 1684 1024 (a)
1706 949 1948 1005 limaces.

357 1038 432 1103 Ita
463 1048 518 1094 et
546 1040 736 1111 spirari
777 1056 873 1097 cur
895 1056 999 1097 non
1031 1050 1186 1113 putes
1218 1045 1336 1099 sine
1364 1044 1676 1115 puhnonum
1710 1044 1949 1109 follibus,

356 1132 559 1186 et'sine
585 1132 776 1189 fistulis
799 1135 1158 1190 arteriarum?
1182 1144 1238 1191 ut
1263 1151 1360 1207 pro
1386 1152 1579 1208 magno
1608 1136 1953 1208 amplectaris

356 1233 674 1294 argumento
697 1266 713 1291 ,
762 1225 963 1283 idcirco
992 1228 1185 1283 anima:
1215 1229 1466 1287 humana:
1518 1229 1765 1302 spiritum
1794 1245 1951 1287 acce-

296 1314 299 1315 ⁷
358 1317 510 1384 dere,
558 1318 680 1387 quia
728 1319 838 1375 sint
879 1335 1001 1391 qua:
1048 1321 1240 1391 spiritu
1288 1330 1542 1389 careant;
1576 1331 1631 1378 et
1658 1322 1861 1378 idcirco
1888 1337 1951 1378 ea

359 1412 551 1482 spiritu
580 1428 768 1470 carere
787 1456 803 1479 ,
845 1418 967 1487 quia
998 1417 1330 1474 flaturalibns
1354 1418 1577 1475 artubus
1602 1428 1803 1474 structa
1848 1435 1953 1476 non

355 1507 483 1560 sint.
515 1506 709 1563 Vivere
731 1508 847 1564 sine
873 1509 1064 1580 spiritu
1094 1510 1373 1566 existimas
1400 1510 1626 1583 aliquid,
1658 1511 1863 1582 spirare
1884 1511 1957 1566 si-

358 1613 426 1651 ne
452 1597 792 1667 pulmo:tihus
819 1616 923 1670 non
955 1602 1149 1671 putas?
1175 1600 1312 1671 Quid
1339 1610 1442 1669 est,
1480 1618 1576 1658 oro
1601 1611 1673 1670 te,
1706 1603 1957 1673 spitare?

356 1690 545 1746 flatum
571 1734 586 1758 ,
640 1694 866 1761 opinor,
896 1709 965 1749 ex
1018 1696 1308 1766 semetipso
1345 1712 1523 1767 agere.
1565 1696 1702 1764 Quid
1732 1707 1811 1753 est
1844 1711 1948 1752 non

2051 491 2289 559 spiritus,
2317 491 2443 547 dum
2467 493 2630 563 ipsius
2660 498 2741 544 cst
2763 488 2990 559 spirare,
3020 486 3174 556 cuius
3194 496 3248 541 et
3270 486 3483 542 vivetc!
3512 487 3654 554 Quid

2052 584 2216 648 enim,
2251 585 2292 638 si
2324 576 2465 638 diem
2516 583 2657 639 aliud
2703 581 2902 637 habere
2934 579 3085 645 velis,
3133 577 3276 633 aliud
3320 578 3493 634 lucem
3525 593 3655 651 qua:

2052 674 2258 729 accidat
2285 675 2438 731 diei?
2471 691 2592 730 cum
2640 673 2755 729 dies
2804 674 2917 742 ipsa
2942 660 3045 726 lux
3089 671 3178 725 sit.
3209 670 3372 726 Plane
3400 680 3559 726 erunt
3588 680 3649 727 et

2052 766 2155 823 alia
2180 783 2374 837 genera
2403 767 2559 830 lucis,
2581 777 2635 822 ut
2656 781 2723 821 ex
2751 765 2950 836 ignium
2971 763 3284 818 ministerio.
3308 763 3481 819 Erunt
3502 765 3652 820 enim

2054 869 2108 917 et
2134 860 2256 915 alia:
2307 860 2528 929 spiritus
2578 859 2821 930 species,
2867 866 2923 910 ut
2960 872 3024 911 ex
3069 856 3201 923 Deo,
3233 864 3291 911 ιιι
3320 870 3385 911 ex
3415 856 3657 914 diabolo.

2053 953 2129 1009 lta
2156 967 2276 1009 cum
2298 951 2367 1008 de
2385 952 2560 1008 anima
2581 960 2638 1008 et
2662 951 2850 1022 spiritu
2870 949 3064 1020 agitur,
3088 950 3198 1018 ipsa
3222 949 3318 1005 erit
3337 950 3515 1005 anima
3540 951 3655 1020 spi-

2058 1046 2212 1111 ritus,
2247 1046 2387 1102 sicut
2421 1046 2536 1117 ipsa
2563 1042 2679 1102 dies
2709 1044 2818 1100 lux.
2864 1043 3040 1114 Ipsum
3069 1050 3153 1098 est
3200 1043 3343 1099 enim
3365 1043 3491 1116 quid
3516 1087 3531 1111 ,
3563 1057 3663 1115 per
3688 1051 3741 1083 ιι

2055 1137 2199 1209 quod
2223 1147 2307 1194 est
2324 1137 2473 1210 quid.

2673 1228 2902 1287 CAPUT
2938 1227 3036 1284 XI.

2127 1321 2233 1379 Sed
2266 1322 2572 1378 utanimam
2604 1319 2849 1394 spiritum
2871 1320 3070 1387 dicam,
3097 1320 3381 1391 pret-sentis
3405 1321 3666 1392 quaestio-

2057 1414 2142 1471 nis
2171 1417 2309 1471 ratio
2333 1415 2639 1488 compellit,
2670 1415 2794 1485 quia
2835 1415 3042 1485 spirare
3086 1414 3177 1469 alii
3223 1414 3535 1470 substantia:
3560 1414 3663 1472 ad-

2057 1507 2313 1563 scribitur
2338 1524 2352 1561 :
2382 1506 2487 1563 hoc
2515 1506 2641 1562 dum
2661 1507 2857 1562 anima:
2882 1506 3233 1573 vindicamus,
3262 1522 3421 1577 quam
3451 1509 3663 1564 unifor-

2059 1618 2201 1657 mem
2226 1610 2281 1657 et
2309 1600 2615 1671 simplicem
2642 1601 2985 1672 agnoscimus
3004 1641 3020 1666 ,
3049 1600 3297 1670 spiritum
3328 1615 3552 1657 necesse
3573 1610 3664 1658 est

2059 1702 2209 1748 certa
2259 1691 2570 1747 conditione
2613 1690 2892 1756 dicamus;
2924 1674 3244 1745 non'status
3293 1695 3530 1758 nmnine,
3560 1693 3662 1750 sed

361 1781 579 1836 vivere?
607 1785 813 1850 ﬂatum,
838 1785 1049 1856 opinor,
1078 1801 1143 1841 ex
1173 1787 1465 1857 semetipso
1496 1804 1599 1842 non
1622 1803 1804 1859 agere.
1840 1788 1952 1843 Hoc
1982 1782 2032 1843 B
2059 1796 2245 1849 actus;
2300 1800 2401 1841 nec
2442 1784 2757 1840 substantiae
2799 1783 2952 1839 titulo
2977 1825 2992 1850 ,
3021 1783 3116 1838 sed
3143 1798 3357 1854 operm;
3387 1785 3510 1857 quia
3539 1787 3657 1856 spi-

277 1908 324 1941 ,ρ
355 1876 499 1930 enim
530 1877 858 1945 respondere
879 1878 1140 1946 debeo,tsi
1171 1895 1275 1935 non
1300 1879 1439 1937 idem
1470 1890 1548 1936 est
1580 1881 1787 1952 spirare
1809 1874 1952 1952 quod

356 1971 559 2028 vivere.
586 1971 691 2029 Sed
737 1976 931 2031 mortui
981 1977 1083 2032 erit
1129 1993 1234 2033 non
1263 1994 1422 2049 agerc
1448 1978 1634 2034 flatum
1662 1998 1676 2035 :
1707 1996 1835 2050 ergo
1867 1982 1947 2035 vi-

363 2066 538 2121 ventis
564 2075 649 2124 est
678 2068 1056 2139 agereilatum.
1085 2069 1190 2127 Sed
1219 2080 1275 2126 et
1299 2072 1553 2143 spirantis
1574 2084 1655 2133 est
1678 2088 1838 2144 agere
1862 2072 1957 2128 fla-

358 2166 473 2213 tum
501 2178 515 2214 :
545 2174 676 2231 ergo
710 2166 768 2216 ct
791 2161 996 2231 spirare
1041 2162 1271 2218 viventis
1305 2172 1407 2219 est.
1443 2163 1741 2235 Utrumque
1762 2167 1804 2218 si
1839 2165 1958 2220 sine

359 2250 538 2305 anima
567 2251 857 2309 decurrere
876 2254 1154 2324 potuisset,
1174 2271 1280 2311 non
1302 2254 1488 2312 fuisset
1505 2257 1698 2311 anima:
1724 2257 1954 2327 spirare,

365 2344 463 2398 sed
490 2344 832 2400 solunnnodo
860 2347 1062 2403 vivere.
1091 2349 1303 2403 Atenim
1333 2349 1513 2405 vivere
1536 2350 1741 2421 spirare
1767 2361 1869 2414 est,
1904 2357 1959 2405 et

360 2434 567 2504 spirare
595 2437 776 2491 vivere
804 2448 907 2492 est.
934 2437 1082 2509 Ergo
1111 2446 1277 2495 totum
1307 2440 1408 2495 hoc
1432 2482 1446 2504 ,
1482 2451 1536 2497 et
1564 2441 1773 2511 spirare
1795 2450 1850 2497 et
1874 2442 1955 2497 vi-

359 2538 510 2590 vere,
540 2524 657 2596 ejus
676 2536 781 2593 est,
809 2531 964 2598 cujus
993 2537 1048 2583 ct
1096 2531 1277 2586 vivere
1299 2574 1313 2596 ,
1362 2531 1414 2587 id
1441 2542 1525 2588 est
1548 2534 1760 2590 animte.
1791 2534 1955 2591 Deni-

356 2632 499 2688 que,
544 2618 589 2674 si
622 2633 841 2690 separas
889 2621 1136 2691 spiritum
1186 2632 1241 2678 ct
1272 2625 1505 2680 animam
1552 2625 1656 2700 (I),
1688 2643 1877 2699 separa
1905 2634 1960 2685 et

362 2725 527 2782 opera
553 2728 567 2765 :
597 2715 828 2784 agantin
861 2713 1100 2772 discreto
1128 2717 1327 2788 aliquid
1359 2720 1537 2797 ambo,
1564 2736 1810 2778 seorsum
1840 2724 1957 2779 ani-

363 2817 450 2857 ma
472 2845 487 2870 ,
519 2818 761 2860 seorsum
790 2807 1050 2876 spiritus:
1079 2809 1257 2865 anima
1283 2812 1406 2867 sine
1431 2813 1623 2882 Spiritu
1651 2815 1817 2881 vivat,
1842 2817 1956 2888 spi-

366 2893 503 2948 ritus
532 2895 649 2950 sine
674 2896 851 2951 anima
890 2899 1097 2969 spiret;
1125 2899 1355 2957 alterum
1393 2903 1658 2975 relinquat
1685 2921 1910 2978 corpora
1939 2949 1955 2973 ,

372 2986 598 3040 alterum
625 2998 920 3055 remaneat,
954 3004 1102 3045 mors
1130 3001 1183 3047 et
1213 2993 1320 3048 vita
1351 2997 1696 3051 conveniant.
1726 2997 1782 3055 Si
1814 3000 1956 3055 cnim

360 3077 470 3133 duo
499 3088 640 3145 sunt,
674 3081 849 3136 anima
875 3091 931 3138 et
954 3083 1197 3154 spiritus,
1231 3085 1393 3141 dividi
1425 3099 1689 3159 possunt,
1740 3100 1798 3147 ut
1821 3092 1959 3148 divi-

2062 1892 2166 1948 rat,
2205 1880 2284 1955 (ιι)
2316 1895 2421 1935 non
2462 1881 2583 1951 quia
2624 1879 2849 1949 spiritus
2873 1878 3087 1949 proprie
3112 1888 3230 1933 est:
3260 1894 3382 1933 nam
3409 1890 3461 1935 et
3488 1878 3622 1937 flare
3642 1922 3661 1949 ,

2058 1979 2267 2048 spirare
2297 1985 2398 2032 est.
2427 1976 2498 2031 Ita
2527 1985 2582 2030 et
2601 1974 2837 2029 animam
2865 2014 2879 2039 ,
2909 1987 3070 2044 quam
3104 1970 3287 2027 flauuu
3317 1988 3382 2028 ex
3413 1974 3663 2045 proprie-

2062 2081 2170 2126 tate
2191 2070 2530 2127 defendimus
2552 2109 2568 2135 ,
2623 2067 2871 2139 spiritum
2922 2082 3064 2122 nunc
3089 2082 3154 2122 ex
3187 2068 3508 2125 necessitate
3536 2084 3667 2140 pro-

2061 2164 2387 2220 nuntiamus.
2432 2162 2705 2218 (Ia-terum
2752 2159 3015 2216 adversus
3067 2159 3464 2230 Hermogenem
3498 2201 3513 2228 ,
3565 2162 3662 2232 qui

2060 2270 2177 2311 cam
2204 2272 2271 2310 ex
2298 2254 2545 2319 materia,
2593 2267 2697 2307 non
2727 2266 2792 2307 ex
2824 2251 2918 2306 Dei
2964 2249 3095 2305 flatu
3138 2250 3436 2311 contendit.
3476 2250 3663 2307 ﬂatum

2064 2350 2283 2421 preprie
2311 2358 2544 2402 tuemur.
2574 2345 2669 2401 Ille
2690 2346 2857 2411 enim,
2892 2343 2967 2418 (ε)
2994 2342 3254 2398 adversus
3279 2342 3446 2413 ipsius
3471 2343 3661 2414 Scrip-

2063 2451 2197 2497 tura:
2228 2439 2408 2505 fidem,
2445 2438 2630 2494 flatum
2681 2438 2731 2492 in
2775 2436 2965 2505 spiritu
2989 2435 3190 2491 vertit:
3224 2432 3305 2508 (tl)
3337 2444 3394 2489 ut
3418 2433 3543 2489 dum
3573 2435 3662 2490 in-

2063 2533 2324 2590 credibile
2344 2541 2447 2599 est,
2477 2530 2725 2602 spiritum
2756 2529 2846 2584 Dei
2878 2528 2931 2582 in
2958 2526 3237 2595 delictum,
3258 2535 3317 2582 et
3337 2542 3458 2582 mox
3487 2527 3539 2581 in
3565 2527 3660 2596 ju-

2062 2627 2260 2685 dicium
2292 2625 2567 2684 devenire.
2598 2639 2660 2679 ex
2697 2622 2921 2677 materia
2946 2621 3123 2692 potius
3152 2621 3329 2675 anima
3356 2619 3613 2675 credatur
3641 2661 3659 2687 ,

2062 2735 2221 2792 quam
2254 2734 2320 2775 ex
2354 2718 2446 2774 Dei
2478 2717 2689 2787 spiritu.
2725 2714 2930 2770 Idcirco
2965 2728 3064 2769 uos
3102 2722 3158 2769 et
3184 2712 3296 2768 illic
3325 2712 3509 2769 fla'um
3535 2728 3659 2769 eam

2065 2810 2431 2872 defendimus.
2461 2824 2567 2865 non
2590 2807 2858 2878 spiritum,
2887 2805 3180 2862 secundum
3203 2803 3530 2875 Scripturam
3556 2848 3573 2872 ,
3603 2813 3664 2861 et

2062 2903 2357 2961 secundum
2386 2902 2605 2972 spiritus
2634 2897 3069 2955 distinctionem:
3111 2894 3185 2968 (θ)
3217 2906 3271 2950 et
3302 2895 3388 2950 hic
3411 2894 3661 2966 spiritum

2063 2997 2284 3069 ingratis
2324 2992 2765 3079 pronuntiamus,
2800 2988 3096 3046 secundum
3120 2987 3363 3059 spirandi
3406 2998 3463 3044 et
3490 2986 3663 3045 flandi

2062 3091 2519 3149 communionem.
2562 3085 2678 3141 liiic
2706 3084 2774 3140 de
2814 3083 3114 3139 substantia
3153 3081 3383 3153 qumstio
3402 3081 3663 3152 estzspi-

356 3171 511 3226 sione
559 3186 746 3227 eorum
772 3213 787 3237 ,
828 3174 1050 3231 alterius
1080 3175 1407 3233 discedentis
1428 3219 1444 3243 .
1499 3181 1723 3237 alterius
1765 3183 1956 3240 imma-
1988 3175 2033 3238 C
2067 3200 2189 3242 rare
2216 3181 2359 3238 enim
2387 3177 2701 3235 substantia:
2720 3184 2882 3230 actus
2913 3183 3018 3229 est.
3047 3171 3159 3229 Nec
3185 3171 3390 3227 diutius
3415 3170 3484 3226 de
3510 3171 3617 3227 isto
3641 3212 3660 3239 ,

361 3263 572 3329 uentis,
604 3264 793 3319 mortis
819 3275 874 3325 et
916 3267 1038 3322 vita:
1077 3282 1373 3325 concursus
1410 3272 1641 3328 eveniat.
1669 3275 1774 3330 Sed
1811 3276 1956 3331 nullo

363 3355 525 3410 modo
564 3358 814 3414 eveniet:
853 3374 981 3431 ergo
1016 3359 1124 3417 duo
1162 3377 1269 3418 non
1298 3374 1477 3433 erunt,
1506 3381 1626 3437 qua:
1654 3368 1822 3423 dividi
1852 3386 1954 3426 non

365 3460 590 3519 possunt
616 3466 631 3514 ;
664 3465 784 3521 quae
814 3451 976 3508 dividi
1007 3465 1247 3524 possent,
1277 3456 1321 3512 si
1348 3455 1594 3514 fuissent.
1618 3459 1724 3516 Sed
1755 3461 1878 3518 licet
1902 3472 1958 3521 et

360 3541 471 3596 duo
510 3557 630 3599 esse
659 3555 932 3602 concreta.
960 3546 1067 3602 Sed
1112 3563 1217 3604 non
1265 3560 1424 3606 erunt
1475 3550 1556 3625 (2)
1589 3564 1840 3611 concreta
1863 3600 1876 3624 ,
1908 3560 1990 3620 si.

360 3634 504 3689 aliud
540 3644 622 3691 est
649 3637 848 3703 vivere,
877 3638 1019 3694 aliud
1052 3640 1287 3710 Spirare.'
1332 3642 1673 3716 Distinguunt
1702 3648 1954 3705 substan-

359 3726 462 3779 tias
504 3738 705 3797 opera:
757 3739 813 3785 ct
864 3740 1063 3802 quanto
1101 3746 1243 3790 nunc
1287 3732 1494 3792 firmius
1538 3748 1655 3806 est,
1688 3749 1747 3796 ut
1790 3757 1957 3800 unum

521 3955 770 4037 Spiritum,
797 3964 1018 4036 naturam
1044 3959 1194 4013 Rhen.

445 4078 454 4081 Α
519 4018 638 4077 Quae
659 4022 758 4070 div.
796 4036 924 4081 poss.
950 4037 991 4073 SI
1015 4022 1047 4072 f.
1072 4024 1173 4075 Sed

444 4018 493 4090 ρ)
519 4018 764 4090 Qum‘dit-j
785 4022 1173 4090 possnsijSed
1196 4022 1228 4073 1.
1254 4031 1307 4076 et
1339 4025 1389 4076 d.
1415 4039 1463 4078 e.
1497 4042 1542 4080 c.
1573 4028 1673 4081 Sed
1714 4046 1763 4082 η.
1805 4045 1955 4087 erunt

356 4084 508 4132 enim.
531 4084 673 4132 Pam.
693 4096 756 4135 ex
775 4084 984 4138 Gelenio.
1002 4084 1168 4137 Dividi
1189 4100 1285 4138 non
1308 4099 1524 4154 possent,
1545 4084 1849 4157 etfuissent,
1863 4084 1952 4149 sed

2062 3280 2162 3336 nisi
2198 3286 2416 3349 propter
2444 3272 2755 3337 ltmreticos,
2787 3269 2878 3340 qui
2916 3267 3099 3323 nescio
3136 3266 3277 3338 quod
3304 3266 3544 3337 spiritale
3567 3282 3661 3322 se-

2061 3387 2187 3429 men
2235 3368 2515 3425 infuleiunt
2540 3364 2757 3429 animm,
2790 3360 2860 3415 de
2888 3359 3103 3430 Sophia:
3132 3359 3320 3414 matris
3351 3360 3560 3413 occulta
3590 3357 3661 3414 ii-

2061 3464 2350 3522 beraiitate
2372 3462 2668 3527 conlatum,
2688 3458 2970 3529 ignorante
2992 3454 3216 3520 factore,
3244 3468 3364 3508 cum
3381 3452 3663 3522 Scriptura

2060 3561 2277 3621 factoris
2330 3556 2500 3627 magis
2538 3552 2632 3609 Dei
2676 3552 2757 3607 sui
2802 3550 3021 3606 conscia
3069 3549 3184 3619 (ὅ).
3238 3547 3367 3602 nihil
3430 3547 3663 3616 amplius

2062 3646 2512 3725 promttlgaverit,
2563 3659 2726 3716 quam
2757 3640 2827 3714 (Γ)
2884 3640 3053 3697 Deum
3104 3640 3321 3695 flantem
3370 3636 3423 3693 in
3464 3635 3663 3694 faciem

2064 3743 2299 3800 hominis
2344 3741 2531 3795 flatum
2561 3737 2705 3803 vitaa,
2735 3743 2790 3791 et
2818 3733 3092 3790 hominem
3115 3732 3313 3789 factum
3342 3730 3397 3786 iu
3422 3730 3661 3787 animam

1595 3852 1979 3918 LECTIONES
2018 3856 2427 3918 VARIANTES.

2061 3974 2180 4035 licet
2197 3973 2295 4035 duo
2317 3983 2431 4021 esse
2454 3972 2700 4035 concreta,
2728 3969 2825 4035 etc.
2852 3964 3108 4035 (fugamus:

2119 4034 2194 4101 (ὅ)
2219 4034 2378 4098 Magis
2398 4025 2701 4083 conscientia
2719 4025 2829 4090 cod.
2852 4025 3119 4092 Ag'obardi.

1723 4199 2278 4267 COMMENTARIUS.
2330 4224 2335 4229 ‘

361 4308 442 4388 his
465 4322 589 4388 pero
611 4317 712 4388 tant
735 4309 902 4388 parvis
926 4319 1075 4388 atque
1105 4320 1208 4388 tam
1227 4312 1414 4388 nauis,
1428 4327 1544 4382 qua:
1568 4314 1698 4370 ratio
1714 4317 1737 4371 .'
1758 4328 1949 4388 quanta

361 4380 477 4453 vis!
494 4396 654 4453 quam
681 4381 1045 4453 inextricabilis
1071 4383 1312 4453 perfectio
1330 4384 1350 4437 !
1383 4380 1499 4440 lito.

434 4450 510 4520 (a)
541 4448 789 4506 Limaces.
819 4452 1009 4508 Limax
1029 4448 1112 4508 est
1137 4448 1358 4513 cochlea
1388 4454 1548 4513 nuda.
1580 4457 1678 4514 Ls.
1713 4458 1809 4515 Pa.

430 4522 585 4578 CAP.
616 4522 705 4577 XI.
735 4522 817 4597 (b)
848 4522 1115 4597 Nonquia
1161 4526 1369 4595 spiritus
1417 4530 1621 4597 proprie
1674 4541 1768 4585 est.
1820 4532 1936 4587 Sci-

362 4594 635 4671 licet__non
661 4594 804 4671 quia
828 4594 1048 4671 spiritus
1093 4594 1341 4671 seorsim,
1372 4594 1550 4671 ctiper
1578 4615 1638 4656 se
1667 4602 1944 4671 peculiaris

363 4679 453 4718 res
475 4663 687 4732 diversa
708 4666 777 4720 sit
802 4663 870 4721 ah
889 4667 1088 4729 anima,
1113 4668 1182 4722 ita
1199 4663 1502 4729 commode.
1532 4680 1584 4725 et
1612 4663 1794 4727 mitius
1821 4675 1946 4731 licet

363 4735 571 4808 tnollire
598 4735 1020 4802 Tertullianum;
1052 4754 1225 4808 neque
1257 4750 1432 4796 tamen
1464 4741 1684 4797 nimium
1715 4759 1943 4801 succen-

366 4805 593 4888 schotsi
619 4810 944 4888 paradoxum
969 4805 1185 4888 aliquod
1205 4809 1291 4865 hic
1315 4811 1589 4888 observes,
1611 4816 1762 4883 qttasi
1790 4826 1947 4888 neget

363 4877 723 4957 'l‘ertuiliamts
769 4880 1003 4934 animam
1034 4877 1279 4950 spiritum
1313 4882 1530 4957 prOprie
1560 4877 1681 4941 esse
1702 4927 1717 4952 ,
1749 4877 1887 4957 quia"
1900 4890 1946 4944 si

362 4960 504 5021 esset
530 4950 768 5018 Spiritus,
799 4967 992 5021 corpus
1014 4966 1119 5007 non
1149 4950 1326 5007 cssetI
1345 4953 1477 5009 Lac.

438 5019 515 5089 (c)
551 5022 803 5101 Adversus
827 5019 989 5101 ipsius
1008 5022 1296 5101 scriptura:
1317 5025 1471 5093 [idem
1500 5026 1682 5101 ﬂatum
1708 5028 1759 5083 in
1789 5030 1945 5101 spiri-

367 5099 473 5165 tatn
501 5092 664 5147 vertit.
693 5094 875 5148 Secuti
911 5104 1035 5148 sunt
1066 5092 1452 5165 Hermogenem
1482 5092 1571 5151 alii
1613 5110 1722 5153 tmn
1752 5092 1949 5156 iu'ver-

366 5163 683 5239 sinuatum
710 5165 787 5239 ‘in
840 5167 1124 5239 sententia,
1145 5163 1291 5239 quos
1328 5177 1478 5222 uetat
1503 5170 1829 5239 Augustinus
1854 5172 1943 5227 lib.

368 5231 489 5306 XIII
528 5233 592 5287 de
616 5233 764 5290 Cirit.
794 5235 1016 5306 (ειη)λὸ
1039 5277 1056 5301 ,
1107 5231 1195 5291 ubi
1221 5237 1466 5293 observat
1521 5231 1781 5298 adversus
1831 5244 1949 5298 illos

367 5313 419 5356 et
444 5302 991 5381 Hermogenem,'non
1007 5320 1127 5362 esse
1152 5309 1408 5378 scriptum
1436 5317 1638 5381 πνεὺμαν,
1665 5314 1758 5369 sed
1782 5326 1947 5380 mm,

370 5385 425 5455 ut
473 5377 718 5431 excludat
768 5378 1080 5455 earumdem
1112 5377 1603 5455 interpretationem
1627 5377 1717 5440 de
1746 5377 1947 5455 Spiritu

371 5444 589 5501 Sancto.
620 5457 675 5501 et
706 5464 812 5504 non
836 5448 905 5505 de
942 5450 1137 5504 anima.
1171 5444 1302 5506 Lac.

444 5514 527 5586 (ιι)
561 5517 628 5572 Ut
659 5518 782 5598 dum
807 5519 1100 5575 incredibile
1122 5531 1217 5598 est.
1247 5521 1362 5598 Non
1387 5523 1511 5580 fecit
1536 5523 1637 5581 hoc
1662 5527 1952 5598 Hermoge—

374 5597 579 5669 ncsﬂut
603 5590 938 5669 autoritatem
971 5594 1134 5669 veteri
1163 5593 1454 5669 Scriptura:
1484 5598 1761 5662 demeret,
1789 5590 1950 5669 quam

370 5657 459 5735 alii
493 5656 1004 5739 liferetieiejusjevi
1030 5656 1420 5739 contencbant;
1454 5683 1573 5721 nam
1606 5685 1709 5723 nou
1734 5656 1953 5739 negavit

370 5729 671 5809 ittsekfiden}
705 5731 1173 5809 lilii-o_Geneseos;
1218 5736 1312 5791 scd
1343 5729 1947 5806 intcrpretabatnrwillud

362 5802 601 5876 spiritum
631 5802 698 5857 de
725 5802 927 5874 Spiritu
979 5802 1198 5879 Sancto,
1239 5802 1548 5882 supponens
1573 5809 1685 5880 jam
1713 5813 1947 5869 animam

2054 4323 2104 4379 in
2133 4312 2369 4385 homine,
2401 4332 2457 4376 ut
2488 4320 2612 4378 inde
2638 4319 2898 4389 originem
2929 4317 3130 4390 animag
3155 4327 3405 4390 argutare
3436 4330 3639 4390 posset,

2054 4411 2158 4450 non
2183 4409 2251 4451 ex
2283 4394 2390 4449 Deo
2412 4391 2598 4460 fuisse,
2624 4390 2719 4448 sed
2744 4405 2813 4446 ex
2835 4390 3079 4445 materia.
3108 4389 3184 4445 Ita
3204 4389 3524 4447 Philastrius
3547 4389 3646 4449 lib.

1971 4483 2024 4548 ι)
2054 4466 2114 4522 L.
2149 4466 2282 4522 Lac.

2121 4560 2197 4633 (θ)
2231 4559 2295 4614 Et
2309 4558 2655 4641 .Itt'CfPt'rt'l'l‘ttlt
2677 4556 2892 4641 ingratis
2920 4555 3344 4641 pronuntiamus.-
3361 4554 3630 4635 Ingratis,

2052 4626 2151 4686 hoc
2176 4626 2509 4707 est,_luvitis.
2561 4626 2919 4700 Supradixit,
2971 4626 3373 4682 Exnecessitaté
3402 4645 3640 4700 pronan-
3720 4702 3723 4707 Ι

2051 4705 2252 4758 tiamne.
2290 4701 2408 4758 Rue.

2149 4817 2188 4887 f)
2235 4815 2402 4887 Deam
2455 4816 2664 4887 ﬂantem
2713 4813 2770 4887 in
2827 4812 3010 4883 facient
3057 4812 3280 4887 [caminis
3303 4814 3487 4884 ﬂutant
3515 4813 3657 4887 vitta.

2053 4881 2253 4944 All'u'dit
2280 4886 2347 4942 ad
2372 4881 2504 4941 illud
2537 4886 2673 4941 Gen.
2731 4883 2771 4937 Il
2815 4881 2975 4951 supra
3021 4885 3241 4940 citatum
3285 4881 3334 4939 ὁ.
3371 4887 3425 4949 5,
3474 4896 3527 4939 et
3557 4886 3655 4941 lib.

2050 4961 2168 5015 adv.
2208 4958 2450 5028 Ilermog.
2478 4974 2525 5011 c.
2558 4956 2662 5013 ’ὄις
2693 4954 2758 5010 Et
2784 4957 2926 5025 ﬂavit
2953 4954 3089 5009 Dens
3119 4955 3299 5026 ﬂatum
3346 4957 3461 5010 vita:
3488 4957 3539 5009 in
3555 4960 3655 5081 ga-

2051 5036 2176 5081 ciem
2202 5030 2442 5081 hominis.
2474 5038 2519 5081 et
2539 5034 2700 5081 factas
2729 5038 2801 5080 est
2824 5027 2973 5080 homo
3003 5026 3055 5080 in
3085 5028 3309 5081 animant
3329 5029 3528 5081 vivam:
3595 5042 3623 5081 a
3642 5058 3655 5068 -

2051 5036 2176 5086 ciem
2202 5026 2442 5094 hominis,
2474 5038 2519 5082 et
2536 5034 2700 5100 factas
2729 5038 2801 5100 est
2824 5027 2973 5100 homo
3003 5026 3055 5080 in
3085 5028 3309 5081 animant
3329 5029 3528 5093 vivam;
3555 5026 3623 5081 Ila
3642 5058 3656 5068 -

2054 5112 2163 5157 tmn
2194 5103 2315 5157 vita:
2341 5097 2574 5154 animum
2607 5097 2887 5167 utrobique
2914 5098 3341 5167 interpretatur;
3366 5113 3527 5167 quam
3553 5112 3654 5153 ex-

2055 5174 2399 5244 plicationem
2437 5185 2617 5244 vetant
2649 5185 2770 5244 esse
2799 5183 2960 5244 supra
2987 5167 3412 5244 ostendi_t_nu_s,_i.
3431 5167 3658 5244 deBapg

2054 5239 2221 5309 tismo,
2250 5261 2300 5300 e.
2323 5245 2377 5298 5.
2407 5242 2613 5311 Quibus
2640 5239 2838 5311 addere
2863 5241 3033 5311 visum
3063 5250 3145 5293 est
3173 5240 3298 5294 illud
3325 5239 3654 5311 Theodoreti

2056 5316 2106 5369 in
2144 5316 2285 5387 It‘pis.
2313 5316 2415 5387 diu.
2435 5310 2663 5383 tlogniat.
2698 5310 2979 5387 «.Notnine
2996 5310 3155 5381 {latus
3173 5325 3281 5387 non
3308 5310 3660 5387 intelligimus

2056 5381 2259 5469 partem
2284 5381 2600 5469 aliquanies
2621 5382 2792 5436 entia:
2816 5381 3031 5469 divina},
3065 5382 3357 5469 secundum
3389 5382 3658 5469 Certim-tis

2055 5452 2109 5512 et
2137 5452 2420 5513 Marcionis
2451 5457 2653 5510 rabiem
2681 5471 2694 5517 ;
2736 5452 2829 5509 sed
2870 5453 3057 5506 animm
3083 5462 3324 5507 naturam
3353 5467 3450 5521 per
3480 5452 3529 5506 id
3557 5453 3659 5509 de-

2058 5530 2229 5584 nutari
2252 5574 2264 5589 .
2293 5528 2434 5599 quod
2466 5526 2643 5580 anima
2673 5524 2893 5599 spiritus
2924 5523 2996 5599 s_it
3021 5523 3300 5599 rationalis
3325 5524 3659 5599 etinteilec-

2058 5600 2235 5655 tualis.
2277 5592 2429 5654 {Cui
2448 5592 2716 5652 consentit
2742 5597 2907 5667 etiam
2928 5592 3252 5667 Prudentius
3275 5596 3325 5648 in
3356 5592 3651 5667 Hantartig.

2056 5680 2109 5726 et
2138 5681 2263 5725 ante
2310 5668 2697 5724 'I‘ertullianum
2739 5666 2800 5721 II.
2855 5666 3088 5721 Irenzttus
3138 5665 3175 5718 Ι.
3208 5663 3275 5731 ν,
3308 5680 3358 5719 c.
3390 5667 3444 5718 7.
3473 5663 3656 5733 Quare

2058 5742 2196 5797 male
2225 5743 2365 5796 inter
2393 5740 2426 5794 h
2445 5753 2624 5792 vreses
2649 5746 2892 5795 recenset
2922 5734 3256 5802 l’bilastrius,
3286 5736 3524 5791 animam
3560 5736 3656 5794 Dei

2056 5814 2237 5869 flatum
2267 5813 2467 5871 dicere.
2501 5810 2633 5869 Plut.

3758 448 3793 475 δ.
