4062 6288
399 318 516 379 663

1732 308 2071 394 unanima
2112 312 2345 372 autut.

3601 310 3708 368 666

405 418 620 505 vivam,
672 448 768 506 per
818 448 977 505 quam
1016 432 1210 490 eximie
1257 439 1309 489 et
1356 432 1499 488 vivat
1547 441 1599 489 et
1627 436 1829 506 spirat;
1876 439 2006 491 Satis
2040 436 2080 491 Α
2115 429 2185 489 ita
2220 446 2323 483 ιισῚι
2366 428 2579 486 aliunde
2620 428 2912 498 spirantem
2945 442 3104 502 quam
3154 441 3218 485 ex
3251 428 3565 486 substantim
3597 445 3708 485 sua:

407 530 693 588 declarans
719 528 1053 585 dilTerentias
1083 527 1301 598 spiritus
1339 536 1393 581 et
1418 528 1633 590 animae.
1674 530 2003 600 insequentio

408 625 510 680 hus
550 622 956 686 instrumentis,
998 622 1118 692 ipso
1147 621 1255 676 Deo
1280 621 1662 690 pronuntiante
1689 621 1791 697 (Is.
1828 623 1961 678 LVII
1988 667 2002 689 ,

407 716 501 783 16)
526 735 538 771 ;
569 715 647 784 (a)
678 714 904 785 Spiritus
931 729 995 768 ex
1023 729 1103 767 me
1126 712 1365 778 procliuit.
1395 722 1441 767 et
1481 714 1663 783 [latum
1688 731 1887 769 omnem
1916 732 2006 787 ego

406 808 527 877 feci.
563 805 624 861 Et
657 805 836 859 anima
869 804 1012 859 enim
1042 804 1201 858 ﬂatus
1254 802 1425 858 factus
1451 818 1517 860 ex
1546 804 1761 873 spiritu.
1790 806 1856 862 Et
1887 822 2004 862 rur-

406 915 503 955 sus
530 897 631 968 (Is.
661 896 825 962 XLII,
855 897 950 965 5):
985 895 1085 964 Qui
1114 894 1252 949 dedit
1280 897 1463 965 [latum
1500 898 1690 967 papula
1715 914 1870 971 super
1900 910 2003 954 ter-

403 1006 540 1055 rant,
591 999 640 1043 et
690 989 927 1061 spiritum
976 987 1292 1042 calcantibus
1337 1004 1448 1043 eam
1500 986 1600 1061 (ὁ).
1647 989 1830 1047 Primo
1860 993 2004 1047 enim

358 1128 372 1140 .
402 1085 606 1148 anima,
640 1082 690 1138 id
731 1091 815 1139 est
843 1082 1021 1147 ﬂatus,
1051 1082 1251 1153 pepnlo
1277 1082 1329 1138 in
1354 1092 1496 1139 terra
1524 1083 1816 1153 incedenti,
1852 1085 1902 1140 id
1922 1095 2006 1143 est

404 1177 459 1231 in
487 1190 650 1231 carne
666 1175 958 1230 carnaliter
983 1177 1159 1246 agenti
1187 1216 1201 1240 ,
1233 1185 1419 1245 postea
1443 1175 1662 1246 spiritus
1688 1178 1769 1233 eis
1789 1179 1878 1248 qui
1902 1187 2006 1236 ter-

402 1256 759 1343 ram-calcant
781 1309 797 1334 ,
834 1266 885 1323 id
928 1275 1013 1323 est
1050 1281 1216 1336 opera
1258 1267 1437 1322 carnis
1471 1268 1764 1340 subigunt:
1798 1271 1919 1341 quia
1950 1281 2007 1327 et

402 1360 697 1431 Apostolus
723 1359 766 1431 tl
787 1358 910 1415 Cor.
938 1358 1054 1423 XV,
1072 1357 1168 1430 46)
1195 1376 1209 1412 :
1228 1357 1350 1413 Non
1370 1360 1590 1430 primunt
1615 1361 1753 1431 quod
1772 1363 2005 1434 spiritale

400 1463 498 1519 est,
527 1454 614 1509 sed
635 1455 773 1524 quod
792 1454 1037 1521 animale,
1065 1462 1241 1524 postea
1270 1454 1521 1522 spiritale.
1548 1453 1683 1511 Nam
1706 1458 1805 1513 etsi
1830 1457 2002 1514 Adam

400 1548 583 1602 statim
633 1545 975 1619 propltetavit
1019 1561 1270 1618 magnum
1314 1546 1462 1602 illum
1513 1559 1907 1607 sacramentum
1948 1553 2002 1609 in

398 1640 673 1695 Christum
723 1650 780 1696 et
803 1639 1097 1696 Ecclesium
1130 1638 1295 1713 (Eph.
1329 1638 1396 1707 γ,
1424 1640 1528 1705 50,
1559 1638 1652 1714 51)
1681 1660 1693 1695 :
1727 1641 1839 1699 Hoc
1868 1661 2003 1699 nunc

400 1749 460 1788 os
484 1749 549 1788 ea:
573 1734 771 1788 ossibus
801 1733 943 1798 meis,
976 1742 1021 1787 et
1050 1748 1169 1787 caro
1194 1747 1259 1786 ea:
1285 1747 1437 1786 carne
1481 1749 1630 1799 mea;
1678 1745 1887 1806 pmpter
1907 1736 2003 1793 hoc

2112 532 2278 577 SOI'lL‘.

2707 615 2883 672 CAPU
2895 616 2931 671 1‘
2962 615 3076 671 Xll.

2183 705 2414 763 Proinde
2434 749 2450 773 ,
2480 718 2533 765 et
2555 708 2817 774 animum,
2849 706 2921 782 (c)
2951 709 3069 765 sive
3096 723 3251 766 mens
3276 720 3389 778 est,
3436 717 3538 775 νοῦς
3565 710 3708 781 apud

2110 798 2328 855 Grmcos
2353 842 2366 864 ,
2399 816 2504 857 non
2530 802 2674 857 aliud
2724 801 2850 872 quid
2900 800 3255 872 intelligimus
3298 817 3456 873 aptam
3488 817 3708 875 sugges-

2112 901 2221 948 tum
2248 894 2440 978 animae
2485 895 2779 967 ingenitum
2811 905 2867 951 et
2917 895 3167 963 insitum,
3216 904 3270 950 et
3297 895 3552 951 nativitus
3583 912 3708 968 pro-

2112 986 2321 1055 prium,
2355 1003 2461 1058 quo
2505 990 2636 1059 agit,
2666 1003 2775 1060 quo
2800 988 2976 1058 sapit,
3001 1002 3162 1057 quem
3204 1003 3387 1044 secum
3418 988 3617 1044 habens
3639 1007 3709 1047 ex

2109 1079 2401 1150 semetip~a
2428 1093 2488 1136 se
2514 1089 2851 1136 commoveat
2880 1079 2933 1134 in
2959 1080 3269 1149 semetipsa,
3300 1090 3462 1151 atque
3487 1082 3558 1136 ita
3586 1098 3702 1137 tuo-

2111 1170 2220 1225 veri
2250 1168 2495 1227 videatur
2520 1173 2588 1228 ab
2619 1172 2713 1226 illo
2740 1181 2991 1241 tanquam
3041 1170 3338 1226 substantia
3367 1172 3493 1240 alia,
3523 1182 3581 1227 ut
3608 1189 3706 1227 vo-

2110 1263 2224 1320 lunt
2251 1261 2332 1336 (d)
2365 1265 2452 1334 qui
2490 1266 2656 1321 etiam
2687 1263 3063 1323 universitatis
3090 1272 3411 1320 motatorem
3444 1266 3705 1336 aniunnn,

2108 1356 2426 1421 decernunt,
2458 1356 2531 1428 (ε)
2564 1356 2717 1412 illum
2750 1355 2910 1412 dcutn
2943 1355 3221 1423 Socratis,
3247 1356 3397 1412 illum
3436 1355 3701 1414 Valentini

2110 1447 2461 1517 Monogcncm
2500 1464 2563 1504 ex
2608 1457 2759 1520 patre
2802 1447 2981 1520 Bytho
3009 1456 3067 1502 et
3112 1457 3283 1504 matre
3329 1447 3455 1518 Sige
3483 1449 3587 1522 (5).
3632 1449 3701 1523 (f)

2107 1538 2359 1608 Quamvis
2378 1539 2461 1612 (ὁ)
2482 1539 2817 1612 Anaxagorae
2840 1539 3048 1595 turbata
3067 1540 3331 1595 sententia
3349 1550 3432 1598 est
3452 1560 3465 1596 :
3493 1543 3703 1599 initium

2107 1632 2250 1687 enim
2277 1632 2516 1687 omniutn
2556 1640 2950 1688 commentatus
2975 1630 3239 1698 animum,
3269 1641 3323 1687 et
3345 1631 3423 1706 (g)
3445 1635 3707 1690 universi-

2109 1725 2230 1780 tatis
2250 1725 2497 1781 oscillum
2538 1725 2683 1781 illius
2702 1741 2804 1782 axe
2854 1723 3191 1795 suspendens
3216 1767 3231 1792 ,
3262 1742 3562 1799 purumque
3581 1744 3706 1785 eum

397 1829 649 1899 relinquet
706 1826 859 1883 homo
888 1836 1084 1897 patrem
1114 1837 1161 1883 et
1191 1834 1405 1880 matrem
1426 1866 1440 1892 ,
1474 1835 1523 1881 et
1576 1828 1921 1899 adglutinabit
1945 1848 1999 1888 se

2106 1819 2422 1887 adﬁrmans,
2449 1830 2503 1876 et
2531 1821 2832 1892 simplicem
2862 1831 2911 1876 et
2945 1818 3471 1899 incommiscibilem,
3499 1824 3599 1877 hoc
3620 1822 3706 1879 vel

398 1922 551 1977 uxori
581 1920 666 1992 (ι)
697 1936 824 1985 sum,
866 1929 913 1975 et
966 1928 1110 1974 erant
1158 1918 1262 1974 duo
1297 1919 1350 1972 in
1375 1935 1582 1974 carnem
1629 1935 1824 1989 unant;
1857 1924 1998 1979 acci-

395 2013 635 2069 dentiam
690 2013 913 2084 spiritus
966 2026 1157 2083 passus
1185 2019 1308 2068 est:
1352 2012 1546 2069 cecidit
1586 2014 1728 2070 enim
1769 2017 1998 2091 ecstasis

397 2118 563 2175 Super
591 2104 766 2171 illum,
798 2105 980 2161 Sancti
1029 2105 1264 2176 Spiritus
1323 2104 1427 2175 vis,
1466 2109 1738 2182 operatrix
1763 2110 1997 2181 prophe-

398 2195 510 2251 tim.
542 2194 673 2251 Nam
704 2204 759 2253 et
781 2196 955 2252 tnalus
976 2198 1198 2267 spiritus
1233 2201 1486 2258 accidens
1512 2215 1599 2257 res
1625 2208 1728 2257 est.
1757 2201 1997 2273 Denique

394 2286 612 2342 Saulcm
640 2295 750 2345 tam
779 2287 870 2343 Dei
894 2289 1114 2359 spiritus
1133 2301 1317 2358 postea
1341 2292 1497 2348 vertit
1525 2292 1576 2348 in
1606 2292 1767 2348 alimn
1792 2295 1993 2361 virum,

396 2378 450 2434 id
473 2388 555 2434 est
594 2379 647 2435 in
680 2384 998 2450 prephetcn,
1033 2396 1154 2436 cum
1185 2383 1387 2439 dictum
1425 2393 1510 2440 est
1539 2383 1582 2455 (Ι
1612 2384 1744 2456 Reg.
1776 2382 1845 2449 Χ,
1876 2384 1944 2452 ll)
1977 2401 1991 2440 :

398 2471 538 2537 Quid
567 2471 663 2531 hoc
692 2472 802 2541 ﬁlio
823 2469 907 2527 Cis
931 2472 957 2527 Ρ
983 2484 1135 2527 anet
1165 2473 1299 2530 Saul
1326 2476 1379 2529 in
1407 2475 1667 2547 prophetis
1688 2476 1715 2531 ?
1740 2490 1900 2546 quam
1940 2486 1998 2532 et

396 2564 572 2618 malus
593 2563 813 2634 spiritus
838 2572 1023 2633 postea
1056 2566 1220 2621 vertit
1250 2567 1301 2621 in
1328 2566 1495 2622 alium
1523 2568 1716 2631 virum,
1750 2567 1802 2622 in
1831 2582 1991 2638 apos-

398 2664 566 2711 tatam
597 2655 826 2712 scilicet.
865 2655 1057 2712 Judam
1084 2673 1296 2729 quoque
1323 2658 1630 2729 aliquandiu
1659 2673 1783 2714 cum
1808 2658 1995 2714 electis

395 2745 713 2815 deputatum
742 2762 910 2818 usque
936 2748 1003 2802 ad
1044 2748 1342 2805 loculorum
1385 2749 1620 2806 ofﬁciunt
1641 2791 1656 2817 ,
1685 2758 1739 2805 et
1767 2791 1782 2817 ,
1814 2750 1858 2804 si
1879 2750 1989 2820 jam

399 2837 792 2905 h-audatorcm,
829 2841 1143 2897 traditorem
1178 2850 1355 2898 tamen
1385 2842 1470 2913 (2)
1500 2842 1763 2910 nendum,
1812 2851 1997 2912 postea

396 2928 643 2984 diabolus
672 2930 910 2987 intravit.
951 2932 1117 3002 Igitur
1138 2933 1183 2987 si
1226 2949 1403 3004 neque
1433 2933 1563 2999 Dei,
1594 2948 1767 3004 neque
1795 2932 1995 2989 diaboli

398 3022 621 3092 spiritus
647 3038 712 3078 ex
745 3024 1021 3080 nativitate
1063 3023 1363 3081 conferitnr
1381 3025 1575 3082 animm
1599 3067 1615 3092 ,
1661 3025 1832 3081 solam
1875 3040 1994 3080 eam

399 3126 611 3172 constat
657 3126 782 3174 ante
823 3128 1076 3176 eventum
1107 3119 1329 3193 spiritus
1356 3121 1669 3192 utriusque:
1705 3120 1749 3175 si
1777 3119 1948 3175 solam
1975 3161 1990 3187 ,

398 3222 453 3268 et
474 3211 772 3284 simplicem
805 3223 858 3270 et
886 3212 1543 3273 unil'ormenrsahsmntize
1573 3214 1809 3280 nomine,
1834 3222 1996 3285 atque

2104 1914 2336 1970 maxime
2358 1913 2512 1970 titulo
2531 1926 2781 1986 segregat
2806 1915 2873 1969 ab
2893 1912 3090 1967 anima:
3112 1912 3502 1970 cornutixtiuue
3525 1932 3539 1981 ;
3561 1924 3616 1970 et
3636 1924 3708 1970 ta-

2104 2022 2225 2062 men
2249 2007 2494 2063 eumdem
2518 2008 2641 2063 alibi
2668 2008 2864 2064 animm
2901 2006 3100 2063 addicit
3127 2007 3221 2082 (It).
3257 2007 3369 2063 lloc
3397 2006 3558 2062 etiam
3585 2006 3706 2062 Ari-

2101 2098 2322 2154 stoteles
2363 2097 2639 2156 denotarit
2660 2142 2675 2164 ,
2719 2102 2902 2158 nescio
2931 2116 3000 2156 an
3032 2116 3125 2157 sua
3158 2100 3396 2174 paratior
3433 2098 3662 2169 implere

2100 2205 2259 2263 quam
2308 2192 2479 2247 aliena
2527 2192 2737 2249 inanire
2783 2195 2885 2266 (5).
2928 2195 3168 2266 Denique
3194 2204 3247 2251 et
3280 2195 3398 2266 ipse
3433 2192 3706 2248 deﬁnitio-

2104 2298 2224 2338 nem
2248 2282 2412 2337 animi
2435 2298 2555 2339 cum
2579 2283 2841 2352 differret,
2869 2285 3087 2351 interim
3113 2287 3340 2365 alterum
3357 2285 3520 2339 animi
3535 2298 3704 2354 genus

2100 2375 2489 2445 pronuntiavit,
2523 2376 2673 2432 illum
2711 2376 2977 2447 divinum,
3005 2394 3166 2451 quem
3198 2390 3386 2433 rursus
3421 2386 3476 2431 et
3501 2378 3701 2446 impas-

2095 2469 2306 2525 sibilcm
2324 2469 2541 2525 subostc
2551 2469 2741 2536 ndens,
2760 2471 3003 2539 abstulit,
3021 2481 3076 2528 et
3095 2473 3211 2542 ipse
3232 2485 3352 2526 eum
3375 2485 3406 2524 a
3429 2468 3705 2522 consortio

2097 2563 2310 2617 animze.
2340 2561 2476 2643 Cum
2504 2563 2646 2618 enim
2677 2564 2911 2620 animum
2938 2565 3247 2634 passibilem
3274 2570 3486 2618 constet
3514 2574 3701 2616 eorum

2096 2672 2215 2728 qua:
2242 2657 2426 2711 Sortita
2460 2666 2542 2714 est
2572 2657 2718 2728 pati;
2749 2667 2841 2713 aut
2869 2674 2964 2729 per
2993 2659 3231 2713 animum
3275 2666 3331 2712 et
3365 2671 3488 2711 cum
3519 2654 3704 2709 animo

2099 2738 2355 2822 patietur,
2402 2753 2446 2807 si
2477 2761 2727 2807 concreta
2758 2761 2840 2809 est
2880 2753 3060 2808 animo
3107 2752 3258 2825 (non
3289 2759 3464 2823 potest
3488 2750 3703 2804 animus

2099 2842 2443 2911 impassibilis
2496 2840 2748 2911 induci);
2780 2854 2871 2899 aut
2918 2844 2962 2899 si
3021 2859 3128 2899 non
3179 2858 3273 2913 per
3329 2842 3567 2896 aninmm
3601 2852 3703 2893 nec

2100 2949 2221 2989 cum
2254 2935 2434 2988 animo
2465 2935 2697 3004 patietur
2741 2922 2922 2990 anima
2948 2979 2962 2999 ,
3018 2951 3125 2991 non
3157 2936 3262 2991 erit
3302 2942 3552 2989 concreta
3582 2930 3698 2997 illi,

2098 3039 2219 3081 cum
2249 3039 2355 3095 quo
2387 3024 2538 3090 nihil,
2570 3032 2626 3079 et
2643 3025 2731 3096 qui
2760 3026 2892 3080 nihil
2918 3027 3119 3097 patitur
3150 3026 3252 3097 (6).
3293 3025 3464 3080 Porro
3493 3023 3537 3077 si
3566 3021 3700 3078 nihil

2102 3132 2195 3188 per
2227 3116 2374 3172 illum
2404 3127 2606 3172 etcum
2638 3118 2728 3172 illo
2743 3118 2919 3174 anima
2950 3119 3206 3189 patietur,
3224 3118 3340 3187 jam
3358 3131 3459 3174 nec
3479 3115 3696 3181 sentiet,

2102 3225 2201 3266 nec
2245 3210 2458 3281 sapiet,
2516 3225 2616 3269 nec
2660 3210 2959 3269 movebitur
3003 3226 3100 3283 per
3149 3210 3337 3276 illum,
3395 3217 3453 3265 ut
3493 3208 3698 3265 volunt.

1613 3327 1992 3387 LECTIONES
2028 3325 2443 3385 VARIANTES.

463 3417 484 3486 (_
494 3418 538 3486 ι)
561 3420 756 3486 gulieri
777 3423 889 3486 cod.
924 3422 1177 3486 Agabard.

489 3483 538 3537 ιη
561 3483 775 3536 Tandem
794 3484 943 3537 then.
968 3483 1120 3536 Seml.
1141 3483 1332 3536 obertlt.

564 3545 627 3620 lit
648 3553 807 3620 matge
830 3562 946 3600 ιννοιι
967 3551 1117 3620 Frau.
1144 3552 1286 3600 Pam.
1315 3562 1431 3613 tum
1447 3549 1570 3601 Par.
1592 3545 1682 3601 alii
1701 3563 1848 3615 aetatu.

467 3610 540 3675 (4)
561 3610 716 3670 Quam
738 3610 848 3677 Rig.
882 3617 1046 3663 tenet.
1351 3610 1358 3613 '
1477 3633 1486 3642 ο

2023 3422 2068 3483 C
2165 3417 2240 3545 £5;
2264 3426 2500 3472 Damnare
2516 3419 2583 3495 al.
2606 3486 2615 3495 '
2640 3418 2647 3427 ’

2104 3543 2115 3545 _
2142 3544 2167 3545 γέ
2189 3483 2219 3532 6
2262 3481 2379 3533 Cum
2397 3498 2489 3545 qua
2516 3483 2647 3541 nihil

2189 3475 2240 3545 6)
2262 3481 2379 3533 Cum
2397 3498 2489 3547 qua
2516 3483 2663 3548 nihil,
2680 3475 2737 3536 et
2751 3486 2827 3535 cui
2852 3484 2971 3535 nihil
2996 3486 3175 3548 patitur
3199 3485 3350 3536 Fran.
3373 3494 3483 3533 eum
3500 3492 3599 3546 quo
3621 3494 3699 3532 ιιι·
3746 3513 3758 3521 -

2104 3543 2249 3597 Ιιὶιιέι
2273 3558 2361 3608 per
2382 3543 2530 3608 quem
2552 3547 2670 3598 nihil
2695 3548 2873 3612 patitur
2895 3543 3016 3598 Jun'.

1751 3695 2313 3772 COMMENTARIUS.

479 3790 557 3861 (a)
590 3790 821 3865 Spiritus
837 3809 905 3865 ea:
927 3808 1007 3847 me
1035 3794 1272 3863 prodicit.
1303 3794 1474 3863 Supra
1502 3793 1597 3850 lib.
1616 3793 1739 3849 adv.
1769 3793 1995 3849 Hermo-

403 3862 762 3934 genem,‘cap.
794 3862 886 3931 52,
920 3862 1118 3921 nullam
1150 3865 1296 3930 facit,
1322 3862 1649 3921 citanshanc
1673 3866 1994 3934 scripturam

409 3935 491 4006 Is._
510 3933 603 4006 57,
632 3935 839 4005 spiritus
880 3945 927 3990 et
956 3937 1164 4005 spiritus
1191 3936 1544 3993 dilicreutiatn
1583 3953 1595 3989 :
1625 3937 1730 3990 imo
1753 3933 1848 4006 per
1874 3952 1992 3990 cum

407 4004 667 4077 spiritum
690 4006 912 4077 intelligi
939 4004 1088 4073 dicit,
1122 4007 1191 4063 de
1220 4024 1327 4077 quo
1349 4010 1510 4063 etiam
1566 4008 1706 4062 venti
1733 4004 1994 4077 constite-

410 4085 569 4133 runt:
604 4075 690 4149 hic
717 4075 1136 4149 vero—spiritum
1189 4075 1287 4149 pro
1323 4078 1525 4146 Spiritu
1554 4087 1774 4144 sancto,
1809 4076 1989 4133 ﬂatum

407 4162 507 4218 pro
535 4148 749 4218 anima,
783 4148 1020 4204 imitatus
1048 4148 1308 4205 Irenaeum
1342 4150 1433 4204 lib.
1464 4149 1505 4204 ν
1535 4151 1774 4204 adversus
1805 4151 1989 4205 Iiwres.

407 4216 527 4289 cap.
557 4218 660 4291 12.
707 4216 818 4275 fere
844 4220 911 4275 de
956 4219 1123 4275 verbo
1147 4221 1212 4275 ad
1243 4221 1467 4276 verbum
1491 4264 1506 4287 ,
1557 4236 1653 4291 per
1677 4221 1991 4276 citationem

346 4304 519 4417 .p’ou
549 4290 720 4345 sohtm
752 4291 940 4361 hujus,
987 4291 1081 4347 sed
1108 4302 1163 4347 et
1190 4292 1530 4363 sequentium
1560 4290 1989 4361 scripturarum.

456 4377 548 4417 an.

435 4364 548 4417 ’su.

483 4436 500 4517 ς
512 4431 568 4504 h)
584 4432 684 4517 Qui
711 4433 849 4488 dedit
890 4435 1073 4517 flatum
1084 4435 1293 4517 papula
1307 4449 1458 4517 super
1471 4442 1672 4517 terram,
1696 4444 1742 4517 e_t
1762 4437 1996 4517 spiritum

409 4504 723 4604 calcang‘bus
751 4521 884 4571 eam,
909 4504 1206 4604 militiam
1235 4506 1322 4562 hic
1363 4508 1473 4590 iere
1499 4506 1563 4604 ad
1619 4504 1837 4604 verbum
1871 4509 1995 4604 ipti-
2019 4544 2076 4604 Β

414 4584 557 4631 tatur
583 4573 933 4647 87.,Irenteum
960 4576 1047 4632 ubi
1079 4590 1263 4647 supra,
1294 4578 1530 4647 quipost
1559 4577 1776 4632 recitata
1805 4579 1993 4635 eadem

412 4647 562 4703 Isaia:
590 4645 728 4711 XLII
774 4647 935 4704 verba
962 4647 1107 4703 addit
1131 4645 1199 4702 ε’(
1252 4645 1331 4703 Ad
1369 4645 1553 4702 ﬂatum
1604 4648 1815 4719 quidem
1842 4665 1994 4706 eom-

414 4718 649 4791 tnuniter
689 4719 839 4791 omni
878 4719 966 4789 qui
1020 4734 1202 4791 super
1230 4727 1425 4791 terrain
1478 4728 1558 4770 ρει
1581 4718 1785 4791 populo
1811 4722 1997 4778 dicens

412 4790 686 4855 daturum,
716 4788 960 4860 spiritum
988 4788 1165 4860 autent
1190 4788 1274 4844 his
1299 4789 1388 4860 qui
1407 4788 1723 4860 conculcant
1754 4799 1996 4848 terrenas

412 4858 893 4929 concupiscentias.
932 4880 952 4912 ι
999 4858 1281 4918 Consentit
1318 4858 1478 4916 etiam
1505 4858 1568 4917 Β.
1599 4859 1824 4919 Basilius
1855 4863 1891 4917 l.
1935 4864 1998 4919 de

415 4930 479 4987 s.
514 4930 758 5002 Spiritu..
790 4945 845 5002 «ξε
867 4932 963 5002 at,
997 4930 1129 5002 eiu.

485 4999 713 5059 CAPUT
752 5000 868 5058 XII.
896 4999 973 5075 (c)
1006 5001 1127 5058 Sine
1171 5019 1311 5058 mens
1338 5012 1411 5075 est
1458 5006 1556 5075 νὸυς
1601 5004 1742 5074 apud
1770 5003 1994 5062 Gnaeos.

413 5075 549 5131 Cum
578 5075 790 5145 animus
817 5074 1015 5145 graece,
1069 5074 1144 5129 uti
1177 5081 1321 5130 recte
1346 5074 1433 5129 hic
1461 5074 1841 5144 'l‘ertulliauus,
1892 5084 1992 5141 νιῦς

416 5144 556 5217 apud
587 5144 804 5201 Griecos
828 5144 1058 5209 dicatur,
1087 5146 1262 5217 anima
1295 5160 1422 5217 vero
1447 5156 1574 5215 ψυχή
1598 5188 1613 5212 ,
1643 5161 1751 5202 non
1778 5163 1995 5217 possum

415 5215 524 5272 illis
549 5217 842 5283 adsentire,
873 5224 930 5271 ut
960 5218 1060 5272 hoc
1084 5216 1544 5287 obiteradnoteui,
1565 5219 1652 5287 qui
1677 5215 1828 5275 libris
1845 5220 1996 5275 Aris-

419 5287 595 5343 totelis
621 5292 729 5358 περὶ
754 5304 836 5351 τῆς
857 5297 1028 5359 ψυχῆς,
1061 5288 1270 5359 titulum
1290 5287 1441 5355 dant,
1460 5286 1537 5343 De
1560 5286 1750 5357 animo,
1774 5306 1903 5359 non,
1925 5289 2001 5347 De

417 5360 715 5431 anima,_uti
745 5361 1015 5431 vulgatum
1044 5367 1145 5415 est.
1179 5358 1316 5431 Pu.
1456 5430 1461 5431 ί
1566 5418 1573 5421 ,

495 5427 576 5504 (d)
601 5427 1224 5504 Quietiatngniuersitatis
1238 5440 1360 5504 mat.
1377 5430 1600 5504 animum
1614 5429 1907 5504 decernunt.
1924 5432 2004 5490 luo

419 5500 588 5571 ligere
633 5501 844 5573 videtur
869 5500 1148 5573 Thaletem
1168 5543 1184 5569 ,
1219 5501 1330 5573 qui,
1360 5502 1582 5573 Aristot.
1615 5509 1753 5557 teste
1785 5502 1846 5572 (l.
1881 5503 1896 5557 I
1936 5505 2023 5560 de'

415 5573 615 5640 anima,
641 5586 691 5628 c.
721 5572 801 5643 5),
835 5581 1001 5628 totum
1027 5571 1336 5628 universum
1367 5571 1576 5628 diccbat
1602 5571 1892 5627 animatum
1911 5618 1925 5642 ,
1949 5583 2005 5631 et.

418 5644 661 5716 animum
702 5642 824 5716 ejus
868 5644 1056 5716 Deum.
1102 5643 1233 5716 item
1283 5642 1591 5716 Zenonem,
1641 5646 1730 5715 qui
1767 5645 1863 5716 (uti
1891 5646 2004 5714 ipse

422 5715 624 5798 auctor
649 5715 825 5798 inquit
851 5715 1081 5798 Apolog;
1111 5730 1161 5769 c.
1194 5714 1287 5784 21)
1336 5714 1675 5798 factitatorem
1702 5714 2003 5798 universita-

418 5787 486 5841 tis
525 5784 911 5852 detcrminabat,
944 5795 990 5840 et
1019 5784 1199 5843 'Dettm
1222 5784 1412 5852 vocari,
1438 5797 1486 5840 et
1516 5788 1740 5841 animum
1765 5784 1930 5841 locis.
1961 5791 2005 5845 A

419 5856 618 5930 quibus
644 5857 808 5916 etiam
834 5872 940 5914 non
966 5857 1312 5916 dissentiebat
1337 5857 1686 5931 Pythagoras,
1713 5860 1802 5930 qui
1820 5901 1837 5928 ,
1870 5858 2005 5917 Lac-

2101 3804 2233 3853 tant.
2284 3804 2418 3853 teste
2453 3796 2472 3869 (
2500 3796 2537 3852 l.
2574 3794 2628 3859 Ι.
2658 3811 2708 3852 c.
2739 3796 2818 3869 5),
2856 3796 3018 3851 Demn
3056 3795 3292 3850 animum
3336 3791 3569 3856 diccbat,
3602 3793 3697 3863 qui

2101 3883 2197 3939 per
2254 3868 2533 3924 universas
2602 3868 2783 3939 mundi
2834 3877 3012 3939 partes
3063 3880 3386 3939 ontncmque
3446 3873 3697 3919 naturam

2101 3937 2420 3995 commeans
2474 3951 2632 4010 atque
2680 3937 2939 4001 dimisus;
2971 3955 3035 3994 ex
3064 3953 3171 4010 quo
3219 3937 3397 4010 onuiia
3422 3949 3540 4010 quae
3568 3948 3697 4010 nas-

2098 4020 2295 4081 cuntur
2321 4004 2570 4066 animalia
2599 4012 2760 4066 vitam
2809 4010 3041 4081 capiant.
3081 4004 3165 4064 Ἐι
3195 4021 3324 4081 vero
3352 4004 3695 4081 Aristotelis,

2098 4080 2357 4153 Thaletis,
2392 4086 2737 4153 Anaxagorm.
2764 4077 3033 4150 Diogenis,
3064 4077 3341 4153 Heracliti,
3369 4077 3697 4153 Alcmaeonis

2100 4152 2307 4207 similes
2333 4146 2613 4222 opiniones
2641 4146 2889 4215 recenset
2912 4153 2974 4217 (l.
3007 4146 3028 4207 ι’
3055 4153 3117 4206 de
3143 4149 3313 4222 Anim.
3344 4146 3656 4222 c.2)._l’.ut.

2173 4224 2250 4294 (c)
2282 4219 2444 4278 Illum
2493 4224 2654 4279 Deum
2699 4223 2951 4280 Socratis.
2984 4222 3137 4292 Quod
3186 4221 3338 4294 Plato
3381 4219 3448 4274 de
3496 4219 3604 4273 Deo
3627 4235 3695 4294 et;

2104 4292 2367 4348 sententia
2415 4295 2657 4350 Socratis
2702 4296 2915 4364 scripsit
2944 4336 2961 4361 ,
2997 4311 3099 4349 non
3125 4292 3515 4364 modoAueInr
3540 4292 3693 4364 .__sed

2102 4367 2262 4438 etiam
2295 4366 2616 4421 "Justinus
2642 4365 2719 4436 (ιιι
2753 4360 2991 4438 Apolog.)
3016 4367 3220 4422 ευριπιιὶ
3250 4363 3428 4418 tribuit
3452 4379 3473 4438 ςΔ
3495 4371 3545 4414 at
3568 4360 3692 4438 ille,

2104 4436 2156 4490 in
2186 4436 2399 4503 Timaeo,
2431 4438 2575 4493 Juvis
2597 4432 2828 4490 animant
2863 4432 2956 4506 per
2976 4438 3284 4492 universum
3312 4432 3568 4488 mundum
3590 4432 3695 4506 dif-

2103 4508 2274 4563 fusam
2303 4510 2465 4563 etiam
2487 4510 2684 4573 sentit;
2715 4502 2874 4577 queui
2920 4508 3091 4577 ipsmn
3126 4513 3401 4574 parentem
3447 4511 3502 4557 et
3523 4502 3691 4577 popili-

2103 4594 2220 4635 cem
2274 4580 2645 4634 universorum
2696 4573 2914 4633 inventu
2942 4573 3233 4635 'diilieilem
3288 4573 3689 4644 pronuntiavit:

2100 4650 2550 4721 quemadmodum
2568 4650 2630 4705 Β.
2664 4651 2989 4721 Augustinus
3005 4642 3422 4721 citatolibIXlll
3448 4645 3515 4721 tle
3538 4642 3691 4700 Civil.

2102 4720 2218 4782 Dei,
2249 4736 2299 4776 c.
2332 4721 2417 4776 l7.
2448 4722 2566 4788 Quo
2593 4717 2770 4777 etiam
2799 4723 3029 4790 pertinet
3057 4719 3187 4775 illud
3240 4717 3492 4790 Auctoris
3524 4730 3687 4790 supra

2100 4793 2319 4864 Apolog.
2351 4808 2403 4849 c.
2431 4787 2538 4849 47:
2576 4787 2833 4848 Platonici
2858 4791 3024 4864 Deum
3049 4788 3482 4864 intra__nn_mdnm
3523 4787 3687 4864 collo:

2100 4858 2239 4925 cant,
2269 4858 2359 4936 qui
2380 4865 2729 4936 gubernatoris
2758 4863 2988 4934 exemplo
3012 4864 3147 4917 intra
3176 4860 3307 4916 illud
3332 4858 3689 4936 maneatquod

2100 4944 2260 5007 regat.
2282 4929 2470 5007 Neqtte
2498 4945 2580 4991 est
2604 4936 2746 5007 quod
2774 4929 2951 4991 obstet
2994 4936 3181 4987 anima:
3202 4929 3378 5007 mundi
3404 4929 3691 5007 appellatio

2101 5002 2241 5077 apud
2291 5002 2562 5063 Platonem
2590 5002 2777 5077 {quia
2806 5016 3011 5061 certum
3041 5013 3142 5069 est,
3173 5002 3313 5077 apud
3352 5016 3474 5055 eum
3505 5006 3605 5054 νοῦν
3634 5006 3690 5054 et

2102 5076 2258 5147 mn
2278 5078 2586 5148 frequenter
2614 5076 2711 5147 pro
2739 5077 2924 5131 iisdem
2953 5077 3140 5145 accipi.
3175 5076 3309 5148 Pan.

2176 5149 2242 5222 (1⁵)
2272 5143 2516 5216 Quamuis
2539 5143 2861 5222 Anam-alme
2879 5143 3084 5222 turbata
3088 5145 3341 5222 sententia
3359 5154 3454 5199 est.
3472 5143 3654 5196 Auaxa
3666 5169 3687 5184 -

2101 5215 2262 5291 geras
2295 5215 2681 5276 Clazomenius
2720 5215 3208 5291 ‘TlialetisAMjlesii
3264 5215 3360 5270 fuit
3410 5221 3645 5291 sectator
3670 5252 3686 5277 ,

2104 5283 2345 5359 dixitque
2377 5292 2543 5345 Deum
2577 5305 2697 5345 esse
2726 5297 2962 5344 mentem
2991 5286 3405 5359 iniinitam,qu:e
3430 5302 3461 5339 a
3488 5299 3547 5338 se
3560 5283 3687 5359 ipsa

2104 5353 2368 5426 movetur,
2400 5362 2749 5436 divinptnque
2776 5361 3013 5415 animum
3045 5374 3225 5414 rerum
3254 5353 3493 5412 omnium
3521 5353 3685 5409 cﬂ‘ec-

2107 5441 2275 5490 torem
2305 5447 2444 5487 esse.
2478 5431 2567 5486 Le‘
2582 5431 2678 5486 Pn.

2181 5504 2258 5573 (g)
2290 5502 2647 5577 Universitatis
2690 5500 2923 5577 oscillum
2951 5501 3017 5577 de
3041 5500 3194 5577 illius
3229 5514 3325 5553 axe
3350 5494 3686 5577 suspendens.

2110 5565 2312 5631 Deliae
2337 5575 2514 5644 phrasi
2547 5573 2669 5628 vide
2693 5588 2851 5643 supra
2880 5573 2915 5626 Ι.
2943 5574 3007 5644 de
3033 5570 3205 5625 Pallio
3226 5612 3240 5636 ,
3271 5585 3322 5623 c.
3354 5571 3408 5635 1,
3433 5565 3498 5622 ad
3520 5565 3647 5619 illud
3671 5586 3683 5621 :
3734 5620 3748 5633 ,

2107 5648 2161 5701 in
2191 5642 2425 5715 oscillunt
2451 5644 2658 5715 penduli
2687 5642 2923 5712 impetus.
2957 5642 3092 5696 Pass.

2210 5714 2265 5789 h)
2297 5715 2414 5789 Hoc
2447 5704 2599 5789 etiam
2634 5704 2932 5789 Aristoteles
2975 5710 3258 5789 tleitotgvit._
3284 5707 3501 5789 _A_lludit
3537 5704 3680 5760 haud

2110 5778 2270 5845 dubie
2293 5787 2358 5841 ad
2390 5786 2669 5841 Aristot.l.
2693 5787 2790 5840 Ide
2813 5786 3014 5847 Anima,
3047 5799 3094 5837 c.
3122 5782 3180 5845 ‘2,
3210 5780 3297 5833 ubi
3327 5778 3513 5832 iisdem
3550 5791 3686 5846 pene

2109 5859 2288 5917 verbis
2310 5860 2639 5930 Anaxagora:
2660 5856 2977 5917 sententiam
3002 5851 3238 5910 deducit.
3263 5850 3399 5906 l’au.
