4062 6288
348 195 453 256 667
538 224 545 229 ·

1774 196 2237 256 TERTULLIANI

3550 202 3661 262 668

242 387 261 405 .
347 317 423 393 (ιι)
443 320 576 376 Nam
601 329 660 378 et
684 335 874 378 sensus
902 319 1177 393 passiones
1201 317 1323 374 facit
1344 317 1683 375 Aristoteles.
1711 318 1948 386 Quidni?
1978 321 2023 380 Α
2056 317 2122 373 de
2150 294 2327 373 anima
2354 319 2717 391 unusquisque
2744 319 3079 391 proscripsit.
3107 320 3173 377 Ut
3199 329 3373 378 autem
3399 331 3453 379 et
3481 337 3509 378 a
3541 324 3661 379 Deo

347 426 404 473 et
434 418 637 472 sentire
660 416 801 472 enim
823 414 929 486 pati
953 414 1182 484 est,quia
1213 412 1316 484 pati
1349 414 1547 468 sentire
1584 423 1684 468 est.
1719 412 1947 468 Proinde

348 518 401 564 et
416 523 609 578 sapere
635 508 839 564 sentire
869 514 975 569 est,
1010 515 1061 561 et
1086 506 1287 560 moveri
1308 504 1507 560 sentire
1533 513 1649 560 est:
1684 505 1753 559 ita
1778 512 1944 558 totum

348 600 457 670 pati
509 609 611 651 est.
667 597 924 654 Videmus
954 609 1134 652 autem
1171 596 1302 651 nihil
1335 596 1559 652 istorum
1591 597 1824 651 animam
1854 613 1948 652 ex-

349 692 535 762 periri,
562 699 618 745 ttt
664 705 766 745 non
796 700 849 745 et
878 690 1058 743 animo
1089 689 1381 761 deputetur
1401 732 1415 757 ,
1442 690 1564 760 quia
1598 705 1690 759 per
1719 692 1864 743 illutn
1895 702 1945 745 et

347 798 468 838 cum
498 784 590 837 illo
621 782 985 853 trausl‘tgatur.
1033 781 1150 837 .lam
1184 797 1312 852 ergo
1345 795 1397 836 et
1428 782 1836 839 commiscibilis
1866 790 1948 839 est

348 875 580 937 animus,
616 873 874 929 adversus
905 874 1314 945 Anaxagoram;
1346 882 1399 929 et
1424 874 1717 946 passibilis,
1750 876 1945 931 adver-

350 981 443 1022 sus
471 964 834 1021 Aristotelem.
864 963 1154 1031 Ctetertttn,
1180 964 1253 1035 (ὑ)
1283 965 1324 1019 si
1350 964 1601 1021 discretio
1622 965 1945 1035 admittitur,

350 1070 409 1117 ut
436 1061 733 1117 substantia
766 1060 883 1115 dua:
913 1074 1000 1114 res
1021 1060 1149 1126 sint,
1180 1058 1403 1113 animus
1453 1069 1612 1129 atque
1638 1061 1836 1124 anima,
1865 1061 1945 1114 al-

350 1153 517 1210 terius
546 1154 647 1209 erit
688 1162 742 1208 et
784 1153 963 1224 passio
987 1194 1002 1219 ,
1034 1161 1090 1207 et
1119 1168 1280 1207 sensu
1301 1166 1347 1219 s,
1380 1162 1434 1209 et
1461 1170 1623 1225 sapor
1648 1155 1823 1209 omnis
1846 1198 1860 1221 ,
1894 1164 1950 1210 et

347 1253 502 1301 actus
526 1287 540 1312 ,
570 1253 626 1301 et
674 1252 887 1299 motus:
921 1243 1141 1299 alterius
1197 1254 1374 1300 autem
1408 1246 1605 1311 otium,
1636 1257 1688 1302 et
1717 1248 1868 1318 quies
1895 1257 1949 1303 et

350 1346 560 1407 stupor,
591 1346 643 1392 et
676 1336 817 1391 nulla
862 1336 971 1408 jam
1000 1352 1199 1401 causa:
1229 1348 1283 1393 et
1331 1350 1423 1392 aut
1453 1341 1662 1395 animus
1692 1341 1900 1395 vacabit
1930 1383 1944 1408 ,

348 1438 442 1484 aut
468 1429 666 1484 attima.
691 1429 842 1498 Quod
870 1426 913 1484 si
941 1440 1147 1485 constat
1170 1431 1430 1487 ambolms
1449 1432 1563 1487 bace
1589 1432 1762 1487 omnia
1792 1450 1949 1504 repu-

290 1527 307 1537 ‘
351 1523 473 1586 tari,
503 1537 631 1593 ergo
664 1538 823 1576 unmn
861 1532 1019 1578 erunt
1046 1533 1331 1594 utrumque
1358 1568 1373 1592 ,
1404 1534 1457 1580 et
1487 1525 1823 1594 Democritus
1846 1528 1944 1580 ob-

352 1613 537 1669 tittebit
564 1656 578 1681 ,
611 1607 986 1670 dill‘erentiatu
1024 1614 1217 1670 tollens
1243 1657 1257 1679 ,
1288 1627 1340 1671 et
1382 1630 1654 1688 quatretur
1678 1619 1948 1690 quomodo

2055 410 2254 478 discas,
2287 410 2370 482 (tl)
2403 412 2634 466 animant
2689 412 2828 467 licus
2881 428 3098 484 semper
3140 412 3475 485 adloquitur;
3535 419 3654 472 aui-

2054 520 2194 559 maut
2226 504 2519 577 compellat
2541 515 2701 577 atque
2728 503 2974 574 advocat,
2995 508 3306 563 utauimum
3322 508 3423 563 sibi
3448 509 3653 564 adver-
3696 550 3706 560 .

2057 606 2151 651 tat.
2197 598 2265 667 (e)
2300 597 2448 653 Illam
2500 598 2700 653 salvam
2747 599 2893 653 venit
2941 600 3117 655 facere
3156 600 3436 664 Christus,
3504 601 3655 657 illam

2058 690 2284 761 perdere
2315 689 2368 744 itt
2398 689 2696 760 gehennam
2736 691 3134 758 comminatur,
3168 692 3312 747 illam
3345 693 3513 761 pluris
3539 693 3658 749 lieri

2053 792 2215 847 vetat,
2242 782 2389 837 illam
2412 792 2467 838 et
2496 783 2610 853 ipse
2641 783 2813 839 bonus
2862 792 3045 854 pastor
3094 798 3191 853 pro
3218 783 3513 855 pecudibus
3544 785 3660 839 suis

2052 875 2221 944 ponit.
2258 874 2433 930 Ilabes
2460 874 2651 929 anima:
2673 873 3126 946 principalitatem
3151 916 3168 942 ,
3203 873 3368 930 babes
3397 876 3449 929 in
3484 875 3571 928 illa
3602 883 3663 931 et

2051 966 2367 1031 substantia:
2402 969 2654 1023 unionem
2688 1008 2701 1031 ,
2730 966 2886 1038 cujus
2916 965 3182 1039 intelligas
3240 966 3657 1023 instrumentum

2051 1061 2427 1128 esseanimum
2459 1103 2473 1128 ,
2498 1076 2605 1114 non
2636 1059 3014 1128 patrocinium.

2646 1131 3056 1208 ὃπιῖιἫν.

2125 1241 2423 1315 Singularis
2463 1242 2695 1313 alioquin
2726 1250 2779 1298 et
2806 1242 3055 1313 simplex,
3090 1250 3145 1299 et
3172 1241 3241 1298 de
3268 1255 3368 1298 suo
3400 1252 3508 1299 tcta
3534 1251 3655 1311 est;

2054 1353 2161 1393 non
2191 1337 2361 1408 magis
2383 1336 2703 1392 instruetilis
2730 1335 2967 1399 aliunde.
2993 1351 3150 1406 quam
3180 1334 3464 1391 divisibilis
3483 1352 3551 1391 ex
3574 1351 3656 1403 se,

2053 1430 2173 1500 quia
2198 1444 2293 1483 nec
2310 1427 2664 1483 dissolubilis.
2685 1426 2740 1484 Si
2759 1428 2900 1483 enim
2920 1427 3197 1493 structilis,
3217 1439 3268 1483 et
3294 1427 3656 1491 dissolubilis;

2052 1524 2096 1575 si
2127 1518 2472 1584 dissolubilis,
2505 1518 2616 1589 jam
2648 1532 2751 1573 non
2784 1517 3119 1573 immortalis.
3150 1517 3366 1590 Itaque,
3398 1520 3521 1589 quia
3551 1535 3660 1573 non

2052 1611 2313 1677 mortalis,
2349 1625 2520 1681 neque
2545 1592 2894 1676 dissolubilis,
2926 1624 3101 1681 neque
3120 1608 3419 1665 divisibilis.
3448 1608 3580 1665 Nam
3607 1623 3663 1665 ct

350 1721 518 1761 unum
568 1716 852 1778 utrumque
877 1750 890 1775 ,
923 1722 988 1762 cx
1020 1707 1244 1763 duarum
1291 1709 1711 1765 substantiarum
1757 1713 1945 1767 Conlu-

2075 1702 2215 1757 lividi
2245 1701 2462 1757 dissolvi
2491 1711 2577 1758 cst
2601 1745 2615 1770 ,
2659 1713 2711 1757 et
2738 1701 2955 1757 dissolvt
2977 1702 3114 1758 mori
3142 1711 3244 1756 est.
3276 1700 3550 1757 Dividetur
3578 1703 3661 1775 (3)
3686 1731 3748 1767 ι

352 1801 530 1867 sione,
567 1816 634 1855 an
664 1816 731 1855 ex
780 1802 936 1855 unius
968 1801 1340 1872 dispositione.
1371 1803 1480 1859 Nos
1510 1814 1689 1859 autem
1712 1809 1949 1861 animum

352 1893 425 1948 ita
467 1891 695 1948 dicimus
721 1892 915 1947 animae
940 1904 1274 1959 concretum,
1306 1910 1409 1950 non
1459 1903 1515 1950 ut
1544 1896 1836 1953 substantia
1870 1899 1950 1969 (l)

360 1987 546 2055 alium,
574 1987 668 2043 sed
694 1996 746 2042 ut
778 1989 1089 2043 substantia!
1120 1987 1375 2043 ofﬁcium.

941 2080 1167 2137 CAPUT
1220 2082 1360 2138 Xlll.

426 2171 508 2227 Ad
542 2171 643 2227 hoc
672 2170 942 2245 dispicere
968 2185 1233 2244 superest,
1262 2176 1629 2245 principalitas
1667 2176 1753 2232 ubi
1786 2177 1875 2246 sit,
1904 2178 1955 2233 id

354 2272 457 2329 est,
499 2264 589 2335 qui
610 2264 689 2338 (9.)
722 2265 805 2319 cui
832 2273 1045 2335 prmest,
1066 2264 1290 2337 utcujtts
1308 2267 1675 2338 principalitas
1696 2284 1959 2340 apparue—

353 2357 446 2422 rit,
472 2355 561 2410 illa
581 2355 981 2413 sitsubstantizo
1003 2372 1213 2423 massa;
1240 2358 1292 2413 id
1312 2370 1488 2415 autem
1517 2361 1603 2415 cui
1632 2376 1805 2416 massa
1833 2361 1957 2417 sub-

360 2447 573 2501 stantia-
605 2448 840 2517 praeerit,
865 2449 1101 2504 olticium
1132 2450 1373 2506 naturale
1394 2451 1710 2506 substantiae
1730 2452 1957 2522 depute-

358 2549 465 2595 tur.
487 2538 798 2605 Enimvero,
813 2540 1050 2612 quisuon
1070 2542 1702 2599 attitttaadabitsumutam
1718 2561 1955 2613 onmem,

255 2650 321 2686 ον
356 2630 512 2700 cujus
546 2633 765 2686 nomine
796 2633 958 2687 totius
1001 2631 1236 2688 hominis
1269 2635 1469 2690 mentio
1501 2635 1711 2691 titulata
1740 2639 1858 2692 est?
1886 2640 1960 2710 (ο)

358 2723 595 2793 Quantas
610 2725 817 2780 animas
835 2740 1015 2796 pasco,
1037 2726 1112 2781 ait
1128 2725 1299 2792 dives,
1316 2743 1420 2782 non
1435 2727 1665 2793 animos;
1687 2730 1963 2785 etanimas

357 2818 535 2875 salvas
565 2820 1066 2891 eptatgubcrnator
1096 2862 1110 2887 ,
1144 2837 1248 2877 non
1275 2823 1484 2878 animos
1510 2840 1523 2890 ;
1567 2833 1621 2880 et
1642 2826 1877 2881 rusticus
1909 2842 1960 2879 tn

358 2926 542 2984 opere,
575 2920 630 2968 et
662 2912 713 2967 in
747 2913 932 2984 praelio
958 2914 1113 2970 miles
1144 2958 1159 2982 ,
1188 2916 1419 2971 animam
1452 2931 1541 2983 se,
1591 2934 1696 2972 non
1728 2919 1962 2974 animum

360 3020 563 3077 ponere
584 3003 855 3060 adlirmat.
890 3005 1057 3078 Cujus
1088 3009 1447 3064 nominatoria
1482 3010 1714 3079 pericula
1743 3019 1834 3064 aut
1869 3028 1961 3067 vo-

363 3202 451 3249 tur
480 3192 820 3258 moribundi,
854 3195 1093 3249 animum
1146 3209 1212 3249 an
1253 3196 1524 3250 animam?
1555 3194 1655 3267 Ipsi
1697 3206 1969 3266 postremo

364 3285 688 3358 philosophi,
720 3287 925 3357 ipsique
945 3286 1157 3353 medici,
1188 3290 1433 3358 quamvis
1459 3288 1527 3344 de
1557 3290 1738 3344 animo
1754 3303 1969 3360 quoque

269 3442 277 3452 ,
362 3379 680 3450 diSputaturi
699 3422 714 3448 ,
747 3378 940 3435 faciem
966 3389 1142 3436 tamen
1164 3381 1345 3452 operis
1375 3381 1713 3453 frontemque
1735 3382 1973 3438 materias

2057 1806 2234 1850 autem
2268 1795 2319 1849 iu
2351 1802 2532 1866 partes
2567 1794 2658 1866 (f),
2693 1796 2909 1850 nuncin
2945 1794 3079 1849 duas
3103 1809 3134 1849 a
3165 1793 3407 1860 Platone,
3437 1810 3579 1850 nunc
3608 1798 3660 1850 itt

2060 1897 2167 1942 tres
2198 1903 2225 1941 a
2248 1887 2463 1943 Zenone
2484 1927 2497 1952 ,
2525 1902 2665 1943 nunc
2712 1888 2764 1942 in
2787 1886 3023 1957 quinque
3056 1895 3109 1943 et
3139 1887 3189 1941 in
3220 1902 3314 1943 sex
3341 1901 3369 1941 a
3398 1887 3660 1953 Panzetio,

2060 1978 2138 2053 (g)
2166 1981 2218 2034 itt
2251 1989 2454 2051 septem
2483 1994 2512 2034 a
2535 1978 2762 2045 Sorano,
2784 1981 2947 2036 etiam
2981 1982 3033 2035 in
3059 1988 3182 2037 octo
3214 1994 3378 2050 penes
3405 1978 3659 2052 Chrysip-

2060 2090 2209 2145 pum,
2242 2074 2402 2128 etiam
2434 2074 2486 2129 iu
2521 2088 2715 2129 novem
2747 2073 2829 2145 (Ιι)
2857 2088 3025 2146 penes
3056 2072 3488 2145 Apollopltanem
3510 2115 3525 2140 ,
3566 2073 3662 2129 scd

2061 2168 2115 2222 in
2145 2165 2331 2221 decem
2362 2165 2503 2235 apud
2529 2165 2787 2236 quosdam
2817 2165 3125 2221 Stoicorum
3156 2206 3170 2231 ,
3203 2175 3257 2220 et
3283 2166 3335 2220 in
3372 2165 3507 2221 duas
3545 2180 3662 2219 am-

2062 2257 2200 2328 plius
2224 2256 2365 2327 apud
2401 2254 2770 2323 Posidonium,
2797 2257 2921 2328 quia
2966 2274 2994 2310 a
3020 2255 3232 2311 duobus
3280 2271 3506 2312 exorsus
3532 2256 3662 2311 titu-

2062 2349 2128 2403 lis
2160 2391 2175 2416 ,
2208 2347 2531 2420 principali,
2585 2348 2726 2419 quod
2772 2349 2924 2404 aiunt
2964 2356 3237 2421 ἡγεμονικὸν
3265 2391 3281 2417 ,
3333 2357 3388 2405 et
3425 2365 3454 2404 a
3501 2348 3667 2405 ratio-

2063 2440 2193 2505 nali,
2226 2438 2369 2510 qund
2396 2440 2547 2494 aiunt
2575 2446 2777 2506 λογικὸν,
2808 2438 2861 2497 in
2893 2440 3177 2496 duodecim
3210 2440 3294 2513 (4)
3321 2440 3515 2497 exinde
3539 2454 3665 2512 pro-

2065 2532 2237 2587 secuit
2260 2549 2271 2584 :
2292 2531 2362 2586 ita
2377 2531 2428 2586 iu
2446 2531 2526 2602 (ὅ)
2545 2531 2677 2586 alias
2694 2546 2759 2587 ex
2778 2531 2899 2587 aliis
2911 2532 3122 2602 species
3142 2531 3386 2588 dividunt
3404 2533 3664 2588 animam.

2065 2625 2385 2697 Hujusmodi
2407 2635 2582 2681 autem
2609 2667 2624 2691 ,
2655 2640 2764 2680 non
2813 2633 2920 2681 tam
2953 2634 3132 2696 partes
3154 2626 3346 2682 animm
3392 2624 3729 2696 habebam,

2067 2727 2177 2784 tur,
2206 2733 2366 2789 quam
2402 2720 2542 2773 vires
2563 2726 2618 2773 et
2646 2716 2901 2774 efﬁcaciae
2926 2727 2981 2774 et
3007 2734 3187 2790 operte
3213 2761 3230 2787 ,
3274 2719 3411 2774 sicut
3439 2718 3507 2774 de
3545 2717 3669 2789 qui—

2066 2812 2293 2868 busdam
2315 2818 2369 2865 et
2405 2809 2724 2866 Arlstoteles
2748 2809 3028 2881 judicavit.
3081 2809 3198 2866 Non
3224 2812 3369 2867 enim
3425 2811 3666 2867 membra

2068 2914 2195 2961 sunt
2219 2904 2536 2960 substantia:
2552 2903 2829 2970 animalis,
2856 2903 2953 2959 sed
2985 2905 3234 2976 ingenia:
3266 2914 3328 2960 ut
3353 2904 3663 2969 tuotoriunt,

2071 3010 2130 3056 ut
2154 2999 2417 3055 actoriutn
2443 3039 2457 3065 ,
2488 3005 2546 3053 ut
2571 2996 2968 3069 cogitatorium,
3004 3006 3059 3054 et
3079 2998 3125 3053 si
3172 3012 3274 3068 qua
3306 2996 3358 3052 in
3384 2996 3525 3052 hunc
3552 3014 3670 3053 tuo-

260 3156 269 3163 ,
361 3109 414 3154 ta
442 3107 600 3163 sunt,
649 3090 813 3153 animi
862 3115 927 3153 an
961 3100 1190 3156 animiet
1224 3100 1360 3169 Quid
1390 3112 1565 3157 autem
1596 3118 1755 3172 agere
1776 3102 1958 3158 dicun-

2075 3092 2199 3157 dum
2254 3089 2619 3159 distinguunt;
2660 3098 2717 3144 ut
2768 3097 2823 3144 et
2873 3088 2971 3159 ipsi
3002 3088 3077 3144 illi
3120 3090 3355 3160 quinque
3402 3086 3671 3145 notissimi

2073 3198 2283 3251 sensus,
2313 3183 2481 3250 visus,
2512 3181 2749 3249 auditus,
2775 3190 2984 3253 gustus,
3020 3189 3213 3249 tactus,
3238 3179 3672 3250 odoratus.‘Qni-

2075 3282 2173 3336 bus
2201 3278 2472 3345 onmibus,
2494 3277 2597 3332 etsi
2625 3284 2773 3332 certa
2806 3274 3030 3348 singulis
3046 3275 3316 3331 domicilia
3348 3276 3399 3330 in
3442 3289 3672 3346 corpore

2080 3373 2577 3432 determinaverunt
2603 3412 2618 3438 ,
2648 3369 2713 3444 (i)
2739 3386 2846 3427 non
2878 3368 3079 3426 idcirco
3109 3369 3225 3426 haec
3250 3383 3465 3441 quoque
3490 3367 3673 3424 distri-

1541 3475 1918 3533 LECTIONES
1963 3467 2372 3531 VARIANTES.

455 3591 469 3640 t
486 3588 501 3650 )
526 3589 822 3638 Substantiae
839 3590 992 3639 Fran.

452 3654 502 3716 2)
526 3650 775 3716 ρυίςιβὶρ.
810 3655 978 3703 Venet.

455 3591 469 3640 t
486 3589 501 3650 )
526 3589 822 3638 Substantiae
839 3590 992 3639 Fran.

452 3654 481 3699 2
526 3652 653 3709 Quid
668 3650 775 3716 Rig.
810 3655 978 3703 Venet.

429 3589 507 3781 iiii
530 3712 780 3765 Dividitur
797 3717 943 3765 Pam.
968 3710 1122 3765 Seml.

2154 3589 2203 3651 4)
2229 3594 2408 3651 necem
2433 3596 2487 3639 et
2506 3593 2701 3651 septem
2725 3590 2846 3640 Par.
2874 3588 3065 3640 Decem
3082 3588 3205 3638 Jun.

2154 3589 2183 3637 4
2229 3594 2408 3638 necem
2433 3596 2487 3639 et
2506 3593 2631 3651 septi

2130 3588 2207 3717 isi
2239 3648 2313 3701 [ta
2334 3649 2445 3701 alite
2467 3657 2631 3702 Venet.

1721 3808 2285 3871 COMMENTARIUS.

444 3927 518 3997 la)
564 3926 700 3981 Nam
728 3935 773 3981 et
795 3942 969 3980 sensus
1008 3926 1286 3997 passiones.
1315 3923 1619 3997 etc._Habet
1644 3925 1781 3981 istud
1807 3924 1947 3980 idem

369 3995 686 4057 Aristotcles
708 3998 802 4052 lib.
835 3997 897 4050 tle
919 3995 1090 4051 anima
1114 4013 1231 4066 cap.
1262 3996 1296 4051 5
1322 4015 1332 4049 :
1374 4016 1393 4049 ι
1425 3995 1509 4050 Fit
1536 3997 1733 4067 itaque,
1756 3998 1947 4065 inquit,

302 4102 307 4105 ι
369 4085 560 4125 sensus
585 4086 704 4124 cum
739 4080 980 4121 movetur
1006 4080 1165 4138 atque
1195 4071 1389 4135 patitur
1419 4068 1652 4137 aliquid;
1688 4083 1807 4121 nam
1841 4070 1955 4137 ipse

372 4156 581 4206 sensus,
614 4140 859 4194 alteratio
889 4139 1129 4209 quaedam
1159 4153 1277 4193 esse
1304 4139 1532 4209 videtur.
1566 4159 1584 4190 ι
1612 4139 1762 4207 Quod
1791 4141 1832 4192 si
1866 4156 1955 4192 vel

373 4228 489 4269 rum
542 4221 624 4265 est
651 4254 664 4273 ,
697 4211 868 4279 inquit
909 4207 1152 4275 Auctor,
1190 4225 1309 4263 cum
1360 4207 1490 4262 nihil
1531 4210 1750 4263 istorum
1782 4211 1958 4263 :tnitna

372 4284 604 4354 patiatur
631 4283 746 4336 sine
774 4282 972 4354 animo,
998 4281 1107 4354 jam
1160 4295 1286 4354 ergo
1318 4280 1582 4354 passiltilis
1613 4290 1696 4335 cst
1724 4279 1957 4347 animus,

378 4350 564 4410 contra
589 4370 745 4417 quam
775 4352 940 4406 sentit
965 4353 1298 4405 Aristoteles.
1330 4350 1468 4404 Pan.

450 4425 528 4495 (b)
563 4425 624 4480 Si
653 4426 887 4481 discretio
909 4424 1211 4478 admittitur.
1244 4420 1793 4495 Profet'antureorum
1825 4422 1967 4477 dein-

376 4492 518 4566 ceps
556 4498 790 4552 rationes
822 4494 911 4565 qui
939 4496 1173 4549 animum
1217 4501 1269 4546 et
1308 4493 1540 4566 animam
1571 4492 1878 4566 discrepare
1904 4511 1968 4566 ac

376 4562 589 4624 dili’erre
617 4568 797 4622 dicunt
822 4562 961 4621 z'bas
987 4565 1143 4619 habet
1167 4572 1222 4619 ct
1245 4564 1491 4633 proponit
1519 4562 1848 4632 Lactantius,
1870 4565 1966 4621 lib.

379 4640 449 4696 18
477 4641 540 4695 tle
563 4642 691 4708 opif.
721 4637 846 4706 Dei.
879 4638 952 4708 Ln
975 4638 1075 4708 ΔΡιι.

451 4705 605 4767 CAP.
644 4705 785 4765 Xlll.
818 4740 888 4751 --
919 4705 993 4780 (c)
1028 4706 1257 4780 Quantas
1285 4706 1483 4780 animas
1510 4722 1680 4773 pasco,
1713 4710 1783 4761 ait
1809 4708 1966 4763 dives.

379 4782 523 4838 Istud
552 4799 619 4836 ex
654 4781 824 4836 Plauti
856 4778 1030 4845 Pluto,
1077 4787 1167 4831 aut
1195 4779 1298 4832 alio
1329 4778 1575 4847 quopiam
1622 4781 1848 4844 comico,
1879 4780 1971 4834 th~

379 4863 649 4924 smnptnm
681 4862 779 4907 t-st.
812 4852 958 4924 luco
979 4860 1154 4905 autem
1181 4848 1499 4924 quod_addit_
1524 4865 1536 4901 :
1564 4850 1968 4924 animamugcre,

381 4919 592 4981 videtur
622 4924 815 4979 itnitari
846 4919 1240 4985 Ciceronctn,l.
1270 4920 1289 4974 l
1316 4919 1519 4974 Tuscul.
1540 4926 1720 4989 q'utvst.
1752 4919 1969 4977 ttbiait:

390 5016 408 5049 ι
443 4998 678 5050 Animam
706 5005 904 5057 autem,
957 4995 1115 5048 etiam
1170 4994 1405 5046 animum
1436 4993 1546 5047 lere
1577 4994 1741 5047 nostri
1793 4994 1973 5049 decla-

384 5078 506 5124 rant
533 5067 834 5131 notttinari;
880 5058 1000 5120 nam
1029 5072 1080 5119 et
1128 5080 1279 5135 agere
1307 5065 1531 5135 quintani
1561 5063 1808 5121 dicimus.
1855 5064 1974 5135 Ipse

385 5149 561 5193 autem
591 5139 801 5193 animus
826 5137 892 5189 ab
917 5136 1087 5189 anima
1118 5134 1291 5190 dictus
1319 5142 1421 5189 est.
1453 5153 1471 5185 ›
1508 5134 1643 5189 Pan.

458 5210 543 5278 (tl)
569 5210 804 5263 Animam
836 5205 972 5261 Deus
998 5223 1194 5278 semper
1215 5206 1523 5278 adloquitur.
1542 5206 1768 5278 Adludit
1787 5207 1853 5263 ad
1878 5223 1973 5264 eas

386 5276 683 5348 scripturas
707 5278 1046 5350 lrequentiss.
1079 5276 1131 5330 in
1164 5277 1314 5350 libris
1339 5276 1549 5350 Levitici
1591 5290 1645 5350 et
1678 5279 1863 5339 Num..
1909 5294 1974 5334 ac

387 5347 513 5406 alibi
538 5351 601 5405 de
624 5347 923 5417 animantia:
940 5348 1239 5416 peccaverit,
1271 5359 1325 5403 et
1352 5349 1573 5403 similes.
1595 5347 1725 5403 Item
1748 5353 1812 5403 ad
1847 5349 1977 5406 illttd

388 5422 713 5494 psalm._55°.
745 5420 1049 5494 Dicjanima:
1069 5435 1193 5494 mea!
1206 5436 1225 5494 _:
1257 5419 1413 5475 Salus
1429 5429 1633 5494 tuacgo
1660 5439 1792 5477 sum.
1813 5421 1951 5477 Pu.

464 5494 542 5560 (e)
579 5492 733 5546 Illam
781 5492 975 5562 salvam
1018 5491 1148 5543 venit
1193 5491 1357 5553 facere
1416 5489 1666 5547 Christus.
1739 5494 1979 5562 Reliquas

392 5565 672 5632 scriptura:
702 5606 716 5630 ,
749 5578 881 5632 quas
925 5561 1012 5632 hic
1038 5562 1186 5627 citat,
1210 5563 1341 5618 satis
1368 5570 1507 5615 nutte
1536 5572 1661 5617 sunt
1693 5583 1704 5618 :
1752 5561 1890 5618 Luc.
1913 5562 1975 5630 ll,

393 5630 584 5688 Matth.
615 5630 939 5706 Χεθιήλοαιι.
964 5630 1033 5686 Χ.
1055 5632 1182 5706 Illud
1212 5650 1358 5700 vero,
1391 5632 1533 5706 illum
1560 5636 1722 5706 pluris
1756 5636 1863 5706 ﬁeri
1896 5650 1978 5706 ve-

396 5716 483 5777 tat,
514 5704 917 5777 parapbasticas
947 5704 1122 5777 vertit,
1166 5719 1262 5777 pro
1285 5720 1351 5761 eo
1377 5704 1538 5773 quod,
1562 5704 1694 5760 Luc.
1726 5705 1866 5771 XIV,
1887 5705 1979 5777 ju-

396 5775 553 5830 betur
578 5774 906 5831 christianos
931 5774 1109 5831 odisse
1139 5776 1375 5832 animam
1404 5790 1578 5845 suam,
1614 5778 1716 5833 hoc
1743 5785 1846 5844 est,
1873 5774 1980 5834 non

2056 3927 2227 3998 pluris
2259 3926 2433 3998 facere
2455 3940 2611 3997 quam
2636 3925 2825 3998 Deum.
2852 3922 2991 3980 Pu.

2138 3998 2288 4054 CAP.
2319 3993 2533 4053 XIVQ—
2558 3998 2621 4069 (ἴ)
2653 3995 2917 4051 Dividetur
2955 4004 3130 4069 autem
3143 3995 3197 4049 in
3237 4004 3428 4069 partes.
3461 3993 3680 4069 seipse

2060 4071 2295 4134 explicat
2323 4071 2480 4140 paulo
2506 4066 2625 4139 post
2651 4070 2870 4133 Auctor,
2887 4081 3009 4140 cum
3031 4067 3195 4140 dicit:
3229 4066 3543 4140 Hujusmodi
3577 4084 3676 4120 att-

2065 4150 2162 4194 tem
2191 4158 2289 4214 non
2312 4137 2414 4214 tam
2433 4137 2601 4214 partes
2671 4140 2856 4214 animi?
2896 4137 3246 4214 habebuntur,
3295 4139 3676 4214 quaut__vires_,

2068 4221 2114 4284 et
2136 4213 2401 4284 efficacior,
2433 4207 2490 4267 ἐι
2510 4226 2698 4283 operte.
2722 4208 2894 4284 Unde
2922 4219 2988 4284 et
3010 4207 3284 4284 Nyssenus
3309 4207 3488 4284 μιν
3549 4208 3680 4284 [flii-

2071 4267 2234 4337 los.“C
2285 4282 2317 4337 8
2357 4267 2428 4337 εἰ
2464 4267 2720 4348 animum,
2756 4283 2944 4349 inquit,
2980 4282 3031 4335 itt
3058 4269 3307 4347 virtutes,
3334 4278 3419 4334 vel
3441 4267 3730 4350 spccies,’

1994 4343 2043 4403 Ι)
2071 4354 2150 4408 vel
2183 4365 2357 4422 partes
2386 4354 2645 4409 dividunt.
2690 4343 2717 4405 ι’
2753 4343 2883 4407 Pan.

2146 4421 2222 4498 (te)
2256 4423 2319 4479 In
2348 4436 2537 4494 septem
2584 4441 2616 4477 a
2665 4422 2889 4498 Sorano.
2931 4423 3131 4477 Desunt
3180 4421 3301 4479 libri
3347 4431 3571 4498 quattth
3608 4422 3673 4477 de

2074 4491 2285 4556 Anima.
2320 4491 2454 4567 quos
2480 4495 2781 4565 composuit
2810 4494 3066 4567 Soranus,
3089 4510 3235 4567 quos
3262 4491 3421 4566 supra
3468 4491 3674 4567 allega-

2074 4568 2147 4625 vit
2176 4563 2394 4622 Auctor.
2417 4567 2593 4636 Quare
2609 4563 2820 4621 certum
2840 4565 2965 4635 quid
2996 4564 3063 4619 de
3089 4563 3247 4637 hujus
3274 4563 3539 4624 sententia
3563 4574 3675 4619 sta-

2075 4649 2223 4694 tuere
2256 4654 2480 4708 nequeo,
2515 4640 2620 4693 imo
2650 4638 2866 4692 uecttisi
2894 4650 3046 4708 eteca
3087 4648 3311 4708 possunt
3357 4646 3677 4708 conjectura

2073 4709 2216 4766 duci.
2241 4705 2513 4773 Fortasse,
2541 4719 2598 4763 ut
2620 4709 2890 4763 Panaetius
2910 4708 2973 4761 ad
3000 4705 3322 4777 divisionem
3353 4707 3406 4762 in
3426 4707 3681 4777 gquiuque

2075 4797 2276 4862 sensus
2287 4780 2485 4862 adjecit
2512 4788 2884 4862 :rénr'j’thtxdv,
2917 4788 3052 4834 teste
3078 4776 3330 4862 Nemest
3351 4775 3678 4862 ;nSor_anns,

2075 4863 2135 4907 ιιι
2161 4846 2398 4907 medicus
2417 4893 2429 4913 ,
2461 4846 2766 4908 addidit—19v
2792 4860 3153 4922 exemimus-9;
3188 4850 3284 4906 sed
3315 4846 3495 4922 adhuc
3510 4847 3679 4922 levent

2077 4924 2216 4979 ltane
2236 4924 2595 4993 SthpiCiOthttt
2641 4939 2747 4977 non
2775 4917 2986 4976 all‘trmo
3008 4962 3023 4986 ,
3049 4921 3150 4976 etsi
3182 4922 3442 4993 plauserit
3468 4917 3678 4993 Junius.

2076 4995 2245 5050 Porro
2270 4991 2471 5050 Seneca
2500 5004 2705 5062 septem
2734 5005 2910 5062 partes
2955 5002 3160 5048 tantum
3185 4991 3188 4992 ⁷
3218 4991 3485 5047 dissidens
3509 5006 3540 5045 a
3570 4992 3684 5046 suis

2076 5065 2269 5123 Stoicis
2291 5065 2554 5130 distinxit,
2584 5080 2703 5134 cap.
2731 5064 2819 5120 92.
2844 5063 2977 5120 Lac.

2151 5137 2236 5204 (lt)
2271 5137 2431 5190 Penes
2456 5132 2885 5205 Apollophunem.
2930 5139 3009 5189 An
3056 5133 3296 5189 medicus
3345 5133 3435 5189 ille
3486 5142 3570 5189 est.
3614 5132 3682 5189 de

2079 5223 2185 5280 quo
2205 5207 2343 5263 Plin.
2374 5206 2468 5263 lib.
2498 5206 2639 5262 XXII
2666 5248 2679 5269 .
2730 5223 2782 5280 c.
2808 5208 2902 5280 ll,
2953 5221 3027 5280 an_
3051 5206 3447 5280 philosophus:
3489 5205 3580 5276 qui
3615 5206 3683 5280 de

2117 5278 2316 5351 bysicis
2338 5280 2571 5351 scripsit,
2595 5287 2730 5334 teste
2759 5279 2993 5348 Diogene
3009 5276 3212 5351 Laert;
3237 5291 3306 5351 an
3332 5276 3493 5351 etiam
3513 5277 3681 5346 Apol-

2120 5296 2316 5351 llySIClS
2338 5296 2571 5347 SCI‘IpSll,
2595 5296 2730 5334 lCSle
2760 5296 2993 5348 llttIgCllC
3010 5296 3212 5341 ηψπ-ις
3237 5296 3306 5333 an
3332 5296 3493 5331 θιιειηι
3513 5296 3681 5346 apol-

2080 5296 2346 5422 rojtbanes
2354 5354 2451 5422 qui
2469 5350 2526 5403 Β.
2552 5351 2859 5422 Dionysium
2885 5347 3241 5422 comitabatur
3267 5350 3319 5403 in
3343 5344 3601 5422 Egyput,
3626 5358 3682 5403 et

2082 5423 2134 5475 in
2167 5422 2298 5476 urbe
2329 5419 2602 5491 Hierapoli
2649 5419 2772 5475 cum
2805 5437 2869 5475 eo
2928 5420 3384 5491 obsmtratiouetm
3406 5420 3537 5491 solis
3584 5435 3679 5488 pa-

2084 5494 2248 5549 tiente
2274 5488 2741 5564 Cltristo'llomino
2768 5490 3048 5564 conspexit
3076 5531 3091 5557 ,
3126 5489 3194 5545 de
3228 5504 3336 5561 quo
3358 5488 3418 5544 Β.
3460 5490 3680 5564 Dionys.

2082 5564 2237 5636 epist.
2267 5563 2336 5636 ad
2382 5564 2731 5636 Polyearpum
2759 5563 2783 5614 Ἰ
2811 5561 2887 5617 LE
2933 5561 3028 5615 Pu.

2156 5634 2223 5705 (i)
2259 5633 2377 5689 Non
2404 5630 2751 5690 idcirco/uec
2799 5650 2992 5705 quoque
3047 5630 3333 5705 distributio
3382 5633 3570 5705 animus
3617 5633 3684 5685 ad

2087 5703 2273 5762 animus
2285 5706 2527 5777 sectiones
2557 5706 2818 5777 pertinebit
2828 5704 2961 5777 .__Sic
2974 5705 3191 5758 omnino
3212 5703 3409 5777 legitur
3422 5704 3477 5759 in
3500 5719 3678 5759 exem-

2090 5779 2247 5851 plari.
2277 5776 2462 5847 Neque
2487 5773 2569 5833 est
2595 5775 2737 5849 quod
2786 5773 3121 5833 olfendamur
3148 5773 3472 5846 repetitione
3525 5788 3683 5831 voca-
