4062 6288
396 279 505 338 669

394 489 659 558 ncipsum
688 487 903 557 quidem
948 500 1145 557 corpus
1183 487 1251 539 ita
1301 483 1566 538 dividatur
1619 483 1669 537 in
1705 484 1940 537 membra
1975 522 1988 546 ,

392 591 452 635 ut
479 581 565 635 isti
595 580 1052 634 Voluntanimam.
1081 577 1274 646 Atquin
1322 591 1388 629 ex
1429 573 1767 629 multitudine
1819 588 1989 627 meiu-

394 670 619 727 brorum
647 685 810 723 unum
851 683 1048 739 corpus
1071 667 1301 723 efficitur
1327 708 1343 733 ,
1401 674 1458 720 ut
1485 665 1760 720 concretio
1782 665 1850 720 sit
1904 680 1992 735 po-

393 763 500 818 tius
529 763 639 833 ipsa
671 761 889 817 divisio.
919 762 1112 832 Specta
1163 759 1680 831 portentosissimmn
1711 757 1992 813 Archime-

284 852 478 956 -{’dis
505 857 925 911 munificentiam
956 896 969 919 ,
1004 852 1081 926 (α)
1135 867 1392 923 organum
1441 849 1813 924 hydraulicum
1844 850 1986 937 dico,

52 950 296 1044 ονε-ιι.

391 960 473 1006 tot
501 949 740 1005 membra
770 991 784 1014 ,
826 957 898 1002 tot
921 954 1101 1018 partrs
1121 987 1133 1008 ,
1172 955 1245 1000 tot
1276 945 1621 1015 compagines
1649 986 1665 1009 ,
1697 953 1772 999 tnl
1799 944 1987 999 itinera

389 1059 610 1108 vocum,
644 1050 720 1097 tot
748 1039 1064 1110 compendia
1089 1053 1343 1093 sonorum
1372 1078 1388 1103 ,
1416 1045 1494 1092 tot
1522 1036 1842 1091 commercia
1866 1052 1983 1091 mo-

388 1136 601 1200 dorum,
637 1143 714 1188 tot
741 1134 889 1189 acies
931 1132 1179 1187 tibiarum
1213 1172 1227 1195 ,
1260 1140 1315 1186 et
1343 1148 1442 1194 una
1475 1130 1646 1185 moles
1676 1138 1835 1185 erunt
1865 1146 1983 1184 ont-

318 1248 321 1251 ‘
387 1231 497 1287 nia.
525 1222 612 1286 Sic
640 1239 696 1285 et
721 1228 961 1299 Spiritus,
992 1226 1079 1294 qui
1106 1225 1215 1279 illic
1246 1224 1314 1279 de
1347 1233 1613 1279 tormento
1632 1238 1785 1294 aqua:
1812 1220 1984 1277 anhc.

385 1325 501 1390 lat,
536 1340 641 1378 non
670 1323 792 1377 ideo
818 1319 1156 1392 separabitur
1180 1318 1230 1372 in
1260 1329 1443 1389 partes
1466 1357 1481 1382 ,
1505 1316 1629 1387 quia
1682 1332 1777 1387 per
1808 1325 1989 1387 partes

384 1420 836 1481 administratur,
890 1415 1186 1471 substantia
1249 1412 1463 1484 quidem
1529 1393 1785 1479 solidus,
1822 1425 1983 1482 opera

384 1528 516 1570 vero
537 1512 759 1568 divisus.
788 1510 904 1567 Non
932 1512 1085 1580 longe
1105 1509 1207 1564 hoc
1237 1509 1538 1578 exemplum
1560 1518 1643 1564 est
1663 1523 1693 1562 a
1732 1502 1984 1563 Stratone

385 1616 443 1661 et
463 1602 816 1661 [ﬁnesidetno
843 1611 894 1657 et
923 1600 1238 1656 Heraclito:
1289 1614 1409 1653 nam
1465 1607 1518 1654 et
1573 1599 1671 1668 ipsi
1725 1599 1980 1653 unitatem

388 1697 582 1751 anima:
637 1703 874 1757 tuentur,
908 1709 1028 1764 qua:
1061 1693 1111 1746 in
1147 1701 1312 1746 totum
1345 1705 1540 1762 corpus
1567 1688 1754 1744 defusa
1784 1689 1895 1760 (1).
1929 1700 1982 1744 et

1734 274 1962 331 .I.IBER-
1991 271 2076 329 DE
2118 270 2350 330 ANIXIA.

395 398 546 453 bntio
571 395 766 453 anime
789 394 855 451 ad
883 393 1075 451 animai
1101 392 1368 450 sectiones
1390 388 1722 462 pertinebit;
1772 389 1988 460 quando
2023 392 2069 451 Α

2702 384 2930 444 CAPUT
2971 385 3090 443 XV.

2170 481 2225 535 ln
2256 462 2439 550 primis
2457 495 2521 534 an
2546 483 2614 537 sit
2646 481 2841 551 aliquis
2863 481 3200 551 (li)suiniuus
3223 481 3273 536 in
3302 480 3478 537 anima
3500 482 3696 553 gradus

2095 573 2289 640 vitalis,
2310 584 2361 628 et
2385 573 2739 644 sapientialis,
2769 574 2909 646 quod
2936 584 3206 646 ἡγεμονικὸν
3233 575 3521 647 appellant,
3543 576 3592 631 id
3615 585 3696 631 est

2097 667 2409 737 principale,
2443 668 2484 722 si
2515 678 2757 737 negetur,
2791 678 2933 722 tottts
2972 670 3165 722 :minne
3192 678 3367 724 status
3417 670 3690 740 periclita-

2095 765 2197 814 tur.
2236 759 2491 831 Denique,
2523 761 2609 835 qui
2636 769 2832 830 negant
2865 760 3176 830 principale,
3209 762 3377 831 ipsam
3406 762 3550 831 pritts
3575 754 3691 816 ani-

2094 867 2235 906 mam
2262 852 2390 906 nihil
2422 862 2764 929 censuerunt.
2811 851 2888 927 (b)
2918 853 3217 909 Messenius
3258 853 3454 928 aliquis
3484 855 3566 924 (5)
3601 855 3690 925 Di-

2092 943 2385 1006 caearchus,
2411 958 2478 997 ex
2500 944 2722 998 medicis
2748 954 2925 998 autent
2958 943 3201 1000 Andreas
3240 953 3294 999 et
3324 943 3687 1014 Asclepiades,

2092 1035 2164 1090 ita
2188 1035 2525 1090 abstulerunt
2556 1036 2848 1105 principale
2877 1079 2893 1106 ,
2942 1036 3068 1091 dum
3123 1036 3175 1091 in
3207 1037 3387 1092 animo
3446 1039 3562 1108 ipso
3593 1052 3689 1091 vo-

2092 1127 2209 1181 lunt
2239 1142 2359 1181 esse
2389 1141 2582 1181 sensus
2605 1167 2619 1191 ,
2651 1142 2881 1196 quorum
2906 1126 3211 1182 vindicatur
3234 1127 3548 1197 principale.
3585 1129 3686 1182 As-

2090 1219 2359 1290 clepiades
2387 1220 2546 1274 etiam
2574 1220 2661 1274 illa
2691 1221 3152 1289 argumentatione
3210 1229 3457 1276 vecmtur
3489 1263 3504 1289 ,
3540 1220 3684 1291 quod

2090 1315 2345 1386 pleraque
2374 1312 2624 1367 animalia
2659 1353 2673 1379 ,
2698 1314 2962 1383 ademptis
2995 1314 3075 1367 eis
3108 1315 3348 1384 partibus
3401 1315 3683 1383 corporis,

2090 1406 2143 1462 in
2170 1406 2368 1477 quibus
2408 1404 2694 1475 plurinnnn
2724 1407 3020 1459 aestimatur
3047 1404 3340 1475 principale
3367 1406 3684 1467 consistere,

2088 1508 2139 1554 et
2173 1490 2391 1569 insuper
2441 1499 2620 1553 vivant
2655 1498 3010 1570 aliquatenus,
3044 1506 3098 1551 et
3145 1499 3356 1568 sapiant
3412 1498 3687 1551 nihilomi-

2087 1610 2208 1656 nus,
2237 1601 2288 1647 ut
2314 1608 2531 1657 musca},
2563 1601 2836 1663 etvespm,
2871 1602 2922 1646 et
2943 1591 3184 1659 locustae,
3216 1592 3259 1646 si
3277 1593 3449 1663 capita
3469 1592 3686 1648 decide-

2087 1686 2163 1740 ris
2189 1703 2203 1750 ;
2237 1693 2292 1738 ut
2322 1698 2496 1754 caprae
2518 1693 2571 1737 et
2602 1682 2933 1749 ’tcsmdines,
2957 1693 3010 1737 et
3039 1684 3310 1754 anguillre,
3334 1685 3377 1738 si
3396 1683 3557 1739 corda
3589 1683 3685 1742 de-

382 1787 584 1857 ubique
616 1787 752 1856 ipsa,
783 1786 929 1840 velut
966 1784 1125 1839 flatus
1157 1784 1208 1839 in
1232 1781 1439 1838 calamo
1460 1798 1558 1853 per
1585 1798 1842 1837 cavernas
1865 1822 1879 1847 ,
1908 1782 1979 1835 ita
2010 1792 2059 1850 Β
2089 1778 2312 1832 traxeris
2342 1792 2355 1828 :
2391 1777 2569 1847 itaque
2594 1776 2890 1846 principale
2913 1793 3017 1831 non
3046 1792 3167 1833 esse
3195 1793 3208 1832 ε
3234 1777 3376 1848 quod
3402 1777 3445 1831 si
3470 1776 3679 1842 fuisa-t,

380 1896 482 1954 per
512 1879 776 1938 srnsualia
809 1879 970 1935 variis
998 1877 1169 1934 modis
1200 1878 1434 1942 emicet,
1470 1891 1577 1932 non
1606 1886 1713 1930 tam
1764 1876 1978 1930 concisa

378 1989 539 2045 quam
562 1974 891 2042 disiiensata.
930 1971 1056 2026 llam
1080 1970 1259 2024 omnia
1306 1968 1501 2041 quibus
1558 1967 1725 2023 titulis
1773 1984 1981 2024 nuncn—

377 2077 595 2138 pentur,
628 2073 683 2122 et
706 2065 900 2136 quibus
943 2081 1006 2121 ex
1030 2078 1088 2120 se
1132 2062 1484 2119 divisionibus
1503 2061 1847 2118 detineantur
1874 2062 1985 2131 (2);

373 2170 432 2218 et
459 2160 655 2232 quibus
708 2159 759 2214 in
810 2172 1035 2227 corpore
1086 2156 1469 2212 metationibus
1533 2163 1973 2225 sequestreutur,

370 2252 569 2309 medici
626 2256 803 2323 potius
855 2265 976 2306 cum
1011 2247 1345 2320 philosophis
1390 2246 1470 2321 (5)
1519 2246 1970 2315 considerabant,

370 2346 531 2403 nobis
563 2359 729 2417 pauca
751 2334 1093 2401 convenient.

2082 1868 2157 1941 (c)
2188 1868 2386 1924 amisso
2412 1869 2671 1947 cuiusuis
2703 1868 2801 1940 (6),
2843 1869 2991 1938 vigor
3035 1869 3228 1924 anima:
3276 1885 3381 1924 non
3429 1884 3679 1939 persevcc

2085 1967 2247 2014 raret.
2280 1958 2382 2014 Sed
2408 1958 2587 2029 plures
2607 1970 2659 2013 et
2686 1959 2987 2029 pbilosoiihi
3011 1960 3270 2015 adversus
3290 1959 3677 2025 Diczearehmu,

2084 2050 2260 2117 Plato,
2289 2050 2469 2105 Strato
2491 2093 2504 2118 ,
2540 2050 2807 2120 Epicurus
2839 2093 2854 2116 ,
2887 2051 3225 2105 Democritus
3255 2092 3269 2115 ,
3302 2049 3678 2121 Empedocles,

2081 2142 2351 2207 Socrates,
2372 2128 2719 2209 Aristoteles;
2745 2150 2799 2197 et
2821 2141 3009 2196 medici
3036 2141 3115 2212 (d)
3139 2141 3394 2197 adversus
3412 2142 3679 2196 Andream

2083 2236 2154 2311 (ε)
2183 2244 2237 2290 ct
2263 2234 2655 2303 Asclepiadein,
2683 2234 3026 2305 Ilcmphilus,
3059 2236 3410 2290 Erasistratus
3437 2235 3531 2306 (f),
3558 2235 3680 2289 Dio-

2083 2334 2192 2388 cles
2219 2330 2320 2404 (g),
2346 2329 2713 2402 Hippocrates,
2737 2341 2791 2385 et
2815 2331 2925 2399 ipse
2950 2330 3187 2385 Soranus
3212 2346 3227 2395 ;
3255 2332 3474 2401 jamque
3502 2329 3679 2383 omni-

2085 2427 2185 2482 bus
2230 2427 2409 2495 plures
2437 2424 2735 2491 christiani,
2793 2427 2879 2494 qui
2925 2422 3066 2494 apud
3120 2423 3283 2478 Deum
3336 2423 3402 2479 de
3451 2434 3678 2495 utroque

1624 2541 2008 2601 LECTIONES
2046 2543 2461 2601 VARIANTES.

430 2635 505 2707 (1)
525 2635 709 2707 Diﬂ‘usa
732 2638 891 2707 Pam;
904 2632 1057 2707 Seml.
1084 2632 1281 2707 Olfﬂﬂl't.

437 2693 507 2764 ’2)
532 2702 826 2751 neriventur
849 2700 991 2748 Pam.
1013 2693 1343 2748 Sentl.'RIten.
1366 2693 1561 2748 Oberlh.

431 2700 508 2829 i5)
541 2762 664 2828 Tum
688 2761 960 2826 philosophi
1001 2762 1145 2811 Pam.

455 2761 508 2827 5)
541 2762 664 2828 Tum
688 2761 960 2826 philosophi
1001 2762 1145 2811 Pam.

2165 2700 2214 2763 ὅ)
2239 2700 2401 2763 Aliqui
2422 2702 2543 2750 Jun.

2164 2636 2194 2684 4
2250 2636 2441 2699 Aliquid
2474 2644 2636 2688 Venet.

2165 2702 2193 2749 5
2239 2700 2401 2763 Aliqui
2422 2702 2543 2750 Jun.

2136 2637 2215 2828 36}
2235 2763 2454 2812 Amissus
2476 2776 2585 2813 cum
2607 2775 2636 2812 S‘

2158 2760 2188 2810 6

2235 2760 2454 2812 Aiui'ssus
2476 2776 2585 2813 cum
2607 2762 2708 2812 suis
2728 2760 2931 2812 sedibus
2953 2760 3063 2826 Rig.
3154 2803 3164 2811 .

1744 2867 2296 2931 COMIIENTAIIIUS.

364 2956 479 3014 buli
521 2960 742 3025 anitum;
804 2959 958 3029 cujus
1008 2960 1181 3027 vires,
1228 2958 1515 3025 efficacize,
1571 2960 1825 3031 ingenia,
1869 2962 1971 3017 etsi

365 3031 833 3086 distribuantur-in
854 3040 1031 3086 certas
1056 3033 1296 3102 corporis
1321 3040 1522 3101 partes,
1560 3030 1671 3098 ipsa
1703 3030 1974 3087 nihilomi-

2148 2965 2223 3035 (e)
2257 2964 2321 3020 Et
2347 2966 2722 3027 Asclepiadem.
2778 2966 2851 3021 De
2902 2966 3222 3035 Asclepiade
3294 2966 3503 3022 medico
3546 2983 3670 3037 prii.

2074 3036 2273 3100 siensi,
2308 3037 2818 3107 prteterquamquod
2843 3054 2908 3092 ex
2940 3053 3006 3092 eo
3034 3039 3199 3094 multa
3228 3036 3670 3106 sedcsumpsisse

364 3118 469 3156 nus
505 3113 671 3177 totum
702 3110 896 3177 corpus
927 3104 1132 3177 implet,
1168 3118 1265 3177 nec
1296 3112 1579 3177 propterea
1598 3102 1967 3158 dissecaturin
1994 3104 2039 3165 C
2075 3102 2320 3163 testatur'
2344 3111 2482 3162 inter
2525 3102 2806 3163 auctorum
2862 3110 3076 3177 non'iina
3103 3152 3116 3172 ,
3171 3102 3508 3177 peculiariter
3558 3113 3669 3177 agit

363 3184 568 3242 partes.
607 3173 786 3243 Itaque
817 3176 930 3229 Ilit‘c
971 3174 1162 3228 animus
1184 3174 1507 3243 distributio,
1539 3174 1651 3227 sive
1682 3177 1733 3228 in
1765 3185 1959 3234 certas.

363 3240 487 3299 eive
542 3245 591 3299 in
624 3240 859 3314 singulas
908 3245 1152 3313 corporis
1205 3252 1403 3312 partes,
1431 3240 1495 3299 ad
1547 3243 1715 3314 ipsius
1770 3248 1963 3301 anima:

363 3317 633 3370 sectiones
682 3332 787 3370 non
822 3317 1126 3385 pertinebit.
1162 3316 1283 3371 lite.

443 3390 516 3456 (a)
555 3385 815 3458 Orgauum
844 3387 1221 3458 liydraulicum.
1272 3386 1440 3455 Huius
1465 3388 1649 3453 organi
1717 3387 1964 3442 inventor

364 3454 981 3522 Ctesibuis'Alexandr;
1016 3457 1141 3513 illud
1160 3467 1338 3513 autem
1360 3454 1811 3513 absolutissimum
1840 3460 1989 3523 reda

360 3529 499 3599 didit
524 3528 873 3585 Archimedes
894 3544 956 3583 ac
986 3528 1208 3599 perfecit
1235 3530 1388 3585 :vide
1412 3528 1678 3584 lleronein
1711 3531 1759 3583 in
1786 3529 1958 3599 Spiri-

363 3597 512 3655 talib.
549 3599 786 3655 Fuerunt
815 3609 869 3654 et
893 3596 1012 3655 alue
1039 3596 1300 3656 machina:
1330 3602 1573 3656 celebres
1601 3596 1954 3665 Archimedis,

359 3672 919 3743 speculum,sphaera,
951 3672 1017 3727 de
1045 3671 1237 3743 quibus
1266 3672 1517 3729 omnibus
1548 3672 1743 3742 paSsim
1792 3671 1960 3741 scrip-

360 3751 528 3797 tores.
565 3742 639 3797 [εις
672 3742 767 3797 Pu.

435 3813 586 3871 CAP.
631 3813 756 3886 XV.
790 3844 867 3886 7-—
895 3812 975 3885 (b)
1012 3813 1314 3886 _:Ilesseuitts
1362 3815 1547 3886 aliquis
1602 3813 1955 3886 Dicmarclius.

360 3883 704 3939 Dicaearchus
739 3883 760 3957 [
786 3883 1177 3958 inquit_Cieei-_o
1206 3885 1414 3958 Tuscul.
1448 3883 1647 3958 ‘Qntpst.
1682 3886 1775 3958 lib;
1802 3885 1827 3941 1
1855 3885 1873 3958 ]
1902 3885 1955 3941 in

357 3971 426 4011 eo
453 3968 724 4021 sermone,
741 3955 917 4025 ‘quein
945 3955 1187 4011 Corinthi
1218 3957 1453 4011 habitum
1486 3957 1653 4013 tribus
1677 3956 1826 4011 libris
1858 3955 1958 4012 ex-

357 4028 512 4096 punit
542 4070 558 4091 ,
584 4028 866 4098 doctorum
900 4027 1173 4089 hominum
1204 4028 1585 4098 disputantium
1614 4070 1626 4090 ,
1661 4031 1832 4096 primo
1856 4029 1949 4083 lib.

356 4100 562 4168 multus
584 4096 863 4168 loquentes
892 4099 1015 4153 facit
1042 4140 1056 4164 ,
1086 4096 1302 4153 duobus
1337 4099 1712 4154 Pherecratezn
1759 4114 1950 4168 «piem-

355 4166 480 4222 dam
514 4166 780 4223 Phtiotam
800 4184 1007 4233 senem,
1036 4186 1194 4239 quem
1226 4170 1300 4223 ait
1322 4185 1351 4222 a
1385 4170 1709 4225 Deucalione
1751 4166 1946 4234 ortum,

343 4239 713 4364 {issercntem
745 4240 970 4305 inducit,
992 4242 1120 4293 nihil
1141 4242 1346 4294 omnino
1375 4258 1482 4295 esse
1505 4242 1752 4306 animum,
1779 4251 1832 4294 ct
1852 4241 1952 4295 hoc

392 4325 480 4364 sse
511 4322 675 4364 totum
710 4328 901 4364 nomen
935 4314 1112 4364 inane.
1149 4312 1454 4364 frustraque
1484 4321 1537 4364 et
1580 4314 1870 4364 animantia
1898 4322 1952 4364 et

392 4325 480 4364 sse
511 4322 675 4366 totum
710 4328 901 4365 nomen
935 4314 1112 4378 iinine,
1149 4312 1454 4382 frustraque
1484 4321 1537 4366 ct
1580 4314 1870 4366 animantia
1898 4322 1953 4366 ct

355 4382 660 4436 animantes
684 4382 960 4452 appellari,
990 4398 1162 4447 neque
1186 4386 1237 4436 in
1264 4386 1479 4438 homine
1508 4384 1681 4437 inesse
1708 4384 1946 4438 animum

354 4452 442 4506 vel
469 4455 724 4519 animam,
756 4470 926 4522 neque
966 4454 1015 4507 in
1052 4454 1242 4509 bestia.
1277 4454 1342 4508 Et
1385 4471 1511 4509 vero
1538 4456 1656 4523 ejus
1704 4455 1946 4523 eamdem

357 4523 522 4578 fuisse
548 4526 870 4579 sententiam
900 4525 1063 4595 paulo
1110 4534 1230 4595 post
1254 4525 1451 4580 indicat
1483 4522 1675 4579 ibidem
1715 4522 1903 4580 Cicero
1933 4546 1945 4581 :

364 4610 383 4644 ι
411 4596 549 4664 quod
580 4596 1176 4665 deliicmarchodicunt,
1202 4598 1290 4665 qui
1324 4597 1452 4652 niltil
1476 4598 1692 4650 omnino
1711 4597 1945 4652 animum

362 4683 383 4716 ι
420 4666 561 4720 dicat
588 4666 757 4720 esse?
789 4686 807 4719 ι
838 4664 1156 4722 ltlessenium
1182 4664 1359 4721 autem
1392 4672 1529 4722 hunc
1585 4668 1746 4721 finisse
1786 4669 1944 4723 etiam

353 4736 518 4810 Spida
543 4746 763 4810 testatur
789 4781 803 4803 ,
833 4737 1493 4810 Aristotelisdiscipulum,
1547 4739 1711 4810 cujus_
1737 4739 1945 4793 Plutar-

352 4806 510 4875 chus,
548 4809 906 4881 Quintilianus
929 4849 942 4871 ,
976 4806 1177 4863 Musica
1206 4806 1402 4878 citant,
1445 4810 1644 4866 Gellius
1673 4808 1944 4881 Pythago-

350 4895 509 4953 ram,‘
539 4880 828 4953 Athenaeus
860 4880 1024 4934 libros
1072 4881 1374 4947 CotleIttl’t‘S
1400 4925 1413 4945 ,
1456 4881 1517 4953 Β.
1559 4880 1938 4953 Hieronymus,

351 4948 453 5008 lib.
480 4949 680 5023 Quadi).
709 4949 910 5023 latina,
931 4965 1006 5023 ex
1051 4954 1418 5023 antiquitatum
1467 4952 1613 5008 libris
1645 4948 1942 5023 descriptio-

352 5038 471 5076 nem
522 5019 769 5086 Graecae;
819 5020 1050 5089 denique
1083 5019 1276 5078 Cicero
1306 5026 1431 5079 alibi
1478 5025 1671 5079 librum
1721 5023 1785 5077 de
1813 5019 1942 5078 divi-

290 5127 297 5134 ρ
352 5101 462 5146 nat.
495 5102 541 5146 et
561 5092 790 5148 somniis.
830 5092 966 5147 Pw.

430 5163 504 5237 (c)
534 5161 733 5237 Amisso
760 5179 879 5237 cum
907 5164 1032 5218 suis.
1090 5162 1302 5219 Amisso
1352 5166 1442 5222 illo
1496 5166 1773 5237 principali
1820 5183 1940 5222 cum

350 5235 485 5303 suis,
518 5235 689 5309 capite
720 5235 969 5309 nimirum
999 5246 1053 5290 et
1076 5237 1257 5290 corde.
1293 5238 1415 5293 Cum
1442 5239 1547 5309 suis
1576 5256 1588 5290 :
1619 5235 1767 5309 quasi
1818 5254 1938 5295 cum

316 5330 324 5339 ο
350 5309 499 5380 omni
524 5306 720 5380 familia
739 5317 797 5361 et
820 5306 1076 5380 comitatu
1102 5348 1128 5380 ,ν
1148 5311 1499 5380 apparitione.
1523 5306 1645 5367 th.

422 5377 508 5450 (tl)
534 5377 787 5453 Aduersus
813 5375 1346 5453 AndmanuAn'd'reas
1364 5382 1601 5436 medicus
1632 5382 1940 5453 frequenter

348 5448 593 5505 citatnra
624 5448 819 5512 Plinio,
852 5461 959 5502 non
993 5448 1150 5519 modo
1177 5450 1315 5505 inter
1365 5463 1641 5506 aucturum
1696 5448 1934 5519 nomina,

347 5537 379 5576 e
405 5521 780 5591 quibusintilta
803 5518 1122 5589 desumpsit,
1140 5523 1232 5576 sed
1256 5524 1414 5576 etiam
1433 5522 1529 5579 lib.
1556 5523 1696 5579 XXII
1726 5567 1740 5584 .
1769 5540 1818 5579 e.
1842 5518 1932 5591 25,

347 5537 379 5576 θ
445 5536 597 5576 uibus
616 5536 780 5574 multa
803 5536 1122 5589 uesumpsu,
1140 5536 1232 5576 seu
1256 5536 1414 5576 etiam
1433 5536 1529 5579 tib.
1556 5536 1696 5579 λλιι
1726 5567 1740 5584 ,
1769 5540 1818 5579 c.
1842 5536 1932 5591 25,

345 5536 523 5662 etIIib.
554 5584 773 5656 XXXII,
794 5594 842 5646 e.
864 5592 916 5662 5,
949 5593 1036 5647 ubi
1065 5592 1117 5646 in
1158 5592 1473 5662 quibusdam
1529 5604 1704 5650 tamen
1749 5608 1934 5650 exem-

655 5659 913 5743 erperain'
935 5659 1371 5743 legitnrAndrias
1402 5680 1497 5743 pro
1519 5667 1780 5743 Andreas;
1812 5683 1932 5743 nam

347 5654 585 5735 pla'ribus
609 5654 913 5791 Berpéram'
935 5663 1127 5732 legitur
1151 5654 1371 5719 Andrias
1402 5680 1497 5743 pro
1519 5667 1780 5731 Andreas;
1812 5683 1932 5721 nam

347 5734 509 5809 etiam
550 5746 580 5789 tt
610 5733 925 5809 LioscO‘ritle
963 5744 1015 5790 et
1054 5728 1258 5792 Caleno
1299 5736 1491 5793 citatur
1536 5738 1671 5793 liber
1719 5738 1833 5809 ejus
1871 5738 1935 5792 de

345 5680 519 5791 1³1ξέ3
522 5680 585 5789 ¹³ἔ
609 5680 653 5791 li

314 5838 321 5845 -
347 5802 573 5862 Planus.
610 5792 748 5861 Pus.

1759 5904 1789 5922 Ι

2073 3176 2276 3252 Plinius
2308 3179 2342 3233 l.
2378 3179 2569 3252 XXVI,
2601 3195 2653 3234 c.
2688 3180 2743 3252 ἴῃ
2769 3251 2773 3252 ν
2795 3176 3041 3235 citantur'
3078 3176 3239 3235 etiam
3270 3181 3513 3252 quaedam
3547 3176 3666 3250 ejus

2068 3250 2266 3322 seripta
2294 3251 2361 3304 ab
2412 3251 2566 3306 Aetio
2611 3250 2926 3322 elGaleno,
2981 3252 3068 3320 qui
3101 3250 3311 3306 interim
3364 3251 3498 3305 duos
3547 3253 3664 3322 ejus

2070 3320 2300 3375 nominis
2330 3330 2736 3376 commemorat.
2769 3321 2925 3376 Ridet
2964 3333 3143 3376 autent
3187 3336 3307 3377 eum
3347 3322 3429 3376 his
3488 3320 3666 3380 verbis

2069 3393 2228 3459 paulo
2259 3400 2375 3460 post
2402 3394 2601 3448 Auctor
2634 3411 2647 3447 :
2681 3391 2747 3448 Ut
2768 3393 2850 3447 rel
2876 3434 2889 3457 ,
2942 3393 3110 3461 inquit
3145 3437 3160 3460 ,
3205 3394 3268 3447 ab
3318 3395 3427 3448 istis
3465 3405 3664 3450 retusus

2065 3461 2393 3536 Asclepiades
2421 3481 2605 3528 capras
2635 3481 2755 3518 suas
2780 3474 2973 3534 quaerat
3000 3466 3108 3518 sine
3131 3465 3282 3519 corde
3309 3467 3535 3519 halantes
3567 3508 3580 3527 ,
3614 3477 3661 3520 et

2067 3540 2269 3590 muscas
2290 3552 2409 3590 suas
2435 3536 2601 3606 abigat
2631 3538 2741 3589 sine
2770 3536 2935 3604 capite
2965 3536 3228 3591 volitantes
3253 3554 3269 3601 ;
3300 3537 3461 3591 tacite
3490 3537 3659 3606 signi-

2067 3605 2639 3678 116111181111ὲ111⁸1111111ε111
2661 3649 2673 3670 ,
2727 3607 2815 3678 qui
2861 3607 3069 3661 illarum
3098 3608 3347 3676 exemplo
3389 3605 3558 3663 etiam
3593 3609 3662 3665 ab

2064 3673 2281 3733 homine
2298 3677 2703 3747 hegemonicum
2723 3673 2938 3733 auferre
2953 3679 3198 3733 voluerit.
3215 3673 3452 3735 Meminit
3468 3680 3659 3734 iterum

2062 3749 2265 3806 Auctor
2292 3749 2621 3818 Asclepiadis
2651 3766 2699 3806 c.
2728 3750 2799 3806 25
2826 3749 2981 3803 infra.
3021 3750 3094 3805 De
3123 3752 3311 3807 eadem
3344 3749 3660 3817 Asclepiade

2064 3821 2228 3873 multa
2269 3820 2435 3874 refert
2461 3822 2631 3874 etiam
2657 3823 2810 3889 Apul.
2841 3821 2879 3875 l.
2906 3820 2973 3875 IV
3004 3821 3067 3875 de
3108 3821 3252 3876 Asia.
3297 3822 3425 3877 Aur.
3466 3821 3600 3876 Pan.

2135 3890 2205 3962 (f)
2232 3889 2591 3963 Erasistratus.
2623 3892 3001 3947 Erasistratum
3030 3894 3216 3963 quinto
3239 3893 3359 3947 loco
3380 3894 3519 3948 inter
3540 3910 3656 3947 me-

2061 3959 2211 4016 dicos
2242 3963 2388 4031 ponit
2426 3962 2659 4029 Plinius,
2705 3963 2790 4017 ubi
2824 3976 3019 4031 supra,
3049 3959 3179 4019 ante
3225 3964 3570 4032 Herophilum
3602 3973 3659 4019 et

2061 4033 2477 4098 Ascleniadem;
2535 4035 2660 4088 item
2705 4034 2739 4088 I.
2786 4033 2902 4088 XIV
2933 4075 2946 4100 ,
2997 4049 3046 4089 e.
3092 4036 3167 4099 7.,
3223 4035 3423 4090 vixisse
3471 4036 3658 4091 scribit

2059 4101 2278 4179 ρβίῑρμ
2298 4121 2387 4159 an.
2416 4103 2481 4160 U.
2517 4106 2700 4179 Boium
2726 4146 2741 4171 ,
2775 4115 2846 4179 et
2875 4106 3657 4179 scholaeejusdcm_meminit

2060 4174 2152 4250 lilt.
2186 4175 2303 4239 ΧΧ,
2340 4194 2386 4231 c.
2421 4178 2485 4242 9;
2520 4177 2749 4246 denique
2781 4175 2889 4250 III).
2938 4175 3129 4250 XXIX,
3155 4174 3212 4231 VC.
3244 4178 3299 4243 2,
3344 4177 3651 4250 Chrysippi,

2058 4246 2209 4312 Cujus
2268 4264 2389 4302 mox
2464 4245 2697 4313 mentio,
2763 4245 3083 4316 discipulum
3150 4250 3291 4311 facit,
3353 4245 3655 4305 Aristotelis

2060 4316 2164 4369 lilia
2221 4321 2456 4380 genitum
2487 4362 2501 4385 ,
2555 4321 2643 4389 qui
2675 4362 2689 4386 ,
2736 4334 2859 4388 rege
2923 4322 3187 4388 Antiocho
3245 4330 3473 4386 curato,
3525 4335 3656 4374 ceu-

2059 4394 2165 4461 tuin
2193 4391 2404 4444 talentis
2434 4389 2662 4444 donatus
2701 4390 2763 4461 sit
2801 4408 2826 4439 :t
2878 4391 3167 4447 Ptolemaeo
3208 4392 3323 4461 ejus
3370 4392 3497 4446 filio.
3542 4392 3672 4449 CII‘.

1975 4457 2238 4553 Djnus‘reli
2274 4463 2692 4553 IttClt-IIIIiLCI'IJiII
2743 4459 2961 4553 Spit-lae,
3009 4472 3060 4553 et
3104 4457 3284 4553 plures
3313 4463 3430 4553 eius
3458 4461 3650 4553 Ilibrqs

2052 4531 2248 4652 simpl.
2285 4534 2445 4586 citato
2491 4531 2749 4588 Galenus.
2779 4532 2982 4587 Citatur
3014 4534 3206 4589 iterum
3239 4533 3306 4587 ab
3337 4536 3569 4589 Aueiore
3599 4547 3648 4587 c.

2088 4618 2143 4652 ὅ).
2221 4620 2310 4652 ΑΜ.

2088 4601 2143 4655 5.
2179 4604 2310 4656 I’Ast.
3495 4653 3502 4660 .

2128 4670 2206 4743 (μ)
2234 4674 2451 4730 Diocles.
2476 4675 2681 4730 Diocles
2699 4674 2960 4732 Cat-istius
2986 4676 3223 4730 medicus
3250 4719 3262 4740 ,
3288 4674 3558 4730 St‘CtttttItIS
3586 4674 3650 4728 ah

2052 4741 2373 4816 I‘Iippocrate
2400 4756 2555 4806 natale
2574 4748 2840 4816 famaque,
2860 4748 3033 4802 Plinio
3062 4747 3367 4801 celebratur
3390 4747 3423 4800 l.
3450 4744 3645 4809 XXVI.

2050 4829 2099 4868 c.
2126 4814 2178 4867 Ξ.
2209 4816 2308 4884 Qui
2362 4829 2620 4877 praeterea
2644 4819 2711 4871 ab
2737 4814 2926 4872 eodem
2959 4821 3153 4873 citatur
3199 4820 3233 4872 l.
3270 4816 3365 4873 XX
3391 4858 3405 4883 ,
3450 4833 3499 4872 c.
3533 4818 3566 4870 5
3596 4826 3650 4870 et

2051 4885 2084 4939 5
2104 4926 2118 4950 ,
2169 4898 2217 4940 et
2250 4890 2283 4940 l.
2316 4888 2455 4949 XXI.
2482 4899 2534 4944 et
2554 4891 2610 4953 in
2639 4891 2878 4957 catalogo
2910 4889 3235 4944 medicorum
3266 4905 3504 4960 quorum
3520 4903 3649 4956 ope-

2049 4970 2104 5009 r“
2154 4973 2276 5013 “5"3
2317 4970 2433 5022 05ιῖ
2466 4964 2588 5014 item
2643 4978 2671 5014 a
2715 4960 2937 5021 Galerio.
2981 4958 3293 5023 Plutarcho;
3346 4958 3647 5014 Scholiasgc

2046 5025 2316 5101 Nicandri,
2353 5031 2634 5091 Athenaeo,
2670 5032 2832 5085 Paulo
2852 5030 3118 5101 (Egineta,
3152 5032 3284 5085 PAM.

2120 5098 2185 5170 (Γ)
2210 5100 2311 5166 Qui
2348 5102 2488 5170 apud
2527 5102 2685 5154 Deum
2714 5103 2776 5155 de
2822 5098 3036 5173 utroque
3062 5103 3314 5157 ducimur.
3345 5102 3433 5156 Sic
3485 5100 3643 5173 habet

2045 5173 2323 5243 exemplar
2352 5173 2639 5241 Agobarili.
2670 5173 2895 5243 Jamque
2912 5170 3199 5238 omnibus,
3232 5174 3423 5243 inquit,
3455 5181 3509 5225 et
3529 5170 3642 5239 phi-

2045 5242 2287 5313 losophis
2316 5254 2369 5298 et
2417 5244 2638 5297 medicis
2668 5242 2850 5311 plures
2876 5245 3162 5298 Christiani
3190 5286 3204 5304 ,
3224 5242 3317 5313 qui
3364 5244 3429 5296 de
3487 5253 3640 5295 utru-

2042 5329 2149 5381 que
2180 5357 2194 5378 ,
2229 5316 2329 5368 hoc
2349 5324 2432 5368 est
2461 5355 2472 5368 .
2506 5315 2573 5368 dc
2604 5314 2696 5368 illo
2724 5316 2916 5375 animae
2944 5314 3222 5383 principali
3258 5355 3270 5372 .
3306 5314 3478 5382 deque
3522 5313 3641 5367 luco

2043 5394 2096 5439 et
2127 5387 2394 5454 positione
2426 5383 2569 5439 illius
2601 5385 2910 5453 principalis
2940 5428 2953 5449 ,
2997 5384 3339 5438 statuendam
3391 5383 3513 5452 quid
3572 5384 3639 5437 sit

2042 5455 2424 5525 investigantés
2454 5497 2469 5520 ,
2527 5455 2665 5524 apud
2703 5456 2862 5508 Deum
2895 5456 3157 5507 ducimur.
3186 5462 3350 5525 atque
3380 5470 3445 5525 ex
3473 5454 3638 5507 sacris

2042 5522 2617 5598 paginis'addisciinus.
2643 5528 2732 5580 Sic
2756 5529 2912 5596 igitur
2930 5537 3139 5598 veteres
3161 5522 3450 5578 Christiani
3476 5525 3635 5580 etiam

2040 5595 2160 5651 cuiu
2185 5598 2419 5652 Ethnieis
2438 5595 2787 5665 dISpntantes.
2810 5595 3393 5650 sacrarumlitterarum
3409 5599 3638 5648 auctori-

2041 5676 2201 5724 tatem
2238 5664 2591 5737 proferehant.
2626 5667 2706 5721 Illi
2740 5668 2917 5721 divina
2948 5668 3163 5729 dictata,
3195 5664 3294 5717 nisi
3340 5665 3634 5737 rationibus

2040 5735 2306 5805 humanis,
2358 5745 2456 5793 hoc
2477 5751 2755 5805 est,mcrc
2810 5736 3192 5807 philosoiihicis
3246 5735 3624 5807 probarentur,

2038 5810 2380 5879 respuebant.
2407 5809 2517 5866 llac
2535 5810 2775 5867 caecitate
2804 5805 3038 5864 Galenus
3068 5805 3327 5861 adversus
3369 5806 3628 5876 Archige.
