4062 6288
359 284 461 345 (i7!

1770 285 2236 346 TERTULLIANI

3560 287 3673 347 θη

360 402 610 461 ducimur
652 404 769 478 (I),
815 412 871 464 et
900 418 1021 463 esse
1076 403 1158 479 (a)
1211 404 1509 476 principale
1540 403 1592 459 in
1636 404 1820 460 .anima
1850 445 1864 471 ,
1904 414 1952 460 et
1984 406 2031 466 Λ
2065 415 2113 457 ta
2149 405 2307 459 l..rica
2353 403 2585 473 pectoris
2661 410 2716 458 ιιι
2785 401 3069 474 Epicurus.
3123 399 3219 458 sed
3283 399 3428 473 quod
3484 408 3542 457 et
3587 402 3673 471 (ὅ)

285 492 334 539 ί
360 501 579 559 certoin
607 499 852 575 corporis
886 513 1106 555 recessu
1138 508 1537 553 consecratum.
1571 496 1628 553 Si
1657 498 1798 552 enim
1818 514 1960 551 κριτη-

365 601 638 647 tatoremct
674 590 1008 663 dispectorem
1056 592 1224 647 cordis
1273 593 1292 662 (
1319 592 1451 659 Sap.
1481 592 1532 659 I;
1566 589 1723 646 Prov.
1747 591 1914 647 XXIV
1941 592 1961 662 )

363 683 527 738 Deum
562 682 827 753 legimus;
861 685 907 738 si
929 684 1091 738 etiam
1121 682 1413 755 prophetes
1444 683 1558 753 ejus
1582 685 1790 740 occulta
1837 699 1960 739 cor-

358 775 443 829 dis
468 774 802 831 tradnccndo
844 773 1255 846 prob:ttur~(Ps.
1286 772 1624 847 CXXXVIII)
1659 795 1672 829 :
1726 777 1769 830 si
1823 776 1963 832 Deus

360 866 476 937 ipse
501 866 829 937 recOgitatus
855 866 1097 921 cordisiu
1123 865 1319 937 populo
1352 869 1612 938 przcvenit
1634 865 1809 939 (Matt.
1840 866 1958 937 IX):

312 972 321 980 ί
362 957 499 1023 Quid
510 958 745 1029 cogitatis
764 960 814 1013 in
837 957 1072 1013 cordibus
1094 958 1274 1013 vestris
1290 959 1544 1029 nequam?
1563 958 1605 1013 si
1628 958 1706 1030 (2)
1724 966 1779 1014 et
1800 959 1961 1014 David

362 1050 480 1121 (Ps.
498 1050 605 1123 L):
632 1054 734 1107 Cor
761 1053 1008 1106 mundum
1036 1052 1196 1106 conde
1235 1052 1287 1107 in
1324 1068 1404 1106 me
1429 1050 1570 1107 Deus
1598 1069 1613 1118 ;
1662 1062 1715 1107 et
1764 1052 1963 1109 Paulus

359 1140 540 1212 (Rom.
575 1142 645 1215 X)
696 1142 849 1197 corde
894 1144 970 1198 ait
1019 1143 1160 1198 credi
1208 1143 1261 1198 in
1300 1144 1600 1213 justitiam;
1649 1152 1704 1199 et
1728 1144 1962 1201 Joannes

361 1233 401 1303 (I
430 1232 588 1288 Joau.
613 1233 701 1304 III)
737 1237 890 1291 corde
932 1237 1008 1292 ait
1050 1254 1146 1292 suo
1184 1254 1591 1309 unumquemque
1624 1239 1960 1310 reprehendi;

359 1326 404 1381 si
428 1337 698 1396 postremo
728 1327 910 1399 (Matt.
940 1327 1004 1401 V)
1023 1370 1038 1395 ,
1069 1329 1156 1400 qui
1184 1329 1367 1384 viderit
1394 1330 1657 1400 fa’minam
1676 1331 1746 1385 ad
1774 1347 1963 1386 concu-

360 1417 659 1487 piscendum
680 1461 695 1487 ,
717 1420 834 1491 jam
861 1420 1164 1475 adulteravit
1186 1421 1239 1475 in
1270 1422 1458 1487 corde;
1483 1422 1645 1477 simul
1676 1432 1963 1495 utrumque

360 1509 594 1575 dilucet,
623 1520 680 1566 et
719 1526 841 1567 esse
864 1513 1156 1584 principale
1203 1514 1254 1569 in
1277 1514 1453 1569 anima
1476 1556 1491 1580 ,
1524 1531 1631 1586 quo
1677 1514 1757 1588 (5)
1786 1518 1962 1572 inten-

364 1602 436 1655 tio
465 1601 644 1656 divitia
664 1603 984 1672 conveniat,
1018 1604 1068 1659 id
1102 1614 1184 1660 est
1204 1645 1219 1672 ,
1249 1605 1355 1660 vim
1383 1607 1754 1676 sapientialem
1804 1616 1964 1679 atque

365 1694 579 1750 vitalem
628 1695 794 1766 (quod
847 1698 990 1753 enim
1043 1701 1226 1768 sapit,
1281 1699 1516 1754 vividum
1546 1700 1649 1771 est)
1679 1742 1695 1767 ,
1725 1701 1851 1757 etin
1896 1714 1963 1756 eo

2066 499 2305 571 Egyptii
2334 499 2413 571 (ιι)
2445 499 2928 563 renuntiaverunt,
2990 506 3044 556 et
3073 494 3154 567 (6)
3204 495 3294 566 qui
3341 495 3415 567 (e)
3464 494 3677 552 divinu-

2065 608 2182 646 rmu
2208 602 2722 646 commemoratores
2752 589 3071 646 videbantur
3094 630 3109 651 ,
3159 586 3231 661 (Ῑ)
3254 595 3311 641 ut
3338 599 3393 641 ct
3429 586 3677 643 ille-ver-

2064 698 2158 740 sus
2184 683 2383 754 Orphei
2408 684 2492 739 vel
2528 681 2875 754 Empedoclis
2904 698 2919 748 ;
2963 679 3202 752 Namque
3243 679 3433 734 homini
3462 680 3677 751 sanguis

2064 773 2499 830 circumcordialis
2541 783 2613 829 est
2634 790 2832 829 sensus.
2861 773 3034 829 Etiam
3066 770 3141 844 (g)
3187 771 3512 841 Protagoras
3541 812 3555 837 ,
3587 770 3675 843 (Ii)

2064 867 2227 922 etiam
2246 868 2281 921 Α
2294 866 2605 937 pollodorus
2623 866 2688 939 (i)
2701 876 2756 923 et
2772 866 3104 939 Chrysippus
3119 865 3235 921 lucc
3246 865 3459 936 sapiunt
3477 882 3493 931 ;
3514 874 3573 921 ιιι
3586 865 3676 921 vel

2064 962 2133 1017 ab
2154 961 2269 1016 istis
2293 972 2505 1017 retusus
2541 959 2888 1033 Asclepiades
2916 974 3108 1032 capras
3155 972 3280 1015 suas
3307 967 3514 1030 qumrat
3541 959 3666 1015 sine

2064 1052 2229 1110 corde
2269 1051 2532 1119 halantes,
2558 1062 2613 1108 et
2639 1066 2851 1107 muscas
2868 1066 2994 1107 suas
3020 1051 3202 1122 abigat
3227 1052 3345 1106 sine
3365 1051 3541 1121 capite
3567 1066 3671 1105 vo-

2069 1145 2281 1203 litantes
2312 1163 2326 1213 ;
2350 1155 2405 1202 et
2424 1162 2613 1203 omnes
2637 1147 2747 1219 jam
2778 1146 2956 1203 sciant
2976 1160 3035 1201 se
3067 1145 3248 1214 potius
3286 1143 3403 1200 sine
3427 1132 3594 1198 ciirde
3616 1152 3678 1200 et

2066 1238 2291 1293 cerebro
2314 1237 2494 1293 vivere
2522 1279 2538 1305 ,
2568 1238 2655 1308 qui
2711 1236 3118 1308 dispositionem
3168 1236 3364 1291 anima:
3424 1234 3677 1291 humana:

2065 1330 2132 1389 de
2162 1330 2470 1388 conditione
2495 1330 2785 1387 bestiarum
2825 1330 3245 1401 prtejudicariut.

2656 1424 2887 1481 CAPUT
2926 1424 3064 1480 XVI.
3506 1461 3521 1469 -

2143 1493 2239 1573 Esi
2265 1527 2319 1575 et
2351 1518 2477 1574 illud
2518 1518 2583 1571 ad
2615 1518 2773 1573 tinem
2804 1518 2882 1592 (7)
2918 1519 3220 1589 pertinens,
3245 1515 3314 1589 (j)
3344 1516 3486 1587 quod
3516 1516 3679 1575 Plato

2064 1609 2308 1665 bifariam
2336 1612 2561 1681 partitur
2589 1611 2823 1666 animam
2849 1652 2863 1678 ,
2889 1626 2989 1682 per
3021 1609 3282 1666 rationale
3312 1609 3678 1666 etirratioua-

2065 1704 2136 1759 lc.
2167 1704 2262 1759 Cui
2293 1704 2591 1760 definitioni
2628 1716 2681 1761 et
2719 1719 2819 1760 nos
2846 1703 3063 1776 quidem
3101 1702 3509 1775 applaudinius.
3577 1704 3679 1762 sed

365 1786 620 1850 thesauro
637 1790 881 1860 corporis
902 1789 1085 1847 haberi
1120 1833 1135 1857 ,
1184 1791 1249 1848 ad
1271 1807 1430 1864 quem
1466 1793 1843 1865 Deusrespicit
1867 1812 1881 1848 :
1906 1804 1963 1849 ut
1992 1804 2040 1863 B
2069 1815 2175 1855 non
2210 1809 2265 1854 ut
2290 1809 2495 1855 natura:
2539 1799 2828 1870 deputetur
2873 1806 3181 1869 utrumque.
3237 1796 3491 1852 Naturale
3527 1799 3678 1854 enim

269 1884 318 1929 κ
365 1897 539 1951 neque
561 1883 895 1938 extrinsecus
917 1885 1105 1955 agitari
1138 1893 1295 1956 putes
1346 1885 1644 1957 principale
1684 1886 1824 1942 istud
1872 1904 1960 1943 se-

365 1975 598 2029 cundum
630 1975 977 2041 lleraclitum,
1034 1994 1207 2050 neque
1237 1995 1332 2051 per
1364 1988 1530 2036 totum
1557 1986 1752 2052 carpus
1791 1983 1965 2037 venti-

367 2067 462 2123 lari
491 2069 787 2125 secundum
809 2071 1173 2130 Moschionem
1206 2115 1219 2139 ,
1253 2089 1426 2137 neque
1456 2075 1510 2130 in
1545 2077 1718 2145 capite
1746 2079 1966 2133 coucln-

366 2160 419 2216 ι1ῑ
439 2162 743 2216 secundum
776 2163 1051 2219 Platonem
1078 2208 1093 2232 ,
1127 2182 1300 2236 neque
1323 2168 1374 2222 in
1405 2169 1603 2236 vertice
1634 2170 1809 2239 p0tius
1833 2186 1968 2240 pra-

365 2256 543 2311 sidere
564 2257 860 2313 secundum
892 2258 1251 2315 Xenocratem
1281 2303 1295 2323 ,
1327 2277 1500 2333 neque
1520 2264 1570 2317 in
1618 2264 1843 2319 cerebro
1868 2280 1966 2318 cn-

368 2348 496 2404 bare
526 2351 818 2406 secundum
847 2352 1221 2425 Hippocratem
1249 2373 1263 2418 ;
1317 2355 1410 2411 sed
1456 2370 1556 2411 nec
1584 2356 1724 2411 circa
1759 2356 1968 2413 cerebri

368 2438 773 2497 fundamentum
827 2453 883 2497 ut
940 2444 1299 2515 Ilcrophilns,
1355 2449 1532 2503 necin
1583 2449 1969 2504 membranulis

369 2531 451 2605 (4)
496 2544 551 2588 ιιι
600 2533 783 2589 Strato
835 2544 892 2590 et
946 2535 1343 2603 Erasistratus,
1400 2554 1500 2594 nec
1548 2540 1599 2593 in
1649 2542 1969 2610 supercilio-

368 2642 488 2681 rum
512 2627 809 2685 meditullio
840 2638 895 2685 ut
928 2629 1003 2703 (b)
1034 2630 1215 2686 Strato
1246 2631 1533 2704 Physicus,
1574 2632 1651 2705 (ε)
1691 2650 1789 2689 nec
1817 2636 1868 2690 in
1896 2644 1977 2691 to-

2067 1892 2327 1948 rationale
2346 1891 2672 1947 credendum
2698 1900 2785 1948 est
2807 1890 2949 1962 quod
2979 1890 3174 1945 anima:
3227 1905 3255 1943 a
3288 1889 3584 1961 primordio
3605 1891 3683 1946 sit

2070 1987 2383 2055 ingenitum,
2435 2001 2462 2038 a
2521 1985 2764 2040 rationali
2801 1984 3052 2040 videlicet
3092 1992 3336 2038 auctore.
3359 1982 3496 2052 Quid
3528 1984 3679 2039 enim

2070 2095 2175 2134 non
2202 2079 2480 2144 rationale,
2505 2076 2646 2149 quod
2675 2078 2812 2133 Deus
2844 2077 2998 2161 jussu
3025 2090 3242 2161 quoque
3270 2074 3538 2142 ediderit,
3568 2091 3675 2132 ne-

2071 2171 2196 2226 dum
2226 2172 2275 2227 id
2300 2170 2439 2243 quod
2474 2146 2688 2240 proprie
2713 2146 2909 2225 adﬂatu
2926 2148 3027 2225 suo
3043 2146 3327 2225 emiserit?
3349 2167 3676 2224 Irratiouale

2072 2276 2250 2319 autem
2283 2263 2548 2333 posterius
2576 2261 2983 2331 intelligendum
3013 2270 3117 2327 est,
3157 2260 3377 2331 utquod
3417 2260 3682 2316 acciderit

2071 2373 2134 2412 ex
2170 2359 2438 2426 serpentis
2463 2355 2738 2420 instinctu,
2766 2355 3003 2423 ipsorum
3024 2353 3104 2424 (8)
3129 2353 3259 2408 illud
3282 2353 3675 2423 transgressio-

2072 2450 2154 2504 nis
2181 2448 2493 2515 admissum,
2538 2458 2697 2517 atque
2734 2447 2928 2502 exinde
2955 2446 3233 2502 inoleverit
3276 2454 3326 2501 et
3360 2444 3682 2502 coadolcve—

2072 2542 2143 2597 rit
2161 2543 2211 2597 in
2233 2541 2409 2595 anima
2437 2542 2518 2608 (It)
2540 2539 2605 2595 ad
2629 2539 2802 2595 instar
2818 2539 2929 2609 jam
2952 2537 3469 2607 naturalitatis,quia
3493 2538 3679 2595 statim

2074 2626 2124 2688 iii
2170 2643 2373 2687 uaturm
2412 2630 2707 2703 primordio
2731 2629 2924 2686 accidit
2950 2629 3033 2701 (i).
3055 2626 3343 2695 Cancrum,
3375 2644 3497 2684 cum
3529 2627 3679 2684 idem

1611 2725 1991 2785 LICCTIONICS
2033 2722 2441 2782 VARIANTES.

432 2812 449 2932 ἶ
458 2811 505 2932 ὲ)
526 2812 828 2927 ἓῗὲιιὶςέῗιυν,
847 2812 999 2869 alien.
1013 2812 1168 2867 Seml.
1184 2816 1531 2869 Otrerth.Pam.
1544 2818 1832 2869 deducimus
1842 2821 1963 2869 Jun.

432 2879 482 2952 (
531 2879 611 2925 Sic
634 2879 756 2927 Par.

432 2880 506 3067 ii)
526 2938 1006 3067 ‘déﬁbi’fiiiané'ﬁé'

2136 2814 2209 2882 (Si)
2236 2816 2299 2882 Et
2319 2816 2447 2878 quod
2475 2815 2618 2882 alien.
2638 2813 2956 2882 Pam._S_eml.

2137 2875 2208 3001 ξύ)
2236 2878 2286 2928 Εἰ
2314 2875 2456 2929 Pam.
2486 2877 2631 2930 then.
2659 2877 2809 2928 Seml.
2832 2879 2865 2927 ii
2888 2875 2996 2928 cod.
3031 2876 3218 2929 Wouw.

2159 2943 2208 2997 7)
2235 2941 2405 2991 Fidem
2432 2949 2565 2993 Itum.
2590 2939 2740 2991 Seml.
2896 3000 2899 3001 ν
3099 2998 3108 3001 _

2199 2956 2208 2997 )
2235 2955 2405 2991 P'IGBIII
2432 2955 2565 2993 man.
2590 2955 2701 2991 δεειι

1995 2986 2040 3048 e
2139 2986 2211 3072 te;
2235 2986 2405 3068 ista;
2423 2986 2566 3055 ΡΜ
2590 2986 2743 3057 his}:
2765 3000 2919 3053 Serui.
2940 2998 3138 3055 Oberth.

1750 3105 2316 3166 COMMENTARIUS.

532 3001 865 3054 Membrauula
889 3004 997 3068 eius
1016 3011 1128 3055 Jun.

373 3218 496 3261 nem
554 3213 832 3269 vectatur,
875 3204 980 3260 hoc
1028 3204 1359 3262 interdicto:
1412 3223 1432 3256 ι
1479 3203 1596 3259 Νοη
1658 3204 1966 3259 auditurum

378 3295 400 3328 ι
434 3282 493 3330 se
547 3280 731 3343 Νόμονς
781 3281 1179 3339 ἀναποδείκτους.
1229 3278 1421 3347 quibus
1490 3276 1602 3331 fere
1663 3278 1737 3330 uti
1795 3277 1973 3330 solent

380 3367 400 3401 ι
660 3352 742 3431 uoti
766 3355 983 3431 ἔρξω-οῦ
996 3352 1542 3431 βιατριϐῧνιάφιὶμξνπο
1558 3367 1577 3399 ι
1600 3347 1785 3404 Caleni
1809 3347 1970 3402 verba

374 3429 496 3488 sunt
519 3420 655 3474 lihro
671 3421 735 3474 de
758 3418 885 3487 Di/f.
918 3418 1054 3488 puts.
1071 3418 1329 3488 secundo.
1355 3418 1472 3475 ltro.

452 3487 530 3561 (ιι)
553 3486 848 3560 Principate
875 3486 927 3544 in
951 3491 1143 3562 anima.
1174 3486 1530 3562 Hieronymus
1561 3489 1646 3562 ad,
1669 3488 1968 3562 Fabiolam,

379 3559 470 3631 ep.
503 3562 603 3617 I98
636 3581 648 3615 :
696 3559 954 3630 Quwritur
970 3561 1055 3615 ubi
1084 3562 1147 3614 sit
1181 3559 1695 3631 auinne'priucipale.
1724 3559 1878 3631 Plato
1918 3561 1972 3614 iu

378 3630 580 3687 cerebro
605 3675 618 3694 ,
664 3632 893 3688 Christus
918 3641 1163 3687 monstrat
1183 3634 1236 3686 in
1260 3632 1450 3687 corde:
1477 3630 1625 3686 Beati
1651 3630 1841 3685 mundo
1861 3647 1973 3685 cor-

381 3704 477 3765 de,
508 3714 604 3767 etc,
629 3704 747 3760 Ilio.

455 3775 534 3847 (h)
559 3775 732 3830 Strato
768 3773 1037 3847 Physicus.
1070 3774 1210 3829 Istud
1236 3776 1396 3830 etiam
1423 3790 1485 3830 ex
1516 3773 1821 3847 Plutarcho.
1869 3771 1973 3826 Vo—

380 3844 536 3901 catur
568 3855 744 3902 autem
788 3844 967 3901 Strato
998 3845 1272 3917 Physicus,
1305 3856 1411 3900 tum
1468 3845 1533 3900 ad
1572 3844 1970 3917 distinctionem

383 3919 679 3988 superioris
698 3917 964 3973 Stratonis
990 3916 1181 3974 medici
1206 3960 1222 3986 ,
1250 3928 1357 3972 tum
1389 3917 1531 3988 quod
1560 3959 1575 3983 ,
1604 3916 1795 3988 Suidad
1814 3923 1970 3988 teste,

385 3986 747 4061 priccmteris
776 3999 978 4061 natura:
1025 3986 1460 4061 contemplationi
1509 3988 1721 4044 deditus
1772 3986 1970 4061 fuerit;

382 4056 472 4130 qui
504 4060 896 4129 lampsaceunm
927 4060 1072 4127 facit,
1104 4056 1457 4130 Theophrasti
1481 4061 1669 4121 tilium,
1694 4070 1748 4114 et
1777 4056 1974 4112 multos

386 4129 550 4184 libros
576 4131 855 4199 scripsisse
882 4132 1058 4185 tradit.
1097 4133 1229 4186 ΙἈιι.

459 4200 536 4271 (c)
570 4197 759 4256 Nec‘in
785 4211 888 4255 tota
910 4202 1067 4256 lorica
1096 4203 1331 4270 pectoris.
1381 4202 1570 4258 Gra‘ce
1623 4197 1975 4256 conformiter

387 4272 529 4345 apud
564 4272 1131 4345 Plutarchumlegitur,
1168 4279 1212 4328 ἓν
1238 4280 1416 4344 ὂλῳτῷ
1446 4272 1807 4345 ῡὼρικμΡΑιι.
1866 4310 1875 4315 -

458 4343 538 4414 (cl)
575 4343 1022 4398 lienuntiaverunt.
1052 4342 1382 4410 Renuntiare,
1418 4342 1515 4414 pro
1542 4343 1844 4408 attribuere,
1877 4360 1970 4399 ae-

385 4414 694 4487 ciperehic
722 4414 932 4487 videtur
960 4416 1182 4487 Auctor,
1232 4416 1420 4469 eadem
1474 4414 1864 4487 signiﬁcatione
1903 4414 1971 4471 de

385 4501 487 4558 qua
518 4485 650 4558 in[ra
676 4486 940 4541 latiustib.
962 4488 1024 4540 de
1044 4486 1197 4541 Corn.
1229 4486 1348 4539 (1hr.
1379 4485 1680 4558 c.AI."l‘An.

459 4556 537 4627 (ιε)
568 4556 870 4611 Divinarum
907 4558 1390 4612 commemoratoris.
1432 4556 1737 4627 Intelligere
1762 4559 1972 4615 videtur

387 4627 702 4683 Mercurium
724 4629 1150 4700 'I‘rismegistum,
1191 4630 1502 4683 Auebonem
1526 4641 1581 4686 et
1608 4632 1936 4686 Amaltouetn
1959 4672 1974 4696 ,

386 4715 519 4767 quos
552 4700 865 4770 plcrinnqne
888 4701 1056 4756 secuti
1087 4708 1212 4754 sunt
1261 4700 1526 4766 Plotinus,
1572 4700 1901 4757 .lamblichus
1928 4714 1982 4758 et

387 4769 504 4842 ipse
533 4773 700 4842 Plato.
734 4769 871 4826 Pint.

459 4841 526 4914 (Γ)
561 4841 630 4897 Ut
647 4852 693 4896 et
719 4844 806 4898 ille
837 4859 1007 4899 versus
1039 4841 1233 4910 Orphei
1257 4843 1334 4914 vel
1366 4841 1712 4914 Empedoclis.
1761 4843 1976 4902 Citatur

386 4913 575 4970 versus
595 4929 624 4969 a
652 4914 949 4986 Porpliyrio
977 4930 1041 4971 ex
1076 4913 1399 4984 Empedocle
1428 4930 1442 4970 :

575 5012 670 5067 Αἷμα
691 5019 759 5069 γὰρ
781 5020 980 5072 ἀνθρῶπθις
995 5016 1225 5073 πιριιᾶρδιόν
1242 5021 1322 5059 ἔστι

386 5087 693 5164 Chalcidius
723 5110 736 5148 :
770 5090 1106 5164 Empedocles
1152 5093 1354 5163 quidem
1403 5092 1744 5164 principalem
1797 5092 1983 5149 animus

386 5162 486 5215 vim
511 5164 771 5217 constituit
793 5165 847 5218 in
874 5162 1029 5220 corde
1054 5207 1068 5229 ,
1091 5165 1165 5219 sic
1193 5166 1365 5220 dicens
1398 5162 1411 5219 ξ

481 5251 730 5316 Sanguine
753 5254 916 5305 cordis
938 5256 1068 5305 enim
1089 5260 1258 5305 noster
1281 5255 1418 5318 viget
1442 5251 1736 5304 intellectus.
1762 5252 1869 5302 Bm.

462 5337 543 5407 (ε)
610 5335 940 5407 Protagoras.
995 5339 1104 5395 Etsi
1161 5340 1301 5405 apud
1351 5338 1623 5394 Laertium
1675 5339 1980 5407 reperiatur

390 5406 710 5477 Protagoras
738 5406 1088 5479 philosophus
1117 5409 1389 5466 abderiles
1413 5410 1627 5464 auditor
1657 5406 1979 5477 Democriti;

389 5479 513 5549 quia
544 5487 720 5551 tamen
750 5483 888 5551 inter
918 5481 1085 5536 libros
1112 5481 1229 5551 ejus
1263 5481 1331 5537 de
1382 5481 1558 5535 anima
1588 5480 1764 5535 nullus
1792 5494 1981 5536 recen-

389 5561 559 5616 setur,
586 5558 641 5605 et
661 5550 747 5605 hic
777 5550 986 5607 videtur
1011 5550 1202 5609 iterum
1227 5552 1463 5608 medicos
1482 5551 1618 5606 alios
1644 5551 1982 5607 cnmmittcre

391 5636 512 5675 cum
542 5621 876 5695 Asclepiade,
898 5638 1102 5695 censeo
1128 5624 1344 5695 quidem
1378 5625 1477 5694 legi
1500 5622 1698 5678 debere
1715 5620 1980 5694 Proxago-

393 5707 479 5767 ras
500 5691 639 5767 ;‘sed
666 5693 784 5767 sine
809 5694 930 5749 eod.
954 5694 1065 5750 IIIS.
1087 5691 1189 5767 ope
1213 5696 1262 5750 id
1291 5699 1340 5750 iu
1373 5691 1627 5767 contextu
1657 5704 1865 5767 mutare
1886 5691 1984 5747 no-

395 5761 485 5816 lui.
516 5760 672 5836 certe
700 5764 1031 5836 Proxagoras
1079 5760 1317 5823 medicus
1368 5781 1397 5819 a
1448 5765 1625 5820 Plinio
1677 5764 1982 5822 celebratur

396 5836 553 5888 tertio
580 5835 697 5892 loco
723 5836 851 5894 dicti
877 5837 971 5893 lib.
992 5836 1186 5908 XXVI,
1217 5853 1266 5895 c.
1292 5836 1350 5906 2,
1383 5848 1486 5895 etc.
1521 5835 1656 5893 Pw.

2146 3206 2228 3275 (h)
2264 3203 2433 3258 Etiam
2463 3201 3121 3275 Apollodorus.77Similiter
3145 3211 3200 3275 et
3221 3201 3331 3267 hic,
3362 3202 3609 3273 quamvis
3644 3219 3679 3260 ο

2076 3273 2292 3332 Laertia
2313 3273 2655 3331 recensentur
2712 3273 3069 3343 Apollodorus
3092 3273 3445 3338 atheniensis.
3486 3276 3681 3345 epicu-

2080 3362 2203 3404 rcus
2247 3346 2639 3418 philosophus,
2669 3356 2797 3418 puto
2851 3355 3031 3418 tamen
3056 3345 3234 3416 potius
3280 3345 3423 3418 loqui
3474 3346 3682 3402 Aucto-

2080 3433 2192 3472 rem
2219 3415 2286 3472 de
2332 3416 2882 3487 Apollodoroaltero
2927 3415 3140 3471 illorum
3189 3416 3519 3473 medicorum
3550 3460 3566 3484 ,
3611 3419 3685 3475 de

2077 3491 2274 3561 quibus
2300 3488 2567 3561 Pliniusl.
2600 3486 2795 3561 XX,_e.
2825 3488 2880 3542 4.
2913 3487 3049 3542 Pu.
3084 3557 3096 3561 _
3188 3558 3216 3561 Α
3357 3559 3367 3561 ᾉ
3660 3550 3667 3556 ,

2153 3559 2215 3633 (i)
2244 3561 2307 3613 Et
2333 3560 2669 3633 Chrysippus.
2698 3559 2794 3614 Hie
2821 3573 3035 3630 quoque
3064 3557 3133 3615 de
3178 3558 3481 3633 Chrysippo
3507 3561 3682 3633 medi-

2080 3648 2147 3688 co
2166 3630 2351 3703 potius
2379 3630 2526 3701 loqui
2562 3645 2762 3703 censeo
2799 3632 3114 3703 Auctorem,
3146 3630 3306 3703 quam
3336 3630 3682 3703 de’philoso-

2080 3700 2187 3775 pho
2218 3743 2232 3769 ,
2263 3700 2593 3775 cujussupra
2621 3700 2758 3757 facta
2784 3709 2871 3756 est
2891 3702 3095 3775 mentio
3123 3700 3179 3756 ei
3205 3701 3239 3758 5
3264 3716 3281 3770 ;
3305 3700 3451 3757 nam'
3480 3704 3685 3760 citatur

2081 3772 2125 3829 is
2155 3775 2267 3842 ipse
2295 3789 2324 3827 a
2351 3773 2524 3844 Plinio
2546 3773 2871 3844 frequenter.
2897 3772 3036 3844 Pan.

2148 3841 2301 3900 CAP.
2337 3843 2477 3900 XVI.
2508 3874 2580 3884 ——
2608 3841 2670 3914 (i)
2703 3843 2854 3910 Quod
2888 3842 3043 3915 Plator
3082 3841 3343 3915 bifariam,
3374 3853 3481 3900 etc.
3508 3845 3682 3902 Simi-

2080 3917 2201 3972 liter
2220 3932 2379 3984 supra
2407 3915 2541 3970 dixit
2582 3913 2703 3985 cap.
2759 3915 2827 3985 14
2854 3931 2868 3967 :
2896 3913 3152 3969 Dividitur
3179 3926 3347 3969 autem
3384 3916 3439 3970 iu
3482 3928 3679 3984 partes,

2080 4004 2213 4041 nunc
2232 3983 2443 4041 induas
2462 4004 2493 4040 τι
2523 3983 2759 4040 Platone.
2788 3983 2958 4041 liabet
2983 3995 3163 4041 autem
3184 3986 3325 4041 istud
3373 3983 3525 4042 Plato
3545 3983 3679 4045 dial.

2080 4062 2115 4113 4
2166 4060 2228 4113 de
2259 4058 2433 4126 [tepub
2466 4074 2485 4112 :
2512 4075 2617 4113 nou
2653 4059 2830 4127 itaque
2876 4056 3107 4113 absurde
3133 4099 3147 4122 ,
3177 4058 3375 4128 inquit.
3434 4057 3683 4126 duplices

2080 4129 2176 4184 has
2206 4141 2385 4200 partes
2407 4172 2420 4191 .
2451 4138 2507 4185 et
2536 4132 2675 4191 inter
2714 4143 2774 4183 se
2799 4128 3043 4183 diversas
3069 4142 3190 4183 esse
3214 4170 3229 4193 ,
3264 4130 3332 4183 ita
3369 4138 3425 4183 ut
3451 4128 3683 4187 alteram

2078 4217 2182 4272 qua
2220 4201 2565 4255 ratiocinator
2607 4200 2833 4273 [utpote
2862 4215 2982 4273 qua:
3005 4202 3076 4254 sit
3104 4200 3368 4254 ratiocinii
3409 4201 3706 4273 guberna-.

2079 4273 2178 4327 trix
2212 4282 2462 4342 tanquam
2487 4271 2712 4342 benigna
2737 4279 2791 4325 et
2814 4271 3318 4342 _studiosa_mater,
3375 4272 3512 4325 viam
3550 4273 3728 4331 vita.

2078 4355 2280 4398 rectam
2325 4339 2775 4400 'conimons‘trans
2813 4339 2836 4414 ]
2879 4340 3194 4396 rationalem
3237 4341 3431 4414 animm
3468 4351 3682 4414 partem

2075 4414 2447 4485 appellemus:
2491 4414 2715 4468 alteram
2755 4429 2857 4483 qua
2881 4421 3060 4485 amat,
3091 4421 3145 4466 et
3167 4413 3376 4477 esurit,
3429 4423 3490 4485 et
3526 4413 3676 4485 sitit,

2075 4480 2129 4540 et
2152 4480 2312 4540 'cirea
2340 4485 2470 4539 alias
2490 4480 2809 4554 cupiditates
2838 4484 2982 4540 velut
3006 4492 3347 4539 consternata
3395 4480 3636 4538 adiicitur
3656 4525 3674 4553 ,

2086 4556 2475 4612 irrationalem.
2506 4557 2642 4612 ΡΑιι.

2160 4624 2239 4700 (It)
2277 4628 2356 4682 Ad
2380 4631 2540 4682 instar
2555 4630 2668 4700 jam
2698 4625 3060 4700 naturaiitatis.
3111 4625 3212 4682 Per
3258 4623 3682 4700 uaturmivitittm
3743 4673 3752 4679 .

2086 4708 2140 4753 ct
2169 4695 2591 4754 deformitatem.
2616 4698 2762 4753 Facit
2784 4698 2869 4753 hic
2885 4697 3032 4753 locus
3053 4711 3150 4767 pro
3176 4695 3678 4768 peccatoorigiuali.

2085 4770 2346 4827 Consulto
2369 4770 2506 4825 dixit
2535 4772 2734 4825 Auctor
2749 4768 2816 4822 ad
2841 4769 3003 4824 instar
3029 4768 3397 4833 naturalitatis,
3426 4770 3553 4839 quia
3578 4782 3683 4825 nec
3726 4800 3729 4801 ν

2087 4843 2308 4908 vitium,
2337 4857 2435 4897 nee
2460 4853 2732 4911 peccatum
2762 4840 2981 4910 originis
3020 4848 3104 4896 est
3146 4840 3260 4909 ipsa
3287 4849 3496 4911 natura
3521 4866 3563 4906 ,~
3587 4850 3686 4894 aut

2084 4914 2405 4994 substantia,
2438 4909 2527 4968 aut
2548 4911 2719 4968 forma
2750 4909 2952 4994 nostra,
2982 4921 3037 4966 ut
3061 4909 3547 4994 put_avit‘l.llyr‘ie_us,
3578 4912 3681 4967 sed

2084 4986 2280 5041 accidit
2304 4995 2545 5041 naturai:
2579 5000 2702 5039 nam
2733 4992 2790 5037 ιιι
2838 4979 3681 5052 optimcinsinuatTertulliauus,

2084 5057 2131 5111 si
2183 5065 2461 5127 peceatum
2520 5065 2664 5127 esset
2725 5054 3018 5127 substantia
3071 5062 3164 5108 aut
3211 5061 3397 5127 natura
3450 5062 3633 5108 nostra
3661 5094 3681 5119 ,

2084 5123 2206 5181 cum
2251 5127 2426 5183 omnis
2477 5125 2771 5181 substantia
2796 5139 2825 5178 a
2857 5123 2969 5179 Deo
3007 5133 3186 5179 creata
3208 5124 3318 5187 sit,
3366 5130 3688 5192 sequeretur

2085 5206 2365 5269 peccatum
2408 5213 2436 5252 a
2460 5198 2599 5269 (solo
2632 5198 2744 5253 Deo
2772 5198 3012 5251 creatum
3032 5208 3155 5250 esse
3175 5235 3190 5263 ,
3212 5202 3267 5250 et
3293 5192 3518 5249 inditum
3550 5194 3687 5251 Adae

2084 5268 2140 5323 et
2174 5269 2421 5333 posteris.
2453 5268 2584 5325 Lac.
2914 5269 2919 5273 ⁴
3752 5326 3759 5333 ,

2187 5335 2225 5396 ti
2265 5339 2561 5396 Primordio
2601 5336 3429 5394 accidit.Notanteillustrissitno
3444 5335 3675 5395 Bossue-

2087 5419 2140 5467 to
2166 5406 2360 5477 ('I‘omo
2389 5412 2452 5477 II,
2476 5409 2703 5468 Dét‘ensc
2753 5410 2823 5466 de.
2877 5411 2922 5463 la
2962 5407 3237 5464 Tradition
3287 5417 3341 5462 et
3365 5406 3462 5462 des
3502 5406 3687 5465 Saints

2086 5478 2273 5548 Peres,
2322 5482 2452 5538 livre
2506 5481 2641 5547 VIII,
2666 5481 2823 5552 chap.
2851 5479 3046 5546 XXIX,
3088 5494 3211 5550 pag.
3240 5478 3391 5552 I48),
3422 5479 3489 5552 i_n_
3518 5492 3686 5552 voca;

2085 5553 2217 5609 bulo
2247 5553 2563 5609 Tertulliani
2592 5564 2645 5610 τὸ
2673 5548 3011 5621 primordium
3042 5548 3148 5623 non
3168 5548 3355 5623 solum
3375 5548 3584 5623 initium
3613 5549 3687 5607 ab

2085 5624 2275 5680 ordine
2316 5635 2637 5695 temporum,
2666 5619 2760 5679 Sed
2788 5623 2996 5677 initium
3039 5619 3277 5695 etia'm_a
3327 5619 3593 5695 principio
3627 5630 3687 5678 et

2084 5688 2742 5773 origineintelligendum
2801 5703 2927 5760 est;
2959 5703 3012 5748 et
3072 5706 3171 5763 per
3218 5688 3343 5773 hoc
3369 5688 3687 5773 intelligitur

2086 5765 2275 5837 ingens
2301 5767 2389 5823 illa
2411 5810 2425 5834 ,
2455 5765 2575 5839 (pne
2607 5770 2658 5821 in
2683 5780 2910 5837 corpore
2939 5773 3124 5839 nostro
3168 5773 3221 5818 et
3250 5765 3305 5839 in
3346 5765 3527 5839 anima
3553 5774 3685 5817 nos-

2085 5831 2171 5893 tra
2185 5838 2252 5894 ab
2278 5831 2430 5895 initio
2459 5831 2511 5895 et
2534 5840 2585 5894 in
2614 5831 2820 5908 origine
2845 5835 3056 5909 generis
3073 5832 3291 5890 humani
3319 5831 3534 5901 accidit,
3558 5846 3686 5890 mu-
