4062 6288
405 307 516 367 673

1731 305 1938 365 LIBER
1984 306 2071 365 DE
2110 306 2348 365 ANIMA.

3607 312 3712 368 674·

404 426 561 485 Plato
588 425 766 503 solum
794 420 1056 489 rationale
1080 420 1244 488 dicat,
1274 420 1404 477 utin
1430 421 1605 476 anima
1631 421 1723 479 Dei
1744 425 1929 495 ipsius,
1961 427 2005 483 si
2036 426 2084 487 A
2114 422 2207 478 sed
2252 436 2316 477 ex
2351 420 2440 477 illa
2483 434 2642 493 quam
2672 421 2918 479 diabolus
2957 422 3182 490 induxit,
3215 424 3464 481 dominus
3498 436 3565 508 ᾔει
3596 428 3708 496 ipse

406 533 507 575 nos
530 519 698 574 etiam
730 516 1039 572 irrationale
1066 525 1273 569 natura:
1324 512 1682 571 adscribimus
1730 515 1809 589 (ι)
1839 534 2001 589 quam

403 628 436 668 a
478 613 588 669 Deo
612 612 791 666 anima
819 618 1001 665 nostra
1035 610 1221 664 sortita
1261 618 1345 663 est
1368 649 1384 675 ,
1416 623 1571 679 mque
1599 610 1909 668 irrationale
1935 611 2004 667 de

405 706 521 762 Deo
544 706 650 761 erit
678 746 693 770 ,
722 713 908 775 utpote
938 703 1204 767 naturale,
1233 702 1356 772 quia
1388 711 1595 758 natura:
1650 703 1789 759 Deus
1815 715 2004 760 auctor

405 807 508 856 est.
536 796 646 853 Sed
687 796 830 863 enim
855 810 885 849 a
920 794 1135 851 diabolo
1165 793 1429 849 immissio
1445 794 1624 850 delicti
1652 811 1666 862 ;
1698 797 2006 854 irrationale

404 900 586 949 autem
606 904 768 945 omne
792 876 1088 945 delictum:
1123 887 1286 959 igitur
1329 904 1361 942 a
1409 888 1623 945 diabolo
1671 889 2001 958 irrationale,

404 1000 436 1040 a
463 999 572 1055 qno
590 993 646 1038 et
667 981 923 1038 delictum
953 997 970 1045 ;
1001 990 1322 1036 extraneum
1351 986 1387 1033 a‘
1419 981 1546 1046 Deo,
1577 996 1606 1034 a
1636 997 1741 1052 quo
1763 992 1843 1038 est
1872 984 2004 1038 irra-

407 1076 609 1134 tionale
631 1074 888 1130 alienum.
921 1074 1153 1129 Proinde
1177 1073 1462 1130 diversitas
1491 1074 1683 1131 horum
1702 1092 1765 1132 ex
1794 1078 2003 1133 distan-

407 1169 480 1223 tia
503 1176 805 1223 auctorum.
832 1165 1084 1231 Proinde,
1113 1180 1234 1222 cum
1258 1165 1430 1234 Plato,
1454 1167 1554 1222 soli
1584 1167 1690 1223 Deo
1713 1182 2005 1241 segregans

402 1261 687 1327 rationale,
730 1260 838 1315 duo
855 1274 1051 1331 genera
1078 1259 1445 1315 snbdividitex
1464 1261 1736 1326 rationali,
1760 1262 2006 1334 indigna-

403 1355 570 1411 tirum
594 1351 735 1424 quod
752 1352 1027 1423 appellant
1052 1354 1273 1419 ουμικόν,
1297 1353 1828 1422 concupiscentivum
1859 1355 2002 1426 quod

404 1454 597 1501 vocant
621 1453 981 1515 δπιθυμητικόν,
1015 1452 1073 1499 υι
1101 1444 1230 1499 illud
1261 1445 1477 1515 quidem
1506 1461 1793 1503 eotnmuue
1822 1449 1887 1502 sit
1911 1465 2005 1503 no-

404 1540 489 1597 bis
513 1550 568 1597 et
594 1540 864 1606 leonibus,
916 1538 1056 1593 istud
1108 1552 1237 1594 vero
1281 1554 1402 1593 cum
1446 1541 1647 1594 muscis
1681 1581 1694 1605 ,
1741 1542 2005 1598 rationale

402 1649 568 1707 perm
590 1649 715 1690 cum
744 1633 885 1698 Deo;
916 1631 1072 1686 video
1104 1640 1160 1687 et
1196 1630 1386 1687 delrec
1407 1631 1675 1687 milliessc
1710 1643 2005 1689 retractan-

401 1728 555 1793 dum,
571 1733 790 1797 propter
814 1739 876 1779 ea
895 1738 1013 1793 quae
1030 1723 1081 1777 in
1111 1722 1329 1802 Christo
1345 1721 1841 1793 deprehenduntur.
1865 1723 2007 1780 Ecce

2108 513 2283 569 dictus
2307 511 2544 586 (Matth.,
2573 514 2659 579 VI,
2688 514 2779 585 ει)
2812 515 2893 570 sui
2916 515 3154 572 ordinis:
3187 515 3311 571 Non
3340 510 3549 589 potestis
3574 519 3707 574 duo-

2110 608 2200 664 bus
2215 609 2432 664 dominis
2452 610 2657 674 servire;
2680 620 2830 680 pater
2849 620 2902 665 et
2928 611 3041 681 ipse
3066 611 3473 683 cognominatus
3495 612 3669 684 (Joau.
3682 656 3696 680 ,

2108 700 2245 767 VIII,
2274 701 2411 771 .44):
2452 699 2554 756 Vos
2577 718 2640 756 ex
2660 698 2865 756 diabolo
2891 711 3033 772 patre
3059 704 3180 758 estis
3203 719 3216 755 :
3248 719 3315 758 ne
3341 708 3528 759 timeas
3551 714 3607 760 et
3631 704 3705 760 ilii

2110 797 2490 865 proprietatem
2520 803 2722 850 natura:
2763 796 2986 850 alterius
3030 793 3356 862 adscribere,
3392 799 3705 867 posterioris

2109 897 2156 941 cI
2190 887 2469 955 adulterze,
2502 903 2661 958 quem
2695 887 2829 957 legis
2855 886 3089 960 (Matth,
3125 885 3263 960 XIII)
3291 904 3577 945 avermrnm
3614 906 3705 946 su-

2109 978 2612 1049 persemiuatnrcm,
2655 987 2710 1034 et
2754 977 3118 1036 frumentariae
3148 980 3344 1051 segetis
3388 992 3703 1039 nocturnum

2109 1071 2565 1142 interpo’atorem.

2696 1161 2922 1220 C-ll’UT
2970 1163 3153 1219 XVII.

2181 1256 2454 1328 Contingit
2519 1271 2618 1313 nos
2672 1258 2886 1312 illortun
2940 1259 3100 1313 etiam
3152 1260 3388 1332 quinque
3451 1277 3705 1318 sensuum

2110 1356 2359 1418 quaestio,
2391 1364 2525 1421 quos
2559 1352 2608 1406 in
2642 1349 2825 1421 primis
2858 1351 3026 1408 literis
3057 1351 3334 1421 discimus,
3368 1356 3617 1425 quoniam
3655 1367 3711 1413 et

2112 1439 2242 1496 hinc
2270 1442 2468 1512 aliquid
2503 1441 2772 1498 lnrreticis
2818 1453 3154 1512 procuratur.
3188 1443 3348 1501 Visus
3390 1455 3493 1514 est,
3525 1457 3574 1502 el
3610 1464 3707 1501 au.-

2110 1533 2272 1598 d'uus,
2305 1542 2360 1588 et
2387 1533 2663 1601 odoratus,
2692 1544 2745 1588 et
2773 1544 2981 1605 gustus,
3009 1544 3064 1590 et
3092 1544 3283 1591 tactus.
3318 1537 3520 1593 llorum
3550 1539 3709 1594 fidem

2112 1626 2419 1682 Academici
2449 1627 2634 1683 durius
2678 1628 2965 1690 dau'inant;
3005 1628 3311 1685 secundum
3345 1631 3623 1702 quosdam,
3659 1639 3714 1688 ct

2111 1717 2433 1786 Heraclitus,
2465 1728 2519 1775 et
2553 1719 2781 1788 Diocles,
2813 1728 2867 1774 et
2900 1720 3282 1792 Empedocles;
3315 1731 3461 1779 certe
3487 1722 3638 1777 Plato
3660 1725 3712 1779 in

401 1819 548 1875 enim
566 1817 642 1889 (α)
670 1825 778 1872 tota
799 1815 1142 1872 lucetrinitas
1162 1815 1282 1870 etin
1304 1814 1558 1869 domino:
1607 1816 1868 1873 rationale
1900 1832 2006 1886 quo
2036 1822 2085 1882 Β
2114 1810 2329 1875 Τὶυιανυ.
2379 1812 2743 1868 irrationalem
2787 1814 3139 1883 pronuntians
3164 1813 3244 1886 (l)
3293 1815 3711 1883 sensualitatem,

409 1911 587 1977 docet,
608 1924 716 1981 quo
736 1907 816 1981 (2)
837 1907 1076 1971 disserit,
1103 1922 1207 1978 quo
1219 1907 1409 1962 salutis
1425 1909 1539 1961 vias
1565 1910 1794 1975 sternit;
1829 1909 2007 1982 indig.

403 2005 665 2072 nativum,
685 2018 791 2074 quo
806 2002 1080 2058 invehitur
1098 2002 1149 2056 in
1163 2000 1381 2057 Scr-ibas
1394 2010 1448 2057 et
1475 2000 1799 2068 Pltarismos;
1814 2012 1864 2059 et
1886 2018 2011 2059 con-

403 2094 855 2168 ciipisccutivnm,
884 2109 989 2165 quo
1018 2093 1213 2165 pascha
1242 2109 1364 2150 cum
1402 2091 1678 2164 discipulis
1707 2094 1819 2150 suis
1847 2095 2009 2152 edere

403 2190 752 2262 concupiscit.
775 2189 940 2261 Igitur
961 2188 1098 2260 apud
1126 2202 1225 2243 nos
1248 2202 1352 2243 non
1376 2204 1592 2259 semper
1614 2205 1679 2244 ex
1706 2181 2009 2245 irra’tionali

403 2283 676 2340 censenda
728 2291 855 2337 sunt
910 2279 1298 2350 indignativum
1342 2289 1395 2336 et
1438 2281 2006 2350 concupiscentivum,

405 2390 528 2446 qua:
570 2371 705 2429 certi
734 2385 920 2427 sumus
949 2371 999 2426 in
1054 2371 1335 2425 Dominum
1370 2372 1450 2442 (5)
1481 2373 1816 2428 rationaliter
1845 2371 2009 2428 decu-

405 2465 663 2521 currisse.
706 2461 783 2535 (ὁ)
828 2460 1193 2533 [indignabitur
1240 2462 1379 2517 Dens
1420 2463 1772 2530 rationaliter,
1820 2464 2013 2535 quibus

406 2558 617 2615 scilicet
653 2556 831 2622 debet,
867 2565 921 2613 et
949 2555 1297 2627 concupiscet.
1338 2556 1478 2613 Deus
1520 2558 1851 2615 rationaliter
1894 2575 2014 2629 quae

406 2650 567 2722 digna
596 2658 726 2706 sunt
756 2648 893 2720 ipso.
923 2647 1054 2704 Nam
1089 2658 1147 2705 et
1170 2649 1315 2704 male
1355 2648 1732 2720 indignabitur,
1783 2660 1836 2707 et
1875 2651 2015 2707 bono

409 2744 755 2813 concupiscet
785 2741 1040 2797 salutem.
1073 2741 1176 2797 Dat
1216 2747 1272 2796 et
1306 2741 1596 2811 Apostolus
1638 2742 1793 2797 nobis
1819 2758 2017 2799 coacu-

411 2837 729 2909 piscentiam
787 2836 831 2906 (Ι
860 2835 1022 2902 Tim.,
1051 2835 1137 2902 Ill,
1172 2834 1262 2907 l):
1298 2835 1362 2891 Si
1388 2836 1501 2907 quis
1525 2836 1871 2907 episcopatum
1896 2854 2016 2892 can-

411 2934 649 3001 cupiscit,
675 2934 1011 3003 bouumopus
1025 2931 1369 3004 concupiscit;
1390 2941 1443 2987 ct
1460 2930 1643 2985 bonum
1671 2932 2015 3002 apusdicens,

413 3025 732 3082 rationalem
763 3023 1250 3094 concupiscentiam
1280 3021 1535 3079 ostendit.
1570 3020 1830 3081 Concetlit
1855 3031 1910 3078 ιιι
1935 3025 2017 3079 iit-

413 3117 779 3189 dignationcpt
802 3133 818 3181 ;
845 3115 1052 3188 quidni,
1082 3130 1244 3186 quam
1273 3125 1326 3170 et
1355 3116 1471 3184 ipse
1498 3115 1770 3183 suscepit?
1798 3114 1875 3187 (ο)
1907 3114 2017 3170 Uti-

2114 1915 2168 1962 ει
2195 1907 2432 1977 Opinioni
2459 1906 2860 1976 coimplicitam.
2891 1907 3072 1977 Itaque
3100 1907 3437 1962 mendacium
3467 1909 3600 1963 visui
3629 1909 3716 1965 ob-

2108 1999 2320 2069 jicitur,
2369 2000 2509 2069 quod
2555 2014 2735 2055 remos
2776 2000 2828 2054 in
2869 2015 3005 2069 aqua
3058 1998 3286 2056 inllexos
3332 2000 3416 2056 νει
3460 1999 3716 2057 infractos

2114 2091 2398 2147 adseverant
2442 2092 2703 2148 adversus
2743 2091 3129 2148 conscientiam
3180 2094 3531 2165 integritatis,
3575 2097 3717 2166 quod

2116 2192 2318 2238 turrem
2339 2181 2815 2254 quadrangulatam
2861 2182 2930 2240 de
2960 2184 3252 2256 longinquo
3283 2187 3565 2243 rotundam
3597 2205 3718 2258 pcr-

2116 2273 2359 2341 suadeat,
2405 2273 2546 2344 quod
2591 2274 3010 2345 mqualissimam
3059 2277 3320 2344 porticum
3350 2279 3716 2348 angustiorem

2117 2364 2169 2420 in
2201 2366 2388 2437 ultimo
2418 2366 2656 2432 infamet,
2690 2366 2833 2438 quod
2860 2367 3055 2423 ctelum
3085 2377 3227 2422 unita
3249 2370 3574 2442 sublimitate
3603 2388 3722 2428 sus-

2120 2473 2343 2529 pensum
2387 2461 2519 2513 mari
2542 2458 2752 2531 jungat.
2795 2460 3026 2516 Perinde
3055 2460 3268 2518 auditus
3304 2463 3527 2522 fallacia:
3556 2484 3716 2525 reus:

2118 2540 2183 2608 ιιι¹
2207 2568 2328 2609 cum
2359 2553 2585 2609 caaleste
2614 2570 2859 2609 murmur
2892 2564 3161 2624 putamus,
3194 2566 3245 2612 el
3276 2557 3570 2629 plaustrum
3601 2571 3717 2628 est;

2120 2646 2202 2702 vel
2227 2647 2427 2702 tonitru
2449 2646 2764 2714 meditante,
2789 2663 2885 2718 pro
2906 2659 3055 2704 certo
3078 2648 3148 2706 de
3177 2651 3418 2720 plaustro
3445 2655 3724 2713 credimus

2120 2740 2375 2794 sonitum.
2426 2738 2514 2794 Sic
2549 2746 2607 2794 ct
2650 2738 2905 2795 odoratus
2950 2748 3007 2795 et
3050 2750 3240 2811 gustus
3284 2754 3611 2816 arguuntur;
3650 2744 3724 2809 si-

2121 2831 2337 2901 quidem
2366 2832 2555 2887 cadem
2600 2840 2889 2903 unguenta,
2918 2831 3216 2904 eademque
3242 2836 3383 2904 rina,
3424 2839 3723 2907 posteribrc

2121 2938 2334 2993 queque
2362 2937 2460 2977 usu
2483 2923 2872 2993 depretiantur.
2903 2923 2993 2978 Sic
3012 2933 3066 2978 et
3095 2935 3265 2980 lactus
3288 2928 3720 2997 rcprehemlitur;

2122 3016 2385 3086 siquidem
2403 3015 2589 3072 eadem
2611 3018 2910 3087 pavimenta
2929 3016 3176 3073 manibus
3190 3019 3483 3089 aSperiora,
3499 3022 3725 3093 pedibus

2126 3109 2340 3164 laeviora
2379 3108 2705 3174 creduntur;
2737 3118 2790 3163 et
2820 3108 2870 3163 iu
2899 3107 3153 3175 lavacris,
3183 3110 3321 3165 idem
3351 3114 3537 3169 calidae
3576 3115 3727 3172 lacus

414 3226 537 3266 nam
584 3220 628 3265 et
672 3208 1037 3281 praecidantur,
1079 3207 1252 3279 inquit
1299 3204 1482 3276 (Gal.,
1530 3204 1592 3274 V,
1626 3204 1754 3277 Iit),
1800 3208 1888 3277 qui
1935 3223 2019 3263 vos
2045 3213 2090 3275 ρ
2124 3200 2549 3256 ferventissimus
2573 3200 2769 3271 primo,
2799 3199 2997 3256 dehinc
3025 3202 3503 3272 temperatissimus
3528 3221 3721 3261 renun-

412 3300 750 3358 subvcrtunt!
786 3298 1079 3355 Rationalis
1118 3308 1173 3354 ct
1207 3296 1520 3367 indignatio,
1564 3310 1684 3366 qua:
1713 3312 1781 3353 ex
1826 3296 2019 3353 affectu

340 3468 343 3473 Α
413 3394 711 3466 disciplina:
755 3403 860 3450 est.
895 3393 964 3447 At
1001 3405 1124 3447 cum
1153 3389 1283 3445 dicit
1326 3388 1516 3461 (Epic,
1567 3387 1630 3455 II,
1668 3390 1766 3456 5):
1800 3387 2019 3446 Fuimus

413 3486 693 3559 aliquando
740 3494 924 3539 natura
964 3483 1060 3554 ﬁlii
1106 3482 1217 3549 inc,
1271 3480 1580 3537 irrationale
1630 3480 2016 3552 indignativum

413 3579 687 3656 suggillat,
718 3578 860 3652 quod
902 3593 1008 3634 non
1037 3576 1106 3633 sit
1138 3591 1207 3633 es
1233 3591 1295 3633 ea
1325 3585 1511 3632 natura
1554 3592 1674 3648 qua:
1700 3591 1730 3631 a
1766 3576 1875 3632 Deo
1906 3587 2012 3645 est,

2125 3292 2305 3348 tiatur.
2340 3292 2508 3358 Adeo,
2544 3293 2810 3362 inquiunt,
2842 3292 2921 3346 sic
2946 3308 3160 3363 quoque
3186 3293 3423 3350 fallimur
3452 3300 3724 3369 sensibus,

2122 3384 2249 3441 dum
2281 3385 2574 3441 sententias
2599 3385 2876 3440 vertimus.
2922 3384 3002 3455 (cl)
3037 3385 3399 3443 Moderantius
3426 3388 3590 3444 Stoici
3620 3407 3727 3448 non

2121 3494 2338 3536 omnem
2381 3493 2621 3545 sensum,
2652 3493 2751 3534 nec
2793 3493 3028 3549 semper,
3063 3478 3133 3536 de
3163 3479 3442 3536 mendacio
3473 3494 3726 3542 onerant.

2124 3570 2368 3644 Epicurei
2420 3570 2752 3628 constantius
2813 3585 2994 3642 parem
3038 3566 3290 3631 omnibus
3326 3583 3486 3646 atque
3533 3591 3743 3647 perpe-

1714 3688 2099 3749 LECTIONES
2139 3685 2549 3745 VARIANTES.

511 3790 557 3841 ll
580 3786 998 3841 Adscrioserimus
1020 3787 1164 3835 Pam.
1183 3779 1335 3835 Rhea.
1355 3781 1509 3833 Semt.

511 3793 527 3841 l
580 3789 749 3839 Adscri
787 3789 998 3836 serimus
1020 3789 1063 3835 Ρ

483 3789 559 3918 ξεξ
579 3851 698 3913 Qua:
720 3801 872 3901 ligati.
895 3850 1063 3900 Punt.~

2180 3776 2254 3843 (5)
2279 3777 2484 3843 Domino
2502 3778 2646 3843 Pam.
2674 3754 2827 3843 ι’νωέ,

2182 3838 2255 3907 (4)
2284 3840 2577 3890 Ρτοιιιιιιιίειι
2601 3848 2737 3890 Pam.
2766 3838 2913 3890 allen.

1774 3923 2337 3983 COMMENTARIUS.

419 4055 557 4114 tatio
576 4069 743 4126 quam
755 4052 839 4126 Δ8.
870 4048 1200 4126 Augustinus
1229 4046 1414 4126 contra
1468 4045 1788 4126 Pelagianos
1831 4044 2024 4126 dere“.

420 4146 544 4184 sum
570 4116 699 4182 ibat.
725 4122 912 4196 Neque
941 4116 1130 4177 melius
1159 4117 1413 4187 explicari
1443 4116 1617 4196 potest
1632 4117 1765 4196 illud
1783 4143 1832 4174 το
1852 4116 1908 4196 in
1925 4134 2024 4196 quo

422 4196 688 4269 Epistolas
738 4189 1131 4269 ad'lioniancs
1160 4231 1176 4256 ,
1237 4204 1409 4269 neque
1460 4189 1712 4243 disertius
1762 4189 2021 4269 caprili-ii,

421 4259 570 4341 quod
585 4281 774 4323 omnes
800 4267 851 4321 in
877 4265 1088 4341 Adamn
1112 4260 1545 4341 peccaverimus,
1577 4274 1736 4340 quam
1768 4259 2021 4341 dicendo,

422 4329 571 4413 quod
598 4346 871 4409 peccatum
902 4336 1091 4413 Adami
1116 4329 1207 4413 Lin.
1252 4340 1491 4413 nostram
1517 4329 1807 4413 transierit
1871 4342 2025 4389 natu-

424 4399 575 4474 ram;
598 4399 765 4477 atque
789 4405 1086 4463 naturalem
1121 4402 1278 4477 hujus
1307 4399 1548 4477 principii
1599 4401 1874 4477 sequelam
1931 4416 2025 4471 ag-

2129 4054 2371 4100 uatnram
2406 4040 2782 4097 transmissum
2815 4055 2829 4093 ‘.
2858 4054 2925 4096 en
2957 4040 3405 4114 propagationcm
3455 4043 3599 4098 illius
3640 4061 3737 4114 per

2128 4114 2618 4184 concupiscentiam
2667 4113 2843 4184 carnis
2893 4129 2904 4164 :
2958 4128 3025 4184 en
3084 4112 3457 4169 remissionem
3489 4112 3651 4171 illius
3681 4120 3735 4173 iu

2130 4182 2439 4256 Baptismo!
2474 4182 2613 4251 Quid
2646 4183 2882 4256 ulterius
2900 4183 3113 4256 adjungi
3140 4194 3319 4254 potest
3345 4186 3370 4238 Ἰ
3398 4185 3568 4242 Luae.

2205 4252 2280 4340 (τι)
2315 4255 2443 4310 Tota
2470 4261 2577 4308 lucc
2601 4252 3072 4340 trinitas.__Scilicct
3120 4252 3490 4340 ratiocinantis
3518 4299 3530 4323 ,
3593 4260 3732 4340 iras-

2128 4326 2301 4384 centis
2351 4340 2408 4383 ει
2462 4326 2895 4396 concupiscentis
2938 4327 3136 4380 aniunc
3197 4327 3388 4396 triplex
3438 4346 3635 4384 ninnus
3682 4333 3736 4387 in

2130 4399 2425 4469 Evangelia
2454 4398 2719 4451 indicatur
2750 4395 3093 4469 :Rationalis
3123 4406 3177 4452 et
3231 4395 3496 4469 decentis,
3543 4400 3733 4454 ΜιιΗΙι.

424 4466 604 4539 noscit
658 4466 1020 4536 'I‘crtulliauus
1055 4516 1070 4540 ,
1149 4466 1237 4553 ubi
1307 4466 1515 4553 fatetur
1597 4466 1737 4541 quod
1797 4466 2024 4553 infantes
2050 4494 2102 4553 Β
2134 4466 2303 4553 γιιρῑ
2331 4469 2455 4549 th;
2494 4468 2816 4550 indignantis
2842 4482 2936 4549 seu
2961 4466 3279 4553 irascentis,
3306 4468 3685 4553 ﬁlattli;_x.\illl
3718 4489 3734 4537 ;

428 4557 595 4608 etiam
623 4551 860 4606 ﬁdelium
895 4554 1180 4603 nascantur
1208 4542 1402 4613 impuri
1432 4559 1446 4607 ;
1481 4552 1804 4613 quapropter
1835 4541 2021 4613 Cirris-

431 4635 518 4681 ttts
541 4624 702 4678 dixit:
735 4619 980 4695 Nisiquis
996 4612 1298 4695 renascatur
1315 4629 1380 4669 ea:
1406 4612 1538 4695 aqua
1561 4624 1607 4667 ct
1634 4613 1832 4695 Spiritu
1857 4612 2023 4668 Sanc-

429 4698 519 4763 to,”
547 4711 648 4749 non
675 4703 835 4765 potest
856 4685 1134 4765 introirein
1157 4702 1372 4765 regnum
1392 4685 1667 4765 cwlorum;
1703 4685 1881 4765 itaque
1908 4699 2025 4765 om-

432 4753 520 4822 nis
563 4753 740 4820 anima
794 4774 1034 4831 eousque
1073 4758 1124 4814 in
1177 4753 1349 4831 Adam
1399 4763 1683 4831 censetur,
1739 4753 1914 4831 donec
1968 4753 2021 4809 in

431 4838 645 4894 Christo
664 4825 1009 4894 recensentur
1041 4850 1054 4884 :
1085 4829 1288 4885 tamdiu
1317 4827 1622 4891 immunda,
1651 4825 1907 4897 quamdiu
1939 4841 2026 4880 re-

432 4917 737 4967 censentur.
762 4905 881 4962 Jam
909 4916 1034 4958 vero
1060 4903 1111 4957 in
1138 4898 1307 4955 Adam
1336 4898 1606 4954 recenseri
1639 4937 1654 4963 ,
1684 4911 1789 4952 non
1820 4905 2024 4951 tantum

432 4993 519 5039 cst
543 4993 664 5035 csse
692 4979 744 5032 in
768 4976 982 5031 miseria
1003 4983 1056 5027 et
1074 4986 1251 5042 parua,
1285 4969 1380 5025 sed
1405 4968 1620 5042 insuper
1646 4968 1805 5042 etiam
1830 4967 1881 5022 in
1909 4982 2026 5021 ma-

436 5050 672 5115 ledicto,
702 5050 756 5102 in
795 5039 1139 5120 damnatione
1168 5082 1182 5120 _.
1216 5041 1270 5096 in
1320 5041 1621 5120 perditione
1654 5080 1667 5102 ,
1695 5039 1747 5093 in
1772 5048 2026 5120 peccato;

433 5131 598 5204 atque
628 5111 908 5190 propterea
932 5115 1234 5204 subjutigit:
1259 5112 1420 5194 munis
1447 5111 1620 5204 attinnt
1647 5120 1717 5163 est
1733 5111 1988 5204 peccatrix
2012 5150 2026 5174 ,

432 5181 559 5266 quia
581 5181 863 5254 inituri-adu,
897 5197 943 5240 ct
970 5181 1163 5241 tamdiu
1193 5192 1373 5266 tuan‘et
1392 5182 1653 5237 immunda
1681 5222 1695 5245 ,
1731 5181 1903 5266 donec
1936 5197 2031 5250 per

436 5250 764 5334 baptismum
808 5250 1253 5334 regeneratus“.
1314 5257 1720 5334 Sacramentuui
1780 5250 1884 5334 hoc
1924 5265 2029 5334 non

437 5321 578 5390 tollit
602 5341 833 5389 mortem
860 5321 1011 5403 non
1039 5327 1272 5403 radicem
1293 5321 1842 5403 con_cnpiscenti;c..Si
1874 5323 2034 5393 igitur

436 5403 741 5476 Itaptistnus
781 5401 960 5476 aufert
1008 5398 1200 5476 anim:_e
1229 5396 1518 5476 maculam,
1550 5409 1668 5450 eam
1704 5396 1892 5476 utique
1912 5407 2038 5463 pec-

438 5466 547 5532 caii
568 5517 583 5543 ,
610 5489 771 5546 tinam
792 5471 881 5546 illa
911 5470 1126 5526 dicente
1152 5466 1484 5546 Tertulliano
1506 5480 1603 5546 per
1629 5466 1882 5546 unionem
1909 5477 2033 5546 eum

439 5534 608 5605 carne
628 5534 900 5602 contraxit
921 5582 939 5611 ,
967 5555 1129 5598 causa
1173 5534 1624 5611 concupiscentiae
1676 5534 2032 5611 inordina_ta:_,

439 5602 701 5692 quaestu
749 5602 1079 5692 concupiscit
1130 5619 1319 5692 contra
1351 5602 1630 5681 spiritum,
1676 5620 1873 5692 3033.118
1909 5605 2038 5660 facit
2100 5602 2127 5616 “’

440 5676 663 5760 ἐπηεῃι
684 5676 1059 5760 peccatricem,
1088 5676 1518 5760 antequamfesse
1547 5676 1744 5760 possit}.
1789 5676 1869 5732 En
1915 5692 2035 5732 om-

441 5774 572 5827 nem
589 5750 912 5831 theologiam
935 5755 1003 5810 de
1017 5750 1247 5825 peccato
1264 5752 1510 5831 originali
1537 5750 1839 5831 clarissime
1873 5763 1937 5829 ex
1947 5762 2037 5816 po-

440 5819 605 5893 Sitaiu
638 5849 653 5886 :
694 5819 1330 5903 eu'primuui'peccatum
1351 5819 1424 5880 'in
1478 5821 1717 5881 omnium
1758 5819 2035 5875 hominum

2129 4540 2489 4595 desiderantis
2537 4536 2653 4592 sive
2702 4538 3164 4607 concupiscentis,
3200 4536 3354 4594 Lucw
3382 4540 3547 4595 XXII.
3603 4536 3751 4598 late.

2202 4613 2281 4683 (li)
2330 4609 2699 4683 lndignabitur
2729 4606 3245 4683 lletts_.r_ationaliter.
3301 4612 3357 4666 Si
3411 4614 3738 4683 intelligatur:

2130 4682 2270 4737 istud
2304 4682 2711 4753 hvpetltelicaaa,
2733 4680 2887 4753 sicuti
2916 4680 3188 4753 Scriptura
3211 4680 3465 4751 loquitur,
3493 4680 3632 4753 quod
3664 4687 3740 4739 itt-

2129 4753 2370 4824 dignatio
2401 4753 2493 4808 Dei
2544 4751 2899 4824 prorindicta
2926 4751 3022 4824 Dei
3071 4762 3330 4819 sumatur,
3381 4751 3522 4808 nihil
3552 4756 3735 4809 olntat

2130 4822 2248 4879 eain
2303 4825 2409 4879 Deo
2437 4822 2697 4878 adtribui:
2741 4822 2936 4876 alicubi
2971 4832 3147 4877 tamen
3197 4824 3570 4880 adnotavimus
3599 4827 3735 4880 inter

2132 4894 2401 4968 paradoxa
2430 4893 2741 4968 Tertulliani
2772 4894 3166 4968 collocandum,
3196 4894 3337 4964 quod
3364 4896 3494 4951 iram
3520 4899 3737 4968 prOprie

2137 4963 2244 5020 Deo
2275 4966 2513 5020 rideatur
2539 4966 2849 5019 attribucre.
2882 4963 3021 5018 Pan.

2207 5037 2284 5110 (ε)
2316 5035 2526 5110 Utinam
2553 5044 2600 5089 cl
2631 5034 2999 5110 prqcidantur.
3030 5033 3238 5110 lloe_in
3263 5034 3495 5110 _.Iuda:os
3527 5046 3741 5110 torquet

2132 5104 2332 5163 Paulus
2379 5106 2558 5179 Epist.
2600 5104 2936 5179 adfiolatas,
2973 5121 3092 5173 cap.
3131 5105 3202 5159 V:
3258 5106 3489 5175 Utinam,
3542 5104 3737 5179 inquit,

2133 5180 2219 5249 qui
2251 5196 2336 5234 vos
2361 5176 2437 5232 ad
2459 5176 2918 5249 circuitu-nionem,
2949 5188 2996 5229 et
3021 5187 3206 5231 cratera
3231 5181 3454 5233 ntosaica
3480 5176 3735 5245 revocant,

2138 5246 2239 5304 non
2279 5260 2474 5304 lttttlttm
2500 5246 2947 5322 circumciduntur,
2974 5248 3062 5301 sed
3092 5259 3138 5301 et
3168 5249 3513 5319 prrycidantur
3534 5267 3553 5304 .'
3580 5259 3745 5322 ὅμιλον

2138 5324 2217 5376 καὶ
2238 5324 2578 5390 inanique-arat.
2596 5317 3026 5391 Chrystotoulus,
3044 5328 3115 5385 μαῖαι
3134 5317 3568 5391 nepita/avidum»
3580 5317 3743 5391 ptius»,

2134 5394 2264 5447 ἀλλὰ
2293 5387 2879 5460 καῖπερικοπτέσῦωτειν.
2913 5387 2983 5460 Et
3006 5390 3146 5458 apud
3178 5387 3492 5446 Primasium
3524 5387 3743 5450 Uticcn;

2138 5477 2251 5518 sem
2278 5479 2292 5517 :
2323 5460 2443 5516 Non
2479 5459 2655 5513 solum
2709 5459 3161 5522 circumciduntur,
3214 5462 3306 5513 sed
3339 5462 3490 5516 etiam
3534 5466 3741 5519 abscin-

2139 5533 2350 5600 duntur,
2376 5533 2423 5602 si
2451 5530 2988 5602 exspoliatiqntcntbri
3010 5532 3230 5599 pro/icit.
3264 5532 3381 5588 llic.
3556 5582 3560 5586 _

2210 5604 2290 5674 (tl)
2335 5598 2685 5674 liloderantius
2730 5598 2912 5674 Stoici.
2961 5598 3165 5655 sensus
3210 5616 3368 5657 veros
3412 5620 3532 5660 esse
3576 5607 3743 5664 Stoici

2142 5672 2515 5744 pronuntiant;
2559 5672 2869 5744 phantasias
2902 5687 3026 5726 vero
3055 5674 3187 5744 alias
3223 5688 3377 5744 veras
3414 5692 3558 5740 esse,
3604 5680 3742 5734 alias

2142 5742 2321 5809 falsas,
2358 5752 2415 5801 ut
2435 5752 2613 5798 monet
2643 5743 2956 5814 Plutarchus
2986 5758 3102 5813 cap.
3130 5742 3184 5807 9,
3212 5744 3303 5797 lib.
3334 5742 3398 5799 IV
3432 5745 3495 5799 de
3515 5746 3740 5814 placitis.

2144 5816 2406 5887 Epicurus
2434 5812 2772 5888 phantasiam
2800 5827 3016 5870 omnem
3046 5812 3345 5887 Sensasque
3369 5812 3561 5874 omnes
3586 5833 3744 5882 veros
3799 5843 3812 5858 -
