4062 6288
344 272 416 329 75

1711 263 2171 325 TERTULUANI

3526 262 3640 321 676

337 395 479 441 luam
524 384 814 441 defendunt
845 383 1146 448 veritatem,
1195 380 1289 436 sed
1335 380 1437 435 alia
1476 380 1594 436 via:
1628 394 1734 435 non
1780 379 1920 435 enim
1949 379 2005 438 Α
2032 377 2525 449 praevaricationem
2550 375 2921 447 exprobrabis,
2942 376 3413 433 auvaletudiucm?
3428 375 3639 433 Omnes

334 496 549 537 sensum
578 480 814 536 mentiri.
849 480 943 534 sed
991 479 1329 547 Opinionem;
1374 491 1590 532 sensum
1623 475 1766 530 enim
1801 475 1926 545 pati,

335 592 439 630 non
467 576 704 644 Opinari;
753 574 985 628 anitnam
1019 572 1162 626 enim
1193 570 1271 642 (Ι)
1315 571 1540 641 opinari.
1577 569 1930 625 Absciderunt

332 677 382 722 et
411 668 714 734 opinionem
744 680 775 720 a
813 681 996 727 sensu,
1030 673 1084 719 et
1114 680 1331 719 sensum
1359 664 1424 717 ah
1454 663 1648 717 anima.
1686 662 1753 716 Et
1789 661 1930 718 unde

332 760 532 829 opinio,
564 760 607 813 si
634 775 738 814 non
770 774 799 812 a
830 760 1030 813 sensu?
1063 757 1298 827 Denique
1335 756 1435 810 nisi
1462 758 1608 809 visus
1647 754 1928 809 rotundam

334 851 565 906 senserit
608 860 832 919 turrem,
875 851 1013 905 nulla
1047 849 1227 920 opinio
1265 848 1625 904 rotunditatis.
1679 850 1744 904 Et
1787 847 1930 903 unde

329 960 542 1009 sensus,
575 945 618 999 si
645 960 748 999 non
780 944 847 998 ab
870 945 1086 1000 anima?
1120 945 1359 1015 Denique
1387 959 1575 999 carens
1601 945 1775 997 anima
1807 958 1929 997 cor-

331 1054 453 1110 pus,
484 1038 686 1094 carebit
716 1047 768 1093 et
794 1051 975 1092 sensu.
1008 1037 1083 1091 Ita
1125 1046 1180 1093 et
1205 1053 1396 1093 sensus
1434 1054 1500 1093 ex
1528 1038 1702 1092 anima
1742 1047 1844 1101 est,
1877 1049 1929 1095 et

336 1131 517 1202 opinio
560 1147 628 1186 ex
671 1145 865 1197 sensu,
898 1139 953 1187 et
981 1131 1155 1185 anima
1200 1138 1391 1187 totum.
1426 1132 1689 1187 Caeterum
1730 1125 1932 1202 optimc

336 1232 686 1296 praponetnr,
720 1237 845 1278 esse
890 1222 1073 1293 utique
1101 1223 1319 1294 aliquid,
1364 1223 1504 1293 quod
1543 1223 1739 1279 efﬁciat
1775 1225 1932 1281 aliter

330 1315 455 1385 quid
486 1330 517 1370 a
545 1314 794 1370 sensibus
826 1314 1142 1377 renuntiari,
1172 1331 1328 1384 quam
1362 1315 1431 1368 sit
1461 1314 1511 1368 in
1553 1314 1732 1369 rebus.
1763 1314 1932 1369 Porro

332 1410 376 1463 si
420 1414 595 1475 potest;
633 1405 684 1460 id
729 1405 1026 1460 renuntiari
1058 1405 1200 1474 quod
1228 1421 1358 1460 ~non
1399 1406 1466 1460 sit
1518 1406 1568 1459 iu
1612 1407 1791 1469 rebus,
1837 1420 1933 1461 cur

333 1517 438 1556 non
470 1498 692 1569 perinde
722 1500 890 1567 possit
923 1514 1017 1569 per
1046 1499 1095 1553 id
1116 1500 1436 1555 renuntiare
1463 1499 1605 1571 quod
1648 1515 1752 1554 non
1781 1500 1844 1554 sit
1880 1501 1930 1555 in

330 1592 600 1657 sensibus,
649 1591 743 1646 sed
775 1592 825 1645 iu
862 1591 942 1647 eis
971 1592 1266 1648 rationibus
1294 1608 1410 1662 qua:
1452 1574 1811 1647 interveniunt
1835 1607 1934 1648 suo

332 1686 584 1740 nomine?
612 1690 786 1755 Atque
831 1688 966 1740 adeo
997 1685 1173 1739 licebit
1201 1699 1293 1741 eas
1324 1688 1656 1757 recognosci.
1693 1685 1771 1765 (α)
1798 1686 1930 1741 Nun

2036 472 2214 542 itaque
2266 486 2458 526 sensus
2505 479 2842 537 evertuntur,
2902 469 2985 525 vel
3026 470 3521 526 circumveniuntur
3564 467 3639 524 ad

2035 573 2279 635 tempus,
2329 576 2383 618 ιιι
2434 564 2763 635 proprietate
2808 563 3029 618 fallacia:
3079 572 3316 617 careant.
3369 561 3481 617 luto
3521 562 3637 631 jant

2033 672 2102 710 ne
2148 656 2277 727 ipsis
2325 656 2539 727 quidem
2571 656 2778 711 caussis
2828 655 3239 710 adscribetnlnm
3283 666 3365 709 est
3409 654 3639 711 fallacia:

2033 746 2288 818 elogium.
2321 749 2374 803 Si
2403 748 2546 803 enim
2575 749 2782 803 ratione
2810 747 2923 802 lucc
2958 746 3226 809 accidunt,
3265 746 3399 803 ratio
3430 746 3637 805 fallacia

2037 840 2303 909 perhiberi
2337 857 2442 895 non
2479 851 2736 895 lucretur.
2765 839 2918 909 Quod
2962 841 3041 896 sic
3067 839 3178 895 ﬁeri
3218 848 3449 911 oportet,
3483 856 3641 896 men-

1996 949 2004 953 '
2033 930 2242 986 dacium
2276 947 2381 987 non
2412 942 2512 988 est.
2557 932 2738 1003 Itaque
2765 934 2808 987 si
2837 941 2891 986 et
2930 933 3057 1002 ipsa:
3078 946 3284 986 caussa:
3326 930 3537 986 infamia
3566 931 3639 987 li-

2035 1024 2309 1092 berantur,
2339 1034 2540 1097 quanto
2567 1027 2735 1096 magis
2762 1040 2973 1091 sensus,
2999 1025 3193 1095 quibus
3217 1026 3325 1095 jam
3354 1032 3407 1079 et
3431 1041 3643 1082 caussa:

2035 1117 2205 1175 libere
2233 1121 2504 1190 prmeuut!
2535 1135 2656 1175 cum
2701 1120 2823 1175 hinc
2867 1118 3202 1190 potissimum
3251 1129 3304 1174 ct
3346 1119 3543 1173 veritas
3584 1127 3646 1173 et

2035 1210 2169 1268 ﬁdes
2205 1221 2255 1266 ct
2283 1213 2558 1282 integritas
2600 1212 2848 1268 sensibus
2892 1212 3208 1267 vindicanda
3240 1214 3329 1277 sit,
3360 1211 3500 1282 quod
3532 1226 3643 1266 non
3672 1223 3682 1230 ‘

2034 1304 2191 1359 aliter
2228 1304 2567 1370 renuntient,
2615 1319 2778 1373 quatn
2825 1304 2967 1374 quod
3019 1302 3107 1358 illa
3159 1303 3297 1357 ratio
3346 1302 3641 1371 mandavit,

2035 1413 2156 1469 qua:
2198 1396 2394 1452 cfliciat
2438 1397 2593 1452 aliter
2631 1396 2759 1467 quid
2798 1412 2825 1450 a
2863 1398 3113 1453 sensibus
3141 1397 3452 1460 renuntiari,
3479 1410 3645 1466 quam

2036 1492 2104 1546 sit
2141 1492 2192 1545 in
2223 1490 2402 1545 rebus.
2444 1489 2580 1557 Quid
2611 1490 2724 1560 agis
2745 1531 2758 1554 ,
2793 1488 3079 1546 Academia
3109 1490 3489 1560 procacissitna
3519 1487 3648 1559 (5)?

2038 1592 2205 1639 totum
2247 1583 2369 1637 vita:
2414 1592 2610 1637 statutn
2654 1583 2872 1647 evertis,
2913 1597 3126 1637 omnem
3164 1591 3368 1638 natura:
3398 1581 3649 1637 ordinem

2039 1676 2241 1742 turbas,
2276 1677 2440 1747 ipsius
2474 1677 2564 1731 Dei
2595 1675 2982 1746 providentiam
3014 1691 3275 1742 catrtecas,
3317 1672 3406 1746 qui
3433 1676 3651 1732 cunctis

335 1785 393 1832 ut
423 1778 473 1829 in
494 1791 627 1845 aqua
649 1792 830 1830 remus
854 1777 1081 1831 inﬂexus
1105 1777 1186 1831 vel
1215 1777 1469 1831 infractus
1492 1788 1761 1848 appareat,
1793 1794 1927 1849 aqua
1957 1777 2008 1838 B
2035 1771 2286 1842 operibus
2315 1771 2426 1824 suis
2470 1769 2856 1840 iulelligendis,
2890 1769 3210 1834 incolendis,
3242 1769 3647 1840 dispensandis,

336 1871 387 1924 iu
443 1883 633 1925 caussa
673 1877 776 1924 est.
827 1868 1069 1939 Denique
1115 1877 1261 1923 extra
1309 1884 1498 1940 aquam
1549 1871 1753 1942 integer
1796 1871 1934 1926 visui

336 1975 536 2016 remus.
582 1960 862 2015 Tenet-itas
905 1967 1082 2013 autem
1113 1960 1423 2015 substantia:
1467 1958 1630 2025 illius,
1660 1977 1761 2032 qua
1808 1976 1934 2032 spe-

334 2055 514 2107 culum
542 2067 607 2107 ex
649 2052 849 2107 lumine
888 2051 1140 2117 efficitur,
1175 2061 1330 2123 prout
1375 2052 1480 2107 icta
1510 2069 1602 2108 seu
1646 2063 1787 2107 mota
1831 2061 1931 2120 est,

336 2145 407 2199 ita
446 2144 811 2214 etimagincm
857 2144 1092 2205 vibrans,
1138 2145 1329 2199 evertit
1377 2146 1569 2199 lineam
1602 2147 1753 2200 reeti.
1799 2144 1934 2201 Item

338 2248 395 2291 ut
437 2237 598 2291 turris
628 2235 837 2291 habitus
868 2235 1073 2301 eludat,
1109 2236 1372 2290 interralli
1405 2236 1640 2291 conditio
1666 2237 1939 2306 compellit

339 2329 394 2382 in
425 2334 611 2394 aperto
637 2343 650 2380 :
688 2325 967 2397 aequalitas
998 2329 1140 2381 enim
1167 2328 1470 2381 circumfusi
1492 2330 1651 2391 acris,
1680 2330 1792 2398 pari
1821 2329 1938 2384 luce

337 2419 574 2472 vrsticns
602 2416 849 2486 angulos.
881 2416 1131 2471 obliterat
1159 2417 1350 2474 lineas.
1384 2418 1473 2474 Sic
1503 2425 1557 2474 ct
1597 2419 1938 2476 uniformitas

340 2512 576 2580 l‘Ol‘llCtlS
621 2511 826 2565 acuitttr
870 2511 920 2564 in
966 2511 1090 2577 line,
1120 2510 1245 2564 dum
1277 2510 1423 2565 acies
1463 2510 1514 2565 in
1559 2512 1811 2566 concluso
1840 2512 1937 2567 sti-

338 2613 483 2674 pata,
529 2603 636 2657 illic
674 2613 925 2658 tenuatur
950 2619 1055 2673 quo
1099 2614 1152 2659 et
1178 2604 1501 2658 extenditur.
1529 2603 1617 2660 Sic
1653 2616 1706 2660 et
1740 2607 1936 2661 etclam

340 2695 476 2750 tnari
511 2694 713 2760 unitur,
757 2694 845 2748 ubi
884 2694 1018 2749 visio
1044 2694 1374 2762 absumitur;
1421 2712 1539 2766 qum
1569 2696 1819 2767 quamdiu
1855 2697 1938 2751 vi-

336 2798 446 2859 get,
481 2788 684 2844 tamdiu
723 2786 931 2843 dividit.
978 2786 1229 2842 Auditum
1277 2803 1405 2842 vero
1452 2789 1576 2859 quid
1619 2788 1760 2843 aliud
1790 2788 1938 2844 dcci-

337 2881 466 2953 pict,
499 2896 657 2951 quam
697 2894 952 2936 sonorum
985 2880 1317 2934 similitudo?
1350 2882 1432 2945 lit,
1461 2884 1504 2936 si
1536 2892 1717 2951 postea
1765 2881 1940 2937 minus

338 2974 509 3045 spirat
553 2981 905 3045 unguentum,
940 2981 994 3028 et
1035 2973 1211 3027 minus
1257 2975 1392 3045 sapit
1426 2974 1629 3041 vinum,
1671 2984 1725 3029 et
1765 2976 1940 3030 minus

337 3069 487 3123 lacus
527 3065 718 3132 fervet,
763 3067 813 3120 in
857 3066 1107 3120 euntibus
1149 3065 1316 3119 ferme
1369 3067 1536 3135 prima
1591 3067 1672 3122 vis
1713 3076 1818 3123 tota
1854 3068 1934 3138 (Ξ)

2038 1864 2383 1936 frnendisque
2414 1864 2629 1919 fallaces
2658 1874 2711 1919 et
2740 1864 3025 1920 mendaces
3053 1864 3303 1919 dominos
3344 1863 3653 1932 przefccerit

2039 1974 2248 2013 sensus.
2278 1961 2467 2011 Annon
2502 1956 2615 2012 istis
2643 1957 2885 2012 universa
2916 1956 3154 2011 conditio
3174 1955 3652 2012 subministratur?

1998 2052 2231 2106 ”Auuou
2280 2066 2375 2120 per
2412 2051 2542 2103 istos
2576 2048 2810 2105 secunda
2856 2062 3069 2119 quoque
3114 2048 3314 2103 mundo
3363 2048 3652 2104 instructio

2040 2143 2405 2200 accessit?tot
2435 2153 2600 2210 artes,
2647 2150 2725 2198 tot
2765 2143 2995 2213 ingenia,
3050 2152 3128 2197 tot
3169 2141 3366 2205 studia,
3410 2141 3648 2213 negotia,

2039 2236 2236 2303 officia,
2267 2236 2607 2298 conuncrcia,
2642 2233 2903 2301 remedia,
2936 2234 3182 2301 consilia,
3213 2234 3426 2301 solatia,
3449 2237 3647 2301 victus,

2040 2329 2216 2384 cultus
2248 2336 2575 2397 ornatusque
2605 2327 2823 2381 omnia?
2852 2326 3047 2383 Totum
3077 2327 3198 2381 vitae
3227 2340 3474 2397 saporem
3511 2341 3651 2381 con-

2045 2420 2279 2485 dicrunt,
2329 2419 2453 2473 dum
2487 2434 2581 2490 per
2620 2417 2718 2473 bos
2763 2425 2956 2474 sensus
3004 2417 3152 2473 solus
3198 2418 3435 2471 onmium
3480 2415 3651 2472 homo

2041 2512 2235 2565 animal
2267 2510 2523 2565 rationale
2568 2509 2917 2581 dignoscitur,
2958 2509 3324 2580 intelligentiae
3369 2524 3535 2579 capax
3588 2518 3653 2565 ct.

2041 2606 2208 2677 ipsius
2239 2604 2561 2660 Aeodemiat.
2610 2604 2714 2660 Sed
2745 2605 2887 2665 enim
2921 2604 3090 2670 Plato,
3126 2620 3193 2660 ne
3231 2605 3373 2675 quod
3403 2605 3652 2660 testimo-

2043 2700 2186 2753 nium
2221 2698 2467 2753 sensibus
2495 2698 2687 2768 signet,
2722 2708 3001 2767 propterea
3031 2708 3084 2754 et
3115 2700 3168 2753 iu
3201 2697 3425 2754 Pluvdro
3451 2715 3516 2755 ex
3543 2699 3652 2757 So-

2043 2792 2204 2848 cratis
2233 2807 2458 2861 persona
2482 2801 2639 2862 ncgat
2656 2807 2716 2847 se
2737 2806 3062 2862 cognoscere
3088 2807 3249 2864 posse
3272 2792 3649 2865 semetipsum,

2042 2895 2100 2939 ut
2131 2893 2312 2938 mouet
2356 2880 2608 2953 Delphica
2641 2883 2951 2953 inscriptio;
2985 2894 3039 2939 et
3082 2884 3133 2939 in
3174 2883 3429 2940 Tlteazteto
3455 2885 3654 2942 adimit.

2043 2978 2143 3034 sibi
2166 2979 2325 3043 scire,
2354 2987 2517 3049 atque
2545 2978 2778 3042 sentire;
2813 2977 2883 3048 (c)
2912 2986 2967 3033 et
2997 2979 3050 3034 in
3082 2977 3324 3044 Pluedro,
3354 2988 3472 3049 post
3501 2996 3653 3036 mor-

2044 3079 2149 3126 tem
2164 3068 2342 3125 dill‘ert
2363 3069 2681 3124 sententiam
2697 3069 2955 3137 veritatis,
2979 3069 3315 3141 posthumam
3341 3072 3563 3134 scilicet;
3589 3082 3655 3128 et

336 3170 439 3217 cst.
487 3159 778 3226 Czcterttm,
824 3158 892 3214 de
919 3159 1113 3213 seabro
1151 3172 1213 3212 ac
1248 3159 1366 3213 ιίυνὶ
1415 3161 1604 3214 merito
1649 3174 1836 3214 manus
1877 3174 1940 3215 ac
1966 3166 2012 3230 C
2046 3171 2245 3229 tamen,
2281 3161 2514 3217 nondum
2540 3172 2803 3224 mortuus,
2834 3161 3331 3234 philosophahatur.
3352 3162 3465 3218 Non
3494 3163 3646 3230 licet,
3700 3212 3721 3224 ,

338 3254 524 3324 pedes,
556 3260 736 3308 tenera
768 3250 973 3307 scilicet
995 3258 1049 3306 et
1074 3250 1270 3305 callosa
1301 3251 1562 3318 membra,
1590 3251 1931 3307 dissentiunt.

336 3346 500 3417 Igitur
529 3343 631 3400 hoc
662 3343 840 3410 modo,
873 3342 1017 3398 nulla
1041 3356 1296 3398 sensuum
1325 3342 1598 3399 frustratio
1630 3359 1817 3400 caussa
1846 3360 1935 3403 ca.-

337 3437 494 3495 rchit.
527 3435 681 3503 Quod
719 3435 764 3490 si
814 3449 1019 3490 caussa:
1046 3433 1236 3488 fallunt
1264 3448 1473 3500 sensus,
1506 3442 1560 3489 et
1607 3450 1702 3504 per
1744 3448 1935 3490 sensus

335 3529 639 3600 opiniones,
663 3528 774 3599 jam
815 3542 915 3584 nec
940 3527 991 3580 in
1030 3525 1279 3581 sensibus
1322 3527 1693 3582 constituenda
1728 3528 1934 3583 fallacia

345 3631 450 3686 est,
498 3621 588 3691 qui
621 3633 840 3675 caussas
878 3625 1192 3689 sequuntur,
1222 3632 1321 3673 nec
1349 3618 1709 3689 opinionibus,
1738 3635 1859 3690 qua:
1903 3636 1933 3676 a

339 3711 603 3769 sensibus
629 3709 951 3781 diriguntur,
996 3708 1344 3779 sequentibus
1373 3724 1611 3767 caussas.
1639 3709 1740 3778 Qui
1788 3711 1931 3766 iusa-

338 3806 513 3871 niunt,
545 3804 679 3860 alios
722 3802 775 3857 in
820 3802 940 3857 aliis
986 3800 1189 3866 vident,
1241 3811 1298 3857 ut
1343 3800 1563 3857 Orestes
1612 3811 1836 3857 matrem
1883 3803 1933 3857 in

335 3913 552 3965 sorore,
603 3903 656 3952 et
691 3895 825 3967 Ajax
867 3894 1112 3967 Ulyssem
1151 3893 1205 3949 in
1252 3903 1528 3961 armento,
1578 3902 1636 3950 ut
1678 3896 1936 3952 Athamas

337 4001 392 4048 et
430 3994 610 4063 Agave
653 3990 706 4044 in
749 3989 871 4044 filiis
920 3988 1140 4043 bestias.
1170 3986 1422 4043 Oculisne
1466 3987 1567 4043 hoc
1600 3989 1936 4044 mendacium

335 4082 718 4154 exprobrahis,
769 4097 835 4136 an
884 4080 1074 4137 furiis?
1124 4079 1200 4155 (ὁ)
1250 4081 1351 4149 Qui
1396 4081 1748 4137 redundantia
1800 4082 1938 4140 fellis

334 4177 686 4249 auruginant,
736 4189 917 4230 amara
967 4184 1093 4230 sunt
1145 4173 1343 4230 omnia.
1404 4173 1541 4229 Num
1592 4190 1722 4246 ergo
1761 4178 1939 4246 gustui

2041 3262 2148 3310 non
2183 3254 2309 3310 licet
2337 3254 2415 3324 (4)
2448 3254 2601 3309 nobis
2628 3253 2679 3307 in
2718 3253 2937 3309 dubiant
2968 3268 3162 3311 sensus
3191 3256 3321 3310 istos
3358 3255 3644 3320 devocare,

2042 3361 2110 3402 ne
2156 3348 2286 3402 etin
2316 3344 2532 3401 Christo
2572 3345 2640 3402 de
2680 3345 2783 3403 fide
2829 3360 3014 3402 eormn
3046 3346 3374 3402 deliberetur
3411 3346 3531 3419 (5);
3577 3363 3651 3405 ne

2040 3439 2177 3495 forte
2230 3440 2460 3507 dicatur,
2512 3439 2655 3509 quod
2698 3439 2833 3495 falso
2877 3439 3129 3495 Satanam
3178 3440 3530 3511 prospectarit
3574 3441 3653 3498 de

2042 3533 2182 3588 cmlo
2240 3532 2628 3603 prtecipitatum
2675 3532 2828 3604 (Luc,
2876 3532 2944 3599 X,
2995 3533 3110 3604 18),
3143 3543 3235 3589 aut
3281 3535 3415 3590 falso
3451 3542 3650 3592 vocem

2043 3625 2222 3681 Patris
2260 3624 2490 3680 audierit
2520 3624 2586 3680 de
2614 3625 2732 3696 ipso
2773 3626 3110 3682 testilicatam
3137 3626 3325 3698 (Matth
3355 3670 3370 3695 ,
3395 3627 3485 3693 Ill,
3514 3626 3647 3700 l7);

2041 3727 2133 3795 aut
2167 3716 2429 3788 deceptus
2458 3717 2531 3772 sit
2575 3732 2697 3773 cum
2744 3718 2886 3774 Petri
2922 3733 3135 3774 socrum
3186 3719 3356 3792 tetigit
3399 3719 3648 3790 (Ratun,

2046 3808 2183 3877 Vlll,
2212 3809 2321 3881 l5);
2346 3819 2438 3863 aut
2462 3808 2622 3863 alium
2645 3818 2826 3879 postea
2850 3810 3105 3880 unguenti
3129 3811 3359 3866 senserit
3376 3811 3649 3882 spiritum,

2041 3899 2184 3971 quod
2230 3900 2282 3955 in
2332 3900 2658 3971 sepulturam
2707 3915 2857 3955 suam
2888 3902 3205 3972 acceptavit,
3251 3902 3413 3957 alium
3457 3914 3651 3974 postea

2042 3993 2151 4048 vini
2177 4006 2448 4062 saporem,
2481 3991 2621 4062 quod
2652 3992 2703 4046 in
2737 3992 3014 4062 sanguinis
3045 3993 3125 4047 sui
3167 3993 3479 4049 memoriam
3506 4009 3651 4050 cou-

2044 4085 2290 4140 sccravit.
2324 4084 2417 4139 Sic
2442 4085 2583 4140 cnim
2613 4093 2668 4140 et
2698 4085 2932 4141 Marcion
2963 4087 3279 4157 phantasma
3305 4104 3425 4144 eum
3455 4088 3653 4147 maluit

2044 4175 2287 4244 credere,
2321 4176 2481 4232 totius
2510 4177 2754 4247 corporis
2794 4178 2847 4233 in
2876 4177 2968 4235 illo
2996 4177 3313 4252 dedignatus
3340 4182 3650 4242 veritatem.

1546 4292 1927 4372 LECTIONES
1960 4313 2382 4372 VARIANTES.

419 4498 470 4550 2i
495 4499 669 4550 Totum
694 4498 815 4546 Jun.

427 4436 470 4493 t)
495 4435 634 4487 Enim
660 4429 758 4484 del.
778 4433 899 4483 Jun.
922 4443 1017 4480 non
1041 4428 1162 4480 add.
1190 4429 1287 4493 Itig.
1324 4437 1439 4478 Ven.

427 4440 440 4487 t
495 4436 634 4487 Enim
660 4436 758 4484 det.
778 4436 899 4483 Jun.
922 4443 1017 4480 non
1041 4436 1162 4480 add.
1190 4436 1287 4493 Itig.
1324 4437 1439 4478 Ven.

419 4503 449 4549 2
495 4499 669 4550 Totum
694 4498 815 4546 Jun.

397 4436 471 4630 isi
496 4561 793 4612 Acadetnice
816 4556 1156 4621 procacissime
1172 4555 1313 4605 Pam.
1343 4550 1491 4604 lzlten.

1962 4427 2161 4559 υἱὲ

2136 4429 2178 4487 ι)
2205 4429 2311 4479 Non
2332 4430 2452 4480 licet
2465 4430 2616 4482 semel
2638 4430 2783 4484 scrib.
2805 4435 2946 4485 Pam.
2970 4431 3121 4487 thcn.

2205 4429 2311 4479 Non
2332 4430 2452 4480 licet
2465 4430 2616 4482 semel

2159 4428 2181 4559 ἒ
2209 4492 2491 4544 Delibretur
2512 4494 2634 4544 Jun.

1714 4659 2269 4719 COMMENTARIUS.

336 4802 457 4845 esse
495 4783 760 4847 asseruit;
804 4776 1084 4849 opiniones
1115 4790 1242 4831 vero
1284 4774 1416 4849 alias
1447 4787 1620 4836 veras,
1654 4772 1786 4828 alias
1830 4789 1934 4829 ηοη

336 4862 484 4926 item;
516 4870 707 4911 sensus
731 4847 871 4926 apud
904 4851 1229 4904 Clementem
1258 4847 1413 4901 Alex.
1445 4854 1569 4899 sunt
1591 4849 1828 4915 ἐτίϐαορα
1853 4861 1937 4907 τῆς

336 4925 621 4998 ἰπιστϊμήει
654 4926 733 4981 LE
762 4925 860 5001 Pn-
1181 4991 1192 5001 _
1244 4991 1269 5001 η
1441 4988 1493 5001 Α,

410 4987 484 5074 (τι)
509 4987 646 5055 lvii».
676 5007 727 5050 ut
757 4997 808 5049 in
836 5008 967 5074 Qqua
989 5007 1154 5074 remus
1176 4991 1416 5060 inﬂexus.
1440 4988 1494 5044 Si
1518 4987 1732 5071 quando
1756 5004 1935 5074 remus

336 5061 487 5144 aqua}
519 5061 1033 5144 innuersuslraelus
1055 5062 1321 5144 videatur.
1356 5073 1447 5142 aut
1478 5061 1932 5144 tttrriiquadrata

337 5132 592 5213 appareat
638 5137 886 5213 rotntnla,
1020 5133 1149 5213 vitio
1187 5143 1236 5187 ct
1282 5134 1449 5187 errori
1492 5132 1935 5213 sculibnstrilmi

339 5200 444 5270 nbit
488 5213 666 5275 debet,
696 5208 788 5264 sed
830 5205 1150 5261 intellecturi:
1183 5218 1373 5258 sensus
1419 5203 1559 5275 enim
1604 5200 1826 5275 facultas
1854 5208 1937 5256 est

338 5285 600 5341 ratiocinii
648 5272 861 5351 expers,
897 5275 1149 5351 uudeilla
1186 5274 1494 5351 apparentia
1536 5272 1711 5351 furum
1758 5272 1935 5351 facere

339 5376 444 5413 tu-u
474 5365 666 5427 potest,
693 5343 811 5427 cum
838 5348 1100 5427 tamunde
1123 5346 1391 5427 intellectu
1410 5358 1516 5427 non
1542 5343 1681 5427 idem
1705 5343 1930 5398 accidat.

342 5416 581 5484 Rationis
618 5426 759 5479 enim
808 5419 1075 5490 particeps
1121 5431 1205 5473 ρει.
1249 5416 1568 5490 intellectus,
1618 5423 1778 5490 atque
1810 5429 1930 5490 cum

338 5499 698 5554 seusatiouetn
722 5484 910 5547 factam
940 5490 1119 5552 sentit,
1144 5505 1248 5541 nou
1275 5484 1491 5541 ulterius
1514 5486 1846 5555 progreditur
1867 5484 1932 5538 ad

339 5571 484 5625 iuius
527 5583 781 5627 cxatucu,
817 5559 909 5614 sed
936 5559 1192 5628 jttdirittut
1229 5573 1468 5628 pt'a‘CCpS
1496 5567 1747 5620 exercet,
1794 5556 1933 5610 unde

341 5658 496 5698 error
524 5637 700 5695 omnis
728 5633 825 5701 ipsi
860 5630 1172 5685 tribuendus
1200 5640 1300 5695 est,
1335 5628 1584 5701 quoniam
1615 5643 1676 5683 ea
1709 5644 1813 5684 non
1842 5643 1937 5682 ex-

342 5713 672 5787 pendit‘quze
703 5700 783 5787 sui
814 5703 1051 5787 muneris
1067 5710 1219 5787 sunt.
1249 5701 1326 5757 Ls
1350 5700 1449 5784 ΡΒ.

416 5784 488 5862 (b)
524 5770 622 5849 om
653 5772 989 5835 redundantia
1010 5773 1142 5849 fellis
1192 5772 1521 5850 aurnginant.
1565 5771 1718 5831 llunc
1773 5770 1933 5830 etiam

2042 4774 2216 4857 locum
2251 4776 2504 4857 tractavit
2536 4777 3360 4857 ad\'er5tts_5\_.tji_anosGeorgius
3390 4787 3645 4857 Bmticus,

2041 4846 2127 4900 ubi
2168 4846 2237 4902 de
2279 4849 2539 4917 sapientia
2573 4851 2683 4902 lini.
2722 4869 2741 4902 ‹
2779 4851 2918 4907 Nihil
2953 4856 3002 4907 in
3034 4856 3120 4910 illa
3153 4846 3502 4913 sitIEct'isstztii
3548 4846 3649 4915 de:-

2039 4918 2181 4998 coris
2226 4920 2511 4998 aspiciunt,
2575 4922 2765 4998 inquit,
2815 4924 3045 4998 sicutet
3088 4929 3431 4998 lippientibus
3470 4932 3651 4989 oculis
3698 4936 3707 4939 “

2042 4990 2183 5044 nulla
2225 4999 2308 5067 est
2336 4991 2470 5045 visio
2502 4990 2761 5051 veritatis.
2801 4990 3227 5067 quandoquidem
3274 5003 3427 5055 aliter
3453 5018 3647 5058 eorum

2043 5062 2311 5134 renuntiat
2357 5072 2629 5132 aspectus,
2662 5062 2833 5134 quant
2866 5068 2915 5120 in
2967 5062 3070 5122 lidc
3101 5085 3277 5125 rerum
3308 5082 3412 5125 est.
3443 5072 3547 5127 Sed
3585 5084 3649 5131 et

2039 5133 2128 5213 cui
2147 5146 2398 5213 saperent
2425 5133 3035 5213 propriuurredundans
3059 5141 3141 5195 sui
3173 5140 3310 5195 fellis
3333 5145 3645 5202 amaritudo

2039 5203 2262 5279 vitiavit,
2294 5203 2540 5279 si__dnlcia
2591 5206 2749 5260 mella
2782 5207 3049 5279 degustet,
3094 5221 3149 5265 ut
3181 5228 3418 5269 :tttlnl‘lllll
3449 5215 3645 5271 dulce-

2037 5271 2217 5354 dinem
2253 5274 2426 5355 mellis
2451 5275 2704 5357 ξιιξίιιιιειιΞ
2732 5292 2835 5357 uolt
2853 5271 3258 5352 "recognoscens
3286 5285 3483 5339 malum
3515 5303 3648 5357 pro-

2041 5345 2168 5413 prin:
2202 5346 2593 5400 amaritudinis.
2631 5365 2650 5398 ι
2685 5348 2760 5404 LE
2787 5349 2883 5405 Pn.

2072 5424 2079 5429 ’
2237 5414 2304 5468 Et
2350 5416 2401 5493 in
2436 5415 2671 5493 Plin:er
2707 5432 2818 5491 post
2866 5433 3075 5477 mortem
3114 5424 3305 5493 differt.
3341 5425 3647 5493 Pcculiaria

2041 5486 2252 5568 quidem
2286 5490 2446 5568 verba
2473 5491 2612 5568 apud
2642 5486 2913 5568 Platonem
2940 5495 2994 5568 in
3022 5486 3243 5550 Plin-dra
3265 5486 3508 5568 misine
3532 5486 3647 5568 non

2042 5558 2210 5637 potui,
2240 5558 2333 5613 sed
2355 5573 2423 5637 eo
2452 5558 2722 5637 pertinere
2753 5564 2882 5619 mihi
2915 5565 3140 5632 videtur,
3173 5558 3415 5637 quod'illi
3456 5562 3646 5637 part8.

2042 5586 2210 5627 γυιιιι,
2240 5586 2333 5613 acu
2359 5586 2423 5613 υυ
2452 5586 2722 5628 pcruucrc
2753 5586 2882 5619 Hllﬂl
2915 5586 3140 5632 νιιιθιιιτ,
3173 5586 3315 5637 (lll‘ltl
3346 5586 3415 5624 ιυι
3477 5586 3646 5627 ιειηοο

2040 5627 2300 5707 eophatur
2330 5631 2403 5707 de
2442 5631 2763 5707 attint_:ibus,_
2795 5652 2912 5704 ιιιιιυ
2954 5646 3071 5707 post
3114 5639 3250 5693 hanc
3278 5586 3520 5695 vitam‘in
3554 5642 3651 5698 stt-

2040 5700 2510 5784 percmlcsti‘loco,
2542 5704 2594 5758 id
2628 5705 2767 5773 quod
2794 5700 2975 5763 revera
3004 5718 3104 5784 est,
3152 5710 3263 5763 sive
3293 5709 3463 5777 ipsam
3486 5708 3649 5769 veri-

2042 5781 2243 5843 tatem,
2295 5779 2486 5831 intueri
2536 5785 2837 5849 tuerentur,
2901 5788 2954 5836 ct
3007 5779 3089 5836 his
3132 5796 3250 5854 qua:
3292 5796 3477 5838 revera
3516 5794 3653 5847 sunt
