4062 6288
387 321 493 379 679

1761 322 1947 381 ΤΕΒΤ
1955 320 2225 382 υιιιιΑΝι

3585 324 3698 383 680

388 439 636 511 telligere
662 439 745 512 (1)
772 440 970 497 sentire
1014 438 1132 495 est?
1185 438 1290 495 Aut
1319 438 1405 511 l2)
1444 437 1572 510 quid
1601 439 1706 496 erit
1747 454 1941 498 sensus
1967 483 1982 507 ,
2012 441 2064 501 Α
2091 456 2199 512 (ιιιο
2240 440 2415 511 potior
2450 440 2786 499 adﬁrmatur.
2819 441 2972 499 Tunc
2998 430 3128 497 mihi
3160 449 3280 511 post
3303 440 3692 504 dilt‘ercntiam.

388 532 492 589 nisi
544 533 661 604 ejus
701 534 777 590 rei
819 548 939 604 qua:
964 532 1196 588 sentitur
1223 532 1527 589 intellectus
1552 532 1576 586 ?
1604 530 1742 600 Quid
1766 532 1870 588 erit
1897 533 1984 587 in-

388 627 659 694 tellectus,
690 626 791 683 nisi
816 625 936 697 ejus
966 625 1045 682 rei
1076 641 1196 698 qua}
1226 625 1540 697 intelligitur
1563 638 1755 681 sensus
1778 624 1986 681 P-Undc

385 718 487 775 ista
526 728 792 776 tormenta
820 720 1122 775 cruciandae
1152 719 1534 790 simplicitatis,
1567 727 1623 774 et
1649 718 1984 792 suspenden-

386 809 472 867 dzc
497 814 741 868 veritatis
770 813 794 866 ?
823 812 957 882 Quis
984 812 1112 867 mihi
1145 812 1420 875 exhibebit
1449 826 1667 868 sensum
1698 829 1803 868 non
1833 812 1989 868 inte?-

391 904 652 975 ligentem
676 905 818 976 quod
849 906 1011 975 sentit
1036 947 1050 974 ,
1070 915 1161 960 aut
1185 905 1514 961 intellectura
1540 919 1646 959 non
1666 905 1983 968 sentientem

384 997 529 1067 Quod
573 996 858 1068 intelligit,
901 1007 957 1051 ut
1003 997 1195 1067 probet
1233 997 1463 1053 alterum
1514 996 1630 1051 sine
1678 995 1760 1067 (5)
1809 996 1982 1065 altero

384 1089 587 1159 posse?
611 1087 669 1169 Si.
690 1088 991 1159 corporalia
1023 1087 1236 1159 quidem
1266 1088 1590 1152 sentiuntur,
1623 1086 1978 1157 incorporalia

382 1196 515 1238 vero
554 1182 920 1252 intel‘iguntur
945 1223 959 1247 ,
1006 1197 1185 1236 rerum
1218 1197 1427 1251 genera
1460 1180 1670 1235 diversa
1694 1189 1840 1243 sunt,
1876 1194 1979 1235 non

383 1273 649 1331 domicilia
696 1289 890 1330 sensus
934 1283 990 1329 et
1015 1274 1341 1339 intellectus,
1372 1273 1425 1328 id
1449 1281 1554 1339 est,
1589 1287 1695 1328 non
1726 1272 1902 1345 anima
1932 1281 1988 1327 et

382 1367 613 1423 animus.
670 1368 947 1438 Denique,
991 1382 1018 1420 a
1057 1381 1163 1437 quo
1191 1366 1499 1422 sentiuntur
1531 1364 1883 1434 corporalia?
1928 1364 1983 1420 Si

380 1460 452 1516 ab
478 1461 678 1527 animo,
708 1475 837 1528 ergo
859 1459 969 1531 jam
997 1468 1054 1516 et
1075 1458 1342 1514 sensualis
1359 1456 1439 1513 est
1466 1459 1699 1519 animus,
1732 1472 1838 1512 non
1862 1465 1984 1511 tan-

382 1549 495 1607 tum
520 1552 928 1609 intellectualis:
960 1566 1081 1606 nam
1105 1550 1231 1606 dum
1259 1550 1529 1620 intelligit,
1558 1549 1756 1615 sentit;
1787 1549 1908 1620 quia
1940 1549 1986 1604 si

382 1660 490 1701 non
521 1645 709 1711 sentit,
742 1659 843 1700 nec
869 1643 1137 1714 intelligit.
1175 1641 1230 1698 Si
1261 1658 1393 1697 vero
1423 1641 1490 1695 ab
1517 1643 1694 1696 anima
1725 1655 1984 1712 corpora-

380 1737 452 1793 lia
484 1739 817 1802 scntiuntur,
847 1736 958 1804 jam
987 1750 1117 1806 ergo
1144 1734 1525 1790 intellectualis
1552 1743 1637 1790 est
1663 1734 1742 1787 vis
1768 1733 1983 1799 animm,

2090 533 2253 589 etiam
2296 533 2540 604 prarlatio
2589 534 2922 592 retundenda
2963 544 3066 601 est,
3117 543 3443 604 perventum
3485 533 3569 606 (4)
3596 549 3694 587 us-

2089 641 2193 696 que
2222 625 2288 681 ad
2315 623 2386 696 (c)
2414 626 2641 695 potioris
2671 628 2761 683 Dei
2792 626 3215 697 persuasionem.
3234 616 3316 697 (ἀ)
3339 624 3442 680 Sed
3461 625 3529 681 de
3551 625 3686 686 Deo.

2088 732 2188 773 suo
2215 733 2428 789 quoque
2457 733 2668 791 campo,
2702 720 3046 789 experiemur
3071 732 3193 773 cum
3219 717 3506 773 haereticis.
3530 717 3692 772 Nune

2087 812 2157 867 de
2195 811 2372 866 anima
2404 811 2621 876 titulus,
2672 819 2729 866 et
2757 810 3029 866 intellectu
3079 825 3185 866 non
3215 808 3473 864 insidiose
3498 808 3693 879 prtere-

2089 903 2259 961 rendo
2289 904 2455 960 locus.
2485 902 2618 958 Nam
2634 902 2737 958 etsi
2767 903 2970 974 potiora
2993 911 3120 958 suat
3143 915 3264 973 qua:
3292 898 3569 956 intellectu
3608 907 3722 953 at»

2089 995 2386 1066 tinguntur,
2446 1003 2502 1049 ut
2557 993 2840 1065 spiritalia,
2867 1008 3026 1064 quam
3050 1008 3171 1062 qum
3197 1002 3383 1053 sensu,
3414 999 3472 1045 ιιι
3495 1003 3695 1060 corpo—

2090 1087 2221 1143 ralia
2256 1129 2272 1154 ,
2326 1101 2506 1142 rerum
2560 1087 2665 1142 erit
2716 1086 2999 1157 praelatio,
3054 1084 3430 1139 sublimiorum
3483 1083 3696 1139 scilicet

2089 1178 2348 1234 adversus
2381 1179 2692 1234 humiliores
2722 1219 2737 1243 ,
2785 1193 2891 1233 non
2940 1176 3245 1233 intellectus
3273 1176 3532 1231 adversus
3552 1190 3689 1231 seu-

2089 1284 2229 1325 sum.
2268 1269 2339 1341 (c)
2373 1268 2658 1336 Quomodo
2712 1268 2866 1323 enim
2897 1252 3212 1338 pra'feratur
3239 1268 3419 1323 sensui
3450 1266 3695 1324 intellec-

2090 1372 2176 1418 tus
2201 1403 2216 1427 ,
2242 1377 2269 1416 a
2295 1376 2402 1433 quo
2430 1362 2747 1416 informatur
2784 1359 2850 1415 ad
2879 1361 3240 1432 cognitionem
3264 1360 3551 1415 veritattnn
3582 1360 3607 1413 ?
3634 1358 3693 1415 Si

2089 1456 2233 1510 enim
2258 1454 2513 1511 veritates
2544 1470 2637 1525 per
2667 1454 2928 1525 imagines
2961 1452 3439 1524 adprehenduntur
3465 1496 3479 1519 ,
3510 1451 3561 1507 id
3607 1461 3697 1507 est

2089 1547 2374 1602 invisibilia
2424 1562 2519 1615 per
2545 1545 2770 1600 visibilia
2810 1554 3123 1609 noscuntur,
3158 1544 3283 1614 quia
3306 1544 3368 1598 ‘ct
3392 1541 3695 1614 Apostolus

2093 1643 2248 1698 nobis
2299 1641 2487 1698 scribit
2526 1640 2706 1709 (Rom.
2732 1638 2777 1705 1,
2808 1639 2902 1711 20)
2930 1659 2943 1694 :
2971 1637 3286 1693 .‘Invisibilia
3325 1638 3459 1692 enim
3501 1637 3616 1708 ejus
3660 1653 3698 1689 a

2089 1735 2378 1791 conditione
2405 1735 2586 1788 ιιιιιιιιιὶ
2610 1733 2673 1787 de
2699 1732 3062 1805 {actitameutis
3087 1731 3338 1787 intellecta
3365 1731 3621 1795 visuntur;
3638 1739 3697 1785 et

381 1844 491 1886 non
525 1829 731 1884 tadtutn
777 1826 1082 1884 seusnalis:
1130 1842 1253 1881 nam
1292 1825 1418 1880 dum
1464 1825 1651 1891 sentit,
1693 1823 1940 1896 intelligit
1968 1839 1983 1890 ;
2016 1835 2063 1895 Β
2092 1828 2247 1885 Plato
2275 1828 2576 1899 limi-elicis:
2603 1825 2787 1881 Facies
2810 1826 3143 1891 occultorum,
3176 1841 3233 1879 ea
3259 1840 3372 1894 qua:
3395 1834 3696 1896 apparent;

382 1923 507 1994 quia
538 1923 583 1979 si
629 1938 733 1978 non
764 1920 1029 1992 intelligit,
1071 1934 1174 1977 nec
1211 1921 1394 1976 sentit.
1428 1918 1685 1984 Proinde,
1716 1934 1744 1973 a
1768 1933 1874 1989 quo
1906 1918 1986 1971 in-

383 2015 699 2086 telliguntur
720 2013 1077 2085 incorporalia
1100 2013 1123 2067 ?
1154 2012 1197 2067 si
1217 2011 1285 2067 ab
1303 2012 1503 2077 animo,
1527 2011 1614 2065 ubi
1645 2011 1746 2066 crit
1765 2010 1986 2064 anima?

382 2107 428 2162 si
455 2107 523 2161 ab
550 2106 769 2171 anima,
812 2106 899 2159 ubi
945 2105 1050 2161 erit
1089 2104 1346 2159 animus?
1391 2102 1524 2172 Quae
1570 2103 1712 2159 enim
1760 2101 1982 2171 distant,

380 2201 575 2257 abesse
601 2200 827 2256 invicem
858 2199 1076 2262 debent,
1118 2213 1239 2254 cum
1267 2198 1378 2253 suis
1407 2197 1721 2252 muneribus
1749 2211 1981 2266 cperan-

382 2303 491 2365 μιν.
548 2292 766 2347 Potabis
813 2291 1028 2361 quidem
1069 2288 1260 2344 abesse
1307 2288 1547 2343 animum
1594 2287 1663 2342 ab
1708 2288 1909 2354 anima,
1938 2288 1982 2342 si

380 2385 598 2457 quando
625 2384 808 2440 animo
832 2385 905 2438 ita
927 2382 1213 2448 afficiatur,
1248 2391 1305 2436 ut
1330 2381 1638 2437 nesciamus
1668 2396 1765 2437 nos
1782 2380 1985 2436 vidisse

380 2479 532 2550 quid,
580 2480 662 2535 \el
694 2478 932 2545 audisse,
959 2477 1035 2551 (7:)
1065 2479 1187 2549 quia
1218 2478 1345 2534 alibi
1368 2477 1530 2535 fuerit
1559 2479 1772 2534 animus
1804 2494 1819 2544 ;
1849 2477 1984 2534 adeo

376 2560 730 2637 contendam,
775 2570 884 2626 inzo
910 2571 1079 2641 ipsam
1109 2571 1345 2626 animant
1378 2587 1479 2628 nec
1502 2572 1724 2637 vidisse,
1760 2587 1859 2628 nec
1884 2588 1982 2627 an-

380 2664 549 2730 dissc,
572 2664 695 2735 quia
714 2663 839 2719 alibi
871 2663 1029 2719 fuerit
1051 2680 1172 2720 cum
1196 2679 1291 2720 sua
1316 2665 1388 2731 vi,
1409 2664 1460 2720 id
1485 2675 1588 2730 est,
1622 2665 1819 2722 animo.
1849 2665 1981 2721 Nam

379 2766 437 2815 et.
463 2773 585 2814 cum
613 2757 873 2813 dementit
899 2755 1061 2812 homo
1080 2797 1096 2822 ,
1144 2756 1407 2812 dementit
1431 2758 1608 2812 anima
1637 2798 1652 2822 ,
1687 2773 1792 2812 non
1821 2773 1982 2829 pere-

379 2851 647 2923 grinante,
676 2850 771 2904 sed
802 2849 1163 2920 compatiente
1190 2858 1315 2904 tunc
1343 2850 1545 2904 animo.
1578 2847 1654 2918 (b)
1684 2848 1975 2916 Caeterum,

380 2944 574 2999 anima:
614 2941 984 3013 principaliter
1020 2956 1180 2997 casus
1218 2950 1325 2997 est.
1370 2940 1487 3006 lloc
1527 2940 1654 2997 inde
1693 2928 1939 2996 liimatur
1964 2982 1980 3008 ,

379 3032 525 3105 quod
548 3075 563 3100 ,
592 3034 768 3089 anima
808 3031 1082 3105 digressa,
1126 3047 1228 3088 nec
1270 3031 1485 3111 animus
1515 3035 1567 3088 in
1597 3033 1814 3090 homine
1836 3035 1982 3091 inve-

379 3129 559 3184 niatur
588 3144 601 3181 :
652 3127 723 3180 ita
771 3125 919 3180 illam
950 3124 1149 3195 ubique
1175 3125 1436 3196 sequitur,
1470 3140 1499 3179 a
1531 3140 1634 3195 qua
1665 3140 1766 3182 nec
1794 3126 1847 3182 itt
1876 3124 1980 3184 line

2089 1933 2139 1978 et
2169 1936 2392 1977 necesse
2408 1929 2491 1977 est
2512 1920 2733 1975 omnino
2754 1921 2896 1985 hunc
2918 1919 3174 1974 mundum
3201 1918 3487 1989 imaginem
3506 1932 3697 1988 quan.-

2089 2013 2214 2070 dam
2259 2028 2378 2069 esse
2417 2012 2645 2068 alterius
2681 2010 2930 2083 alicujus.
2992 2010 3075 2084 (5)
3108 2009 3332 2066 Videtur
3386 2010 3696 2066 intellectus

2089 2106 2226 2162 duce
2255 2107 2328 2161 uti
2359 2121 2544 2171 sensu,
2576 2113 2629 2161 et
2650 2114 2891 2168 auclore,
2922 2112 2977 2159 ct.
3007 2102 3286 2174 principali
3311 2100 3689 2169 fundamento,

2090 2215 2191 2257 nec
2238 2198 2356 2255 sine
2386 2199 2479 2254 illo
2514 2199 2769 2254 veritates
2795 2212 2954 2267 posse
2979 2196 3214 2267 contingi
3243 2213 3256 2250 :
3290 2195 3564 2265 quomodo
3594 2211 3690 2251 er-

2087 2309 2157 2365 go
2188 2293 2366 2364 potior
2391 2292 2495 2347 erit
2543 2307 2609 2347 eo
2642 2307 2738 2363 per
2766 2307 2925 2362 quem
2957 2298 3041 2345 est
3067 2333 3081 2357 ,
3111 2304 3217 2361 quo
3237 2298 3383 2360 eget,
3415 2289 3500 2346 cui
3523 2288 3693 2344 debet

2091 2399 2260 2446 totum
2287 2386 2429 2455 quod
2462 2385 2677 2457 attingit
2704 2385 2726 2439 ?
2756 2384 2830 2440 lta
2864 2396 3150 2454 utrumque
3180 2383 3522 2439 concluditur
3553 2400 3567 2435 :
3595 2399 3691 2438 ne-

2087 2494 2193 2549 que
2243 2476 2638 2549 prmt‘crendum
2697 2476 2879 2531 sensui
2932 2475 3316 2541 intellectum;
3371 2489 3467 2546 per
3524 2490 3690 2545 quem

2087 2572 2230 2628 enim
2267 2569 2394 2643 quid
2421 2577 2674 2638 constat,
2728 2569 2952 2624 inferius
2994 2571 3110 2639 ipso
3137 2576 3220 2623 est
3251 2585 3266 2633 ;
3319 2582 3493 2638 neque
3522 2582 3690 2638 sepa-

2086 2663 2315 2722 randum
2340 2678 2371 2718 a
2416 2677 2578 2719 sensu
2610 2680 2624 2717 :
2685 2676 2780 2732 per
2816 2659 2960 2733 quod
2988 2664 3129 2717 enim
3162 2659 3288 2732 qttid
3316 2669 3418 2729 est,
3446 2675 3568 2717 cum
3601 2660 3683 2731 ip-

2087 2772 2148 2815 so
2179 2766 2281 2815 est.
2540 2743 2554 2755 ’
3614 2768 3629 2779 '

2684 2847 2910 2906 CAPUT
2943 2847 3086 2905 XIX.

2158 2943 2264 3001 Sed
2308 2959 2376 3000 ne
2415 2943 2490 2998 illi
2538 2942 2754 3013 quidem
2807 2940 3192 3014 praetereundi,
3237 2939 3328 3013 qni
3362 2940 3441 2997 vel
3469 2941 3690 2997 modico

2088 3036 2346 3107 temporis
2389 3034 2610 3091 viduant
2663 3035 2897 3090 animam
2941 3034 3235 3089 intellectu.
3282 3032 3513 3089 Proinde
3535 3035 3690 3106 enim

2088 3130 2227 3184 viam
2275 3137 2523 3183 sternunt
2571 3135 2752 3198 postea
2803 3124 3096 3181 inducendi
3147 3124 3305 3195 ejus,
3349 3125 3488 3180 sicut
3515 3135 3566 3180 ct
3602 3125 3692 3197 (ti)

379 3218 748 3275 subremanet.
789 3216 923 3272 Cum
971 3230 1099 3273 vero
1138 3216 1378 3288 sequitur
1422 3227 1477 3273 et
1521 3217 1807 3303 addicitur,
1856 3237 1978 3291 per-
2008 3224 2053 3286 C
2088 3222 2286 3281 animi.
2318 3236 2347 3275 a
2374 3235 2482 3291 quo
2510 3220 2716 3276 scilicet
2747 3219 2832 3291 (Ἰ)
2881 3221 3162 3290 proveniat
3190 3218 3512 3275 intellectus.
3566 3219 3686 3276 γυ-

379 3312 510 3369 inde
564 3310 868 3366 intellectus
915 3309 1110 3364 anima:
1180 3309 1476 3373 addicitur.
1530 3328 1689 3383 quam
1741 3314 1985 3385 sequitur

377 3404 592 3459 animus
633 3403 719 3458 cui
768 3401 1037 3458 addicitur
1067 3402 1393 3459 intellectus.
1444 3403 1526 3459 Sit
1552 3419 1696 3461 nunc
1726 3415 1779 3462 et
1810 3409 1985 3477 potior

375 3511 541 3552 sensu
569 3495 898 3561 intellectus,
927 3503 981 3549 ct
1008 3495 1184 3565 potior
1200 3495 1451 3566 .eognitor
1477 3508 1935 3555 sacramentorum
1963 3519 1979 3556 :

375 3589 673 3646 dummodo
698 3599 752 3645 et
775 3591 888 3659 ipse
908 3589 1125 3659 propria
1157 3589 1236 3645 vis
1265 3591 1481 3656 animae,
1507 3591 1649 3661 quod
1675 3601 1732 3650 et
1764 3608 1979 3663 sensus,

385 3680 524 3738 nihil
575 3696 692 3736 mea
730 3680 978 3746 interest,
1013 3680 1115 3737 nisi
1143 3697 1265 3736 cum
1318 3681 1519 3738 idcirco
1547 3683 1981 3754 praeferturscn-

377 3774 461 3831 sui
495 3773 823 3842 intellectus,
854 3780 911 3828 ut
935 3787 999 3829 cx
1025 3772 1127 3830 hoc
1148 3787 1360 3846 quoque
1377 3775 1676 3846 separatior
1698 3776 1980 3848 habeatur,

2090 3314 2199 3369 lunt
2242 3312 2519 3369 infantiam
2550 3311 2665 3368 sola
2694 3312 2871 3368 anima
2896 3310 3161 3367 contineri
3187 3352 3203 3378 ,
3230 3326 3334 3382 qua
3362 3320 3691 3367 tantummo-

2086 3405 2159 3462 do
2181 3405 2358 3472 vivat,
2397 3421 2505 3461 non
2531 3415 2591 3461 ut
2620 3405 2822 3475 pariter
2848 3404 3023 3475 sapiat
3056 3420 3070 3468 ;
3104 3405 3229 3475 quia
3271 3420 3371 3461 nec
3399 3405 3577 3461 omnia
3608 3420 3693 3460 so-

2089 3503 2238 3573 piant
2278 3514 2398 3571 qua:
2443 3500 2668 3555 vivant:
2714 3492 2986 3571 denique,
3035 3498 3263 3554 arbores
3302 3499 3483 3554 vivere
3511 3540 3526 3564 ,
3584 3514 3694 3555 nec

2091 3605 2265 3651 tamen
2288 3608 2499 3667 sapere,
2529 3594 2824 3650 secundum
2852 3593 3221 3660 Arist0telem,
3252 3592 3381 3649 et‘si
3401 3592 3524 3664 quis
3546 3593 3695 3651 alius

2087 3688 2437 3745 substantiam
2482 3687 2768 3743 animalem
2815 3686 2885 3759 (ι’)
2940 3686 2992 3740 in
3022 3685 3267 3740 universa
3292 3685 3686 3747 communicat.

2087 3794 2208 3853 quae
2234 3778 2373 3850 apud
2423 3793 2521 3836 nos
2548 3779 2600 3834 in
2631 3778 2849 3835 homine
2881 3778 3084 3849 privata
3112 3791 3200 3834 res
3226 3785 3312 3835 est
3334 3819 3350 3847 ,
3381 3791 3489 3836 non
3519 3777 3705 3856 modo

1603 3890 1981 3953 LECTIONES
2017 3893 2432 3954 VARIANTES.

469 3982 501 4033 ι·
548 3982 653 4033 Νοιι
676 3980 822 4034 inser.
855 3983 1040 4035 Womu.

441 3982 515 4104 Eii
554 4046 617 4094 At
640 4042 793 4096 Rhea.
819 4048 964 4095 Pam.

546 4046 617 4119 ῥι
640 4042 964 4119 Riten.‘1’a_m.

443 4106 519 4169 (ὅ)
546 4108 615 4157 lix
637 4108 745 4158 cod.
773 4106 1026 4173 Agobard.

442 4166 517 4236 (4)
543 4169 850 4220 Perventum
873 4182 1071 4234 quoque
1092 4166 1243 4221 Seml.
1265 4173 1410 4222 Pam.

2149 3983 2201 4049 (5

2246 3985 2310 4049 Et
2330 3985 2460 4049 quod
2484 3985 2575 4035 sibi
2598 3985 2717 4037 add.
2754 3985 2907 4036 Frmt.
2932 3985 3061 4049 quod
3080 3985 3169 4037 sibi
3194 3988 3337 4038 Pam.

2240 4048 2308 4162 ξι
2326 4044 2424 4099 del.
2447 4056 2560 4136 Jan.

2240 4145 2251 4159 .
2280 4125 2323 4162 tc
2341 4117 2395 4161 ut.
2412 4123 2560 4161 anim.

2240 4110 2323 4162 Sic
2341 4117 2395 4161 ut
2412 4111 2574 4161 anima
2596 4109 2786 4162 scilicet
2805 4111 2954 4162 Fran.

2202 3983 2223 4177 ξ

1814 4254 2330 4312 (ιιιιιΕΝΤΑιιιυε.

1814 4257 1854 4304 ι)
1886 4254 1937 4309 -.\
1984 4254 2003 4294 τ
2040 4255 2050 4268 ’
2253 4255 2264 4279 '
2317 4298 2330 4312 .

454 4341 530 4413 (a)
565 4342 699 4414 Quia
725 4341 846 4397 alibi
895 4309 1048 4414 fuerit
1075 4343 1297 4414 animus.
1331 4340 1445 4414 line
1473 4342 1707 4412 pertinet
1733 4253 2385 4414 θξιιιῗὶιῖιιᾱῖἓῃιξίοιι
2436 4348 2654 4413 copiose
2679 4348 2743 4404 ad
2776 4349 2940 4406 libros
2965 4361 3142 4406 contra
3175 4352 3510 4410 Marciana».
3543 4353 3686 4411 Lac.

380 4411 596 4471 illtttlll.
630 4413 870 4484 Gregorii
903 4411 1059 4483 Nyss.
1093 4414 1186 4469 lib.
1219 4412 1282 4484 ιγ
1320 4412 1518 4466 Philas.
1559 4428 1680 4483 ('ap.
1713 4414 1785 4469 ὃς
1821 4411 1839 4466 ἆ
1875 4415 1971 4471 Vel

2150 4417 2230 4493 (ιι)
2264 4417 2381 4493 Sed
2407 4418 2598 4493 deﬂeo
2627 4436 2719 4474 suo
2748 4437 2949 4493 quoque
2966 4438 3147 4493 campo
3169 4441 3283 4478 cum
3312 4426 3491 4480 Itwret.
3516 4424 3691 4482 Vide-

379 4498 500 4543 cum
530 4503 680 4542 mens
707 4483 825 4568 aliis
856 4484 1102 4568 intendit,
1139 4494 1204 4568 ,ιιι
1230 4483 1357 4568 dum
1386 4489 1674 4568 [imposuit
1692 4487 1813 4568 quis
1839 4489 1974 4540 anti-
2001 4502 2053 4563 D
2082 4483 2168 4568 tur
2188 4483 2424 4568 iudicare
2446 4490 2616 4568 libros
2633 4483 2902 4568 sttos'adt}.
2927 4483 3261 4568 Margianam.
3285 4513 3418 4568 quos
3437 4497 3545 4568 jam
3572 4514 3688 4552 ηιρ-
3748 4512 3751 4513 ⁷

380 4574 501 4615 cum
531 4557 819 4613 convenire
840 4598 853 4619 ,
884 4566 941 4610 et
964 4555 1074 4625 jam
1103 4556 1434 4611 allocuturns
1459 4555 1704 4625 praeterit
1733 4573 1876 4624 enin,
1908 4572 1976 4612 eo

379 4630 521 4700 quod
549 4645 702 4686 mens
730 4628 847 4700 aliis
872 4625 1200 4681 distrahitur
1224 4666 1238 4692 ,
1287 4642 1456 4696 neque
1498 4625 1585 4681 hic
1611 4637 1690 4682 est
1716 4642 1871 4683 error
1898 4631 1946 4683 vi

380 4699 496 4762 sus.
525 4701 618 4754 ειειί
649 4699 1003 4753 intellectus.»
1042 4700 1178 4753 l’au.
1241 4759 1247 4765 ,

455 4770 537 4844 (li)
578 4770 829 4827 Cmmrunt
871 4770 1056 4844 animo;
1101 4767 1453 4844 principaliter
1499 4784 1646 4822 casus
1670 4779 1763 4844 est.
1804 4768 1976 4826 Verba

382 4838 588 4899 hzc'c'ex
616 4856 801 4898 eorum
823 4840 1086 4895 sententia
1109 4838 1320 4893 adferre
1347 4838 1577 4904 videtur,
1597 4840 1687 4909 qui
1713 4842 1976 4896 abunitua

379 4916 616 4969 animum
644 4912 1057 4981 distinguebant,
1087 4911 1225 4965 sicut
1249 4911 1409 4964 etiam
1436 4910 1521 4964 illa
1548 4950 1563 4973 ,
1611 4913 1751 4981 quod
1803 4916 1977 4968 animo

379 4987 630 5057 digressa,
661 4993 765 5040 etc.
782 4980 976 5057 Verum
1001 4981 1160 5037 etiam
1179 4980 1307 5057 illud
1333 4980 1703 5057 argumentum
1728 4999 1837 5037 sua-
1864 4987 1979 5054 opi-

383 5052 528 5112 nioni
555 5053 925 5110 accommodat
950 5052 1301 5121 sequentibus
1326 5053 1543 5108 verbis:
1592 5070 1708 5107 cum
1763 5070 1878 5111 vero
1899 5052 1978 5110 Ise-

379 5128 574 5197 quitur,
606 5136 709 5182 etc.
728 5124 1164 5197 Pure-Annua:
1187 5123 1536 5197 principaliter
1560 5139 1709 5179 casus
1739 5135 1831 5180 est.
1860 5125 1975 5181 Non

385 5194 454 5255 ex
483 5214 668 5253 eorum
709 5196 973 5252 sententia
1006 5194 1241 5265 loquitur
1265 5235 1280 5259 ,
1311 5194 1400 5265 qui
1431 5195 1670 5250 animum
1696 5197 1765 5252 ab
1795 5199 1975 5252 anitna

350 5300 357 5307 ~
386 5267 786 5338 distinguebant
811 5267 1033 5321 cumino
1056 5307 1073 5332 ,
1118 5277 1177 5319 ut
1218 5266 1421 5338 putavit
1450 5266 1718 5322 Pamelius
1740 5308 1756 5330 ,
1785 5268 1879 5323 sed
1911 5285 1978 5324 ex

387 5355 483 5395 sua
513 5340 773 5396 adversus
817 5338 974 5392 illos:
1012 5352 1133 5390 nam
1174 5337 1349 5390 anima
1382 5337 1631 5391 incolumi
1659 5340 1896 5393 animum
1926 5350 1981 5394 et

382 5421 566 5467 tuente
588 5428 617 5463 ιι
651 5407 826 5480 perire
856 5407 1127 5480 dicebant,
1157 5416 1210 5462 et
1241 5422 1399 5477 posse
1426 5409 1659 5472 cadere;
1693 5409 1981 5465 Tertullia-

383 5498 485 5538 nns
533 5478 666 5536 vero
688 5479 799 5533 vult
825 5478 965 5550 quod
998 5480 1229 5533 animam
1257 5491 1514 5548 sequatur
1537 5495 1767 5543 animus,
1803 5490 1853 5535 et
1884 5497 1977 5550 pe.

384 5562 575 5609 renntc
602 5552 777 5604 anima
797 5558 850 5603 et
873 5549 1117 5613 cadente,
1143 5559 1198 5603 ut
1220 5550 1604 5618 principaliori,
1620 5562 1837 5607 corruat
1855 5549 1979 5608 tunc

383 5626 544 5681 etiam
568 5624 777 5676 animus
805 5620 1060 5676 snbnixns
1090 5622 1294 5675 animat.
1327 5620 1457 5676 Lac.

455 5696 528 5770 (c)
574 5693 801 5770 Patieris
826 5689 925 5770 ρει
956 5693 1355 5770 persuasimtem.
1405 5692 1723 5770 Perstringit
1749 5692 1977 5770 Marcio-

385 5762 527 5823 nit'as
571 5777 626 5822 et
667 5764 800 5817 alios
821 5762 1221 5830 Gnnsticoruin,
1268 5763 1356 5832 qui
1401 5764 1581 5832 plures
1609 5764 1744 5817 Deos
1771 5763 1981 5819 conlin-

382 5848 594 5909 gt'ntes,
660 5850 822 5889 unum
854 5833 1003 5891 alteri
1034 5833 1390 5906 pracfercbant
1412 5874 1427 5901 ,
1478 5833 1674 5890 bonum
1706 5835 1870 5894 malo.
1905 5836 1981 5893 De

2085 4560 2378 4637 (litabatur.
2423 4564 2507 4637 qui
2535 4560 2983 4637 inlrahhabentur.
3018 4564 3151 4637 Nam
3180 4560 3387 4637 prinius
3416 4560 3471 4625 et
3490 4583 3687 4624 secun-

2054 4628 2057 4633 ’
2084 4632 2183 4686 dus
2205 4628 2555 4701 peculiariter
2580 4632 2647 4687 de
2673 4633 2783 4689 Deo
2807 4634 3100 4691 disseruul.
3136 4628 3269 4692 Ρλιι.

2155 4703 2232 4775 (c)
2258 4702 2543 4775 Quomodo
2588 4705 2720 4758 enim
2762 4708 3068 4774 prmfct'atur
3107 4710 3298 4765 sensui.
3331 4710 3482 4767 Solet
3508 4710 3686 4766 artiﬁ-

2078 4773 2226 4851 ciose
2256 4773 2617 4830 Tertullianus
2650 4790 2724 4851 ex
2763 4773 2962 4851 lidneia
2991 4778 3188 4849 ingenii
3219 4822 3247 4851 ,ί
3278 4792 3334 4835 ιιι
3362 4780 3688 4851 persuadeat

2080 4846 2223 4914 quod
2252 4855 2454 4900 rectum
2482 4855 2585 4922 est,
2650 4846 2701 4899 in
2732 4846 3068 4922 contrariam
3086 4858 3141 4905 et
3168 4846 3438 4921 obliquam
3468 4864 3683 4922 partem

2080 4931 2323 4986 vergere.
2356 4926 2417 4994 ut
2439 4917 2526 4994 qui
2543 4932 2775 4994 curvam
2805 4917 3008 4994 virgam
3024 4921 3280 4994 dirigunt,
3299 4917 3352 4977 in
3371 4917 3683 4994 oppositum

2082 4996 2331 5059 torquent
2357 5005 2369 5039 :
2406 4987 2477 5042 ita
2505 4987 2590 5043 hic
2620 4987 2933 5059 perzequarc
2960 4987 3169 5057 videtur
3196 4987 3685 5050 sensutn'intellcc—

2083 5058 2156 5133 tui
2206 5059 2475 5133 adversus
2513 5075 2607 5114 eos
2632 5058 2791 5133 ,__qni
2834 5061 3057 5133 nimium
3100 5063 3250 5118 illum
3282 5065 3681 5133 dcprimcbant.

2084 5129 2224 5184 hunc
2263 5129 2610 5185 estollcbant.
2646 5129 2847 5186 Verum
2876 5132 2999 5187 licet
3029 5129 3370 5190 facultatibus
3397 5136 3450 5189 in
3484 5152 3543 5190 se
3566 5139 3682 5190 eol-

2082 5201 2204 5255 latis
2236 5200 2464 5272 invicem
2494 5241 2512 5267 ,
2538 5202 2735 5256 sensui
2766 5214 2983 5272 prteSIet
3014 5204 3319 5261 intellectus
3350 5221 3368 5270 ;
3399 5206 3581 5261 relatis
3611 5208 3682 5262 ad

2085 5272 2309 5341 primam
2340 5269 2576 5328 radicem
2608 5281 2662 5327 et
2688 5269 2948 5347 originem
2977 5316 2992 5341 ,
3028 5284 3086 5330 nt
3117 5275 3218 5332 hoc
3241 5269 3419 5347 capite
3447 5278 3634 5334 retulit
3664 5321 3679 5342 ,

2084 5353 2270 5414 neutra
2301 5352 2553 5414 prmstat,
2604 5356 2726 5399 eum
2775 5345 3051 5414 utriusque
3097 5346 3216 5402 fons
3261 5345 3322 5404 et
3346 5348 3682 5404 domicilium

2082 5413 2342 5485 originale
2369 5412 2558 5469 eadem
2584 5429 2674 5469 res
2704 5415 2808 5479 sit,
2841 5412 3036 5480 nempe
3089 5419 3266 5473 anima
3298 5438 3311 5473 :
3369 5436 3473 5473 non
3499 5421 3682 5476 anima

2083 5493 2137 5538 et
2180 5486 2383 5539 animus
2409 5494 2466 5538 ιιι
2491 5488 2579 5540 res
2608 5485 2836 5541 diversa:
2861 5528 2875 5547 .
2908 5489 2981 5541 nti
3009 5490 3268 5544 contrarii
3299 5489 3508 5546 fueram
3536 5491 3684 5545 arbi-

2087 5557 2240 5633 trati.
2290 5555 2363 5633 Ιίζι
2413 5556 2572 5633 etiam
2628 5555 2817 5612 referri
2872 5570 3097 5633 possunt
3155 5562 3497 5631 probationes
3545 5577 3684 5633 quas

2082 5625 2670 5703 subditTertullianus
2694 5669 2709 5694 ,
2765 5637 2823 5683 ut
2863 5625 3168 5685 necessitas
3205 5648 3460 5687 sensuum
3516 5625 3683 5703 quam

2088 5698 2576 5773 habethintcllectus
2600 5738 2617 5773 _,
2667 5710 3040 5773 argumentum
3077 5703 3146 5756 sit
3189 5703 3404 5773 unitatis
3431 5698 3686 5773 principii

2085 5776 2139 5823 et
2167 5766 2475 5843 radicis,_ae
2497 5766 3066 5843 proinde_'a2qualitatis
3110 5774 3351 5843 originis.
3386 5766 3521 5829 Luc.

2157 5838 2310 5894 CAP.
2349 5838 2661 5913 XlXC—(l‘)
2697 5838 3048 5899 Sttbstantiam
3076 5838 3367 5900 animalem.
3413 5844 3686 5904 Substatt-
