4062 6288
370 249 474 304 685

1762 204 2243 296 ΤΕιιτυιιιειΝι

3566 241 3673 299 (>85

371 362 608 419 semina:
644 363 1000 434 magisterque
1030 374 1097 415 es
1131 358 1341 414 occulto
1370 358 1507 413 Dens
1540 353 1781 427 producit
1809 352 1960 423 inge-
1988 354 2042 413 Α
2067 351 2303 421 Apparet
2327 359 2522 423 quanta
2550 353 2655 409 sint
2681 368 2801 424 quae
2827 369 2988 411 unam
3020 355 3216 412 animm
3242 365 3484 415 naturam
3514 356 3670 412 varie

373 456 473 509 nia.
495 474 512 506 ι
547 454 626 510 Ex
648 453 940 509 seminibus
966 451 1171 507 scilicet
1199 449 1399 516 insitis,
1433 456 1487 504 et
1509 446 1731 504 occultis
1755 460 1855 517 per
1884 446 1965 499 in-

289 518 341 558 ν
374 547 588 601 fantium
615 587 628 609 ,
661 562 779 615 quae
804 553 1003 600 suntet
1032 542 1351 598 intellectus.
1377 541 1451 595 Ex
1483 540 1566 595 his
1601 540 1742 595 enim
1774 537 1991 609 produ--

369 647 563 694 cuntur
589 637 820 707 ingenia.
854 636 1042 701 Porro,
1073 643 1131 689 ut
1160 633 1238 706 (l)
1270 631 1476 704 frugum
1524 630 1816 687 seminibus
1858 640 1963 684 una
2008 661 2017 670 ι

366 729 622 800 cujusque
640 729 852 801 generis
879 728 1045 784 forma
1063 738 1166 792 est,
1184 740 1465 798 processus
1488 735 1662 780 tamen
1686 724 1839 789 varii,
1860 723 1962 779 alia

370 822 579 892 integro
609 831 749 876 statu
773 820 1026 888 evadunt,
1057 820 1157 874 alia
1188 819 1348 876 etiam
1377 818 1595 874 meliora
1618 818 1962 888 respondent,

363 913 465 968 alia
500 913 822 985 degenerant
853 929 945 984 pro
975 910 1281 967 conditione
1309 910 1428 968 creli
1458 920 1511 966 et
1542 909 1644 966 soli
1670 951 1684 975 ,
1734 924 1830 979 pro
1872 923 1963 963 rae

364 1007 509 1062 timte
537 1007 717 1077 operis
742 1047 757 1071 ,
786 1015 839 1061 et
874 1020 1051 1070 curae,
1099 1021 1196 1075 pro
1241 1015 1539 1076 temporum
1584 1008 1778 1060 eventu
1806 1045 1820 1070 ,
1868 998 1965 1072 pro

364 1097 578 1153 licentia
605 1112 861 1153 casuum:
894 1097 964 1151 ita
994 1107 1049 1153 et
1076 1097 1308 1152 animam
1360 1095 1541 1151 licebit
1586 1096 1793 1150 semine
1842 1095 1962 1150 uui-

360 1187 627 1253 formem,
661 1187 790 1244 furtu
837 1187 1215 1244 multiformem
1248 1206 1261 1241 :
1292 1203 1414 1242 nam
1455 1195 1511 1241 et
1561 1186 1647 1243 hic
1692 1188 1851 1241 etiatn
1897 1185 1966 1243 de

369 1279 503 1335 locis
532 1280 773 1335 interest.
808 1277 886 1352 (a)
920 1278 1120 1335 Thebis
1151 1279 1371 1335 hebetes
1395 1291 1449 1333 et
1474 1276 1662 1333 brutos
1698 1280 1842 1333 nasci
1876 1293 1963 1334 re«

365 1372 528 1427 latum
560 1380 671 1435 est;
704 1370 781 1444 (b)
820 1372 1048 1426 Athenis
1086 1370 1325 1441 sapicndi
1358 1370 1679 1441 dicendique
1718 1369 1967 1425 acntissi-
2033 1384 2038 1391 '

359 1478 477 1518 IIIOS
501 1482 515 1529 ;
550 1464 637 1519 ubi
665 1478 826 1534 penes
855 1462 1105 1536 Colytum
1128 1463 1277 1535 pueri
1302 1478 1488 1519 mense
1516 1464 1674 1518 citius
1699 1462 1962 1533 eloquun-

361 1567 466 1624 tur,
500 1572 742 1628 praecocc
791 1558 991 1628 lingua.
1038 1556 1311 1628 Siquidem
1367 1569 1420 1612 et
1465 1555 1617 1611 Plato
1656 1558 1708 1612 in
1751 1556 1962 1626 Tiiitwo,

355 1650 646 1706 Minervam
677 1651 948 1719 adfirmat,
978 1666 1099 1707 cum
1129 1652 1324 1707 urbem
1354 1652 1497 1706 illam
1524 1652 1804 1709 moliretur
1823 1693 1837 1717 ,
1881 1652 1965 1706 ni-

2006 438 2019 455 '
2066 443 2418 511 collocarint,
2441 453 2499 497 ttt
2520 443 2677 516 vulgo
2705 455 2908 500 natura;
2933 445 3257 515 deputentur
3277 491 3293 516 ,
3316 448 3530 519 quando
3553 460 3666 504 non

2065 536 2274 606 species
2299 537 2437 604 sint,
2469 535 2563 593 sed
2599 547 2773 593 sortes
2802 549 3007 594 natura:
3037 549 3093 595 et
3134 541 3444 597 substantia:
3471 540 3629 596 unius
3654 558 3670 607 ;

2068 627 2210 683 illius
2240 628 2481 694 scilicet,
2514 643 2673 699 quam
2706 629 2844 685 Deus
2876 631 2926 685 iu
2964 628 3133 687 Adam
3159 633 3423 697 comulit,
3468 642 3523 690 et
3550 648 3674 689 ma-

2066 720 2254 776 tricem
2288 722 2526 776 omninm
2557 720 2681 778 fecit
2711 741 2721 775 :
2755 732 2915 793 atque
2943 722 3080 781 adeo
3108 736 3284 782 sortes
3329 737 3487 782 erunt
3512 769 3526 789 .
3565 743 3675 785 non

2067 814 2275 884 Species
2308 813 2619 870 substantiae
2656 813 2835 883 unius,
2880 826 3007 872 utet
3047 818 3276 874 varietas
3306 820 3403 875 ista
3446 820 3672 879 moralis

2065 915 2263 975 quanta
2292 921 2435 961 nunc
2457 914 2561 973 est,
2588 915 2735 961 tanta
2763 920 2867 961 non
2893 906 3055 963 fuerit
3082 910 3133 964 in
3166 910 3282 979 ipso
3309 911 3549 982 principe
3574 929 3671 986 ge-

2068 999 2213 1054 neris
2234 998 2423 1055 Adam.
2445 1000 2749 1056 Debuerant
2767 1001 2909 1056 enim
2939 1001 3101 1058 fuisse
3124 1002 3239 1059 haec
3253 1005 3433 1059 omnia
3462 1006 3516 1061 in
3541 1006 3635 1062 illo
3654 1050 3669 1076 ,

2069 1098 2127 1145 ut
2144 1090 2194 1145 itt
2222 1089 2368 1147 fonte
2394 1100 2617 1159 naturas,
2642 1101 2799 1162 atque
2826 1092 2950 1148 inde
2976 1109 3097 1149 cum
3121 1104 3230 1151 tota
3258 1097 3515 1154 varietate
3553 1114 3674 1155 ma~

2070 1198 2229 1254 nasse
2249 1225 2264 1252 ,
2292 1183 2339 1238 si
2375 1184 2604 1240 varietas
2635 1193 2842 1239 natura:
2874 1184 3083 1242 fuisset.

2659 1276 2891 1333 CAPUT
2931 1277 3076 1336 XXI.

2141 1371 2295 1440 Quod
2321 1373 2363 1426 si
2393 1371 2673 1428 uniformis
2698 1382 2891 1428 natura
2918 1370 3092 1429 anima
3121 1375 3190 1430 ab
3217 1376 3368 1446 initio
3395 1377 3446 1432 in
3477 1376 3670 1445 Adam,

2069 1473 2195 1519 ante
2225 1473 2301 1519 tot
2330 1463 2575 1535 ingenia‘,
2620 1480 2749 1536 ergo
2780 1480 2884 1519 non
2934 1464 3276 1541 multiformis
3323 1467 3402 1540 (5)
3452 1484 3547 1539 per
3597 1479 3678 1525 tot

2071 1558 2311 1629 ingenia;
2351 1558 2461 1629 jam
2495 1574 2595 1614 nec
2625 1558 2703 1631 (6)
2732 1559 2992 1616 triformis
3012 1602 3026 1628 ,
3056 1570 3115 1616 ut
3142 1561 3320 1618 adlmc
3348 1563 3434 1636 (ά)
3465 1564 3676 1622 trinitas

2069 1651 2425 1707 valentiniana
2470 1652 2709 1708 caedatur
2731 1696 2747 1719 ,
2776 1668 2895 1725 qum
2925 1669 3026 1711 nec
3055 1655 3165 1726 ipsa
3199 1657 3249 1712 in
3282 1656 3452 1712 Adam
3482 1673 3676 1730 reetig-

364 1740 436 1795 hil
477 1742 619 1797 aliud
674 1759 835 1814 quam
862 1743 1095 1815 regionis
1120 1755 1365 1799 naturam
1411 1747 1757 1816 prOSpcxisse
1777 1787 1791 1810 ,
1837 1746 1960 1800 talia
1991 1751 2037 1811 B
2067 1743 2325 1799 noscitur.
2357 1745 2492 1813 Quid
2520 1747 2663 1801 enim
2692 1746 2930 1819 spiritale
2958 1749 3011 1804 in
3035 1748 3171 1804 illo?
3200 1750 3255 1807 Si
3286 1751 3408 1822 quia
3439 1753 3672 1825 prophe-

366 1834 577 1903 ingcnia
610 1835 924 1906 pollicitam.
961 1835 1115 1892 Unde
1143 1846 1197 1893 et
1237 1837 1371 1907 ipse,
1393 1837 1445 1891 in
1478 1836 1715 1908 Legibus,
1747 1837 1958 1910 Megillo

353 1935 407 1983 ct
436 1926 621 1982 Clinia:
654 1928 893 1998 prtecipit
921 1928 1216 1984 condenda:
1243 1929 1444 1985 civitati
1478 1930 1655 1985 locum
1699 1945 1955 2001 procura-

302 2075 312 2091 ,
354 2037 433 2078 rc.
465 2019 572 2077 Sed
606 2021 956 2094 Empedocles
997 2037 1243 2079 caussam
1275 2033 1477 2095 arguta:
1508 2023 1701 2080 indolis
1724 2033 1778 2079 et
1802 2022 1951 2079 obtu-

352 2130 427 2169 sae
448 2115 500 2168 in
522 2114 795 2186 sanguinis
815 2115 1073 2186 qualitate
1090 2117 1368 2171 constituit
1388 2115 1716 2187 ;‘perfectum
1738 2132 1801 2172 ac
1828 2128 1949 2187 pro-

354 2209 548 2262 fectum
572 2207 638 2262 de
662 2206 906 2262 doctrina
936 2207 1326 2278 disciplinaque
1348 2207 1581 2264 deducit.
1605 2207 1967 2279 Tamen‘ui;

242 2309 317 2344 ον
351 2309 472 2377 gata
528 2299 631 2377 iam
677 2315 763 2354 res
794 2300 1220 2377 estw-gentilium
1280 2301 1688 2375 proprietatum;
1744 2301 1950 2357 Comici

358 2395 594 2466 Phrygas
634 2394 848 2448 timidos
878 2390 1670 2457 illud’t’t’mms
1700 2390 1908 2449 Mauros
1934 2437 1949 2461 ,

350 2502 405 2548 ct
457 2494 661 2550 feroces
712 2494 977 2549 Dalmatas
1037 2492 1250 2563 pulsat;
1301 2490 1372 2562 (c)
1416 2492 1709 2547 mendaces
1767 2491 1952 2547 Cretas

357 2586 518 2641 etiam
545 2585 832 2656 Apostolus
864 2583 991 2659 (Tit.
1019 2582 1061 2651 l,
1097 2583 1187 2655 l2)
1224 2584 1408 2638 inurit.
1438 2583 1759 2639 Fortassean
1790 2593 1844 2640 et
1885 2584 1952 2640 de

349 2693 576 2749 corpore
605 2687 661 2733 et
687 2678 754 2733 de
777 2676 1079 2733 valetudine
1100 2674 1297 2747 aliquid
1318 2674 1535 2731 accedat
1558 2693 1572 2730 :
1600 2677 1847 2746 opimitas
1867 2689 1954 2730 sa-

346 2770 605 2840 pientiam
626 2769 847 2838 impedit
871 2810 886 2836 ,
917 2768 1124 2825 exilitas
1153 2765 1401 2837 expedit;
1427 2767 1686 2839 paralysis
1714 2776 1950 2823 mentem

351 2863 603 2936 prodigit,
639 2862 866 2934 phthisis
896 2870 1094 2937 servat.
1124 2860 1336 2930 Quanto
1370 2862 1537 2932 magis
1567 2861 1634 2916 de
1660 2860 1940 2918 accidenti-

351 2959 450 3012 bus
477 2954 814 3012 habebuntur
834 2997 847 3022 ,
882 2970 1001 3025 quae
1024 2994 1038 3018 ,
1073 2953 1206 3009 citra
1238 2951 1320 3025 (2)
1350 2952 1739 3023 corpulentiam
1767 2963 1821 3009 et
1858 2969 1949 3007 va-

348 3049 589 3113 lentiam,
616 3048 700 3104 vel
722 3056 940 3113 acuunt,
966 3046 1050 3102 vel
1072 3045 1368 3102 ohlundunt
1391 3047 1404 3100 l
1435 3046 1649 3102 Acuunt
1667 3046 1947 3113 doctrinm,

1194 2412 1230 2449 ὃ

2061 1836 2197 1891 tavit
2225 1851 2475 1906 magnum
2509 1836 2637 1893 illud
2669 1850 3062 1896 sacramentum
3101 1841 3155 1896 in
3184 1842 3456 1900 Christum
3485 1861 3542 1902 et
3575 1846 3675 1903 Ec-

2059 1928 2277 1984 clesiam
2304 1929 2460 1998 (Gen.
2490 1929 2557 2002 ll)
2584 1948 2596 1985 :
2635 1929 2746 1986 Hoc
2771 1947 2828 1987 os
2856 1950 2918 1988 ea:
2946 1936 3141 1989 ossibus
3171 1937 3292 1991 meis
3315 1980 3328 2003 ,
3379 1948 3423 1993 et
3453 1957 3573 1994 raro
3602 1956 3668 1996 ea:

2059 2039 2213 2078 carne
2238 2041 2349 2079 inea
2370 2066 2385 2092 ,
2418 2024 2678 2080 vocabitur
2697 2027 2917 2093 mulier;
2947 2038 3212 2099 propterea
3239 2031 3483 2103 relinquet
3507 2033 3659 2088 homo

2058 2126 2253 2187 putrem
2304 2128 2350 2172 et
2381 2127 2624 2185 matrem,
2673 2130 2719 2174 et
2750 2120 3153 2192 adglutinabitur
3196 2125 3396 2181 mulieri
3438 2143 3576 2193 suae,
3610 2137 3658 2183 et

2058 2220 2200 2263 erunt
2222 2210 2325 2266 duo
2352 2213 2404 2267 in
2426 2225 2627 2267 carnem
2654 2230 2843 2281 unam;
2873 2216 2975 2270 hoc
2994 2226 3174 2286 postea
3206 2219 3673 2294 obrenit,(e)cunt

2058 2302 2112 2360 in
2139 2303 2290 2365 illum
2327 2305 2469 2361 Deus
2495 2307 2782 2361 amentiam
2813 2304 3032 2366 immisit
3060 2352 3075 2375 ,
3108 2312 3402 2383 spiritalem
3431 2316 3536 2370 vim
3566 2334 3673 2387 qua

2058 2406 2269 2451 constat
2300 2396 2605 2468 prephetia.
2639 2397 2697 2455 Si
2723 2407 2778 2454 ct
2803 2400 3003 2456 malum
3037 2401 3087 2455 in
3115 2420 3180 2458 eo
3209 2407 3454 2475 apparuit
3488 2417 3668 2467 trans-

2056 2488 2351 2558 gressionis
2377 2487 2667 2544 admissum
2694 2532 2709 2556 ,
2742 2506 2839 2546 nce
2868 2490 2970 2547 hoc
3015 2494 3256 2550 naturale
3300 2492 3668 2567 deputandum

2058 2590 2168 2644 est,
2197 2578 2338 2649 quod
2372 2578 2621 2636 instinctu
2650 2584 2917 2651 serpentis
2945 2595 3314 2664 operatusest
3343 2587 3496 2658 (Gen.
3528 2586 3624 2664 Ill)
3648 2636 3669 2664 ,

2063 2679 2171 2725 tam
2195 2687 2300 2726 non
2326 2671 2583 2737 naturale,
2615 2689 2773 2742 quam
2799 2688 2899 2729 nec
2925 2652 3239 2742 malemale;
3271 2680 3392 2749 quia
3420 2690 3475 2737 et
3503 2652 3673 2741 male:

2060 2762 2154 2817 ria:
2191 2760 2347 2817 tidem
2379 2762 2491 2833 jam
2509 2763 2864 2820 exclusimus.
2894 2766 3046 2833 Quod
3066 2772 3109 2822 si
3136 2785 3232 2824 nec
3250 2772 3519 2841 spiritale,
3569 2790 3673 2832 nec

2056 2855 2405 2926 quoddicitur
2435 2856 2708 2912 matcriale
2736 2859 3008 2928 proprium
3037 2860 3091 2915 itt
3118 2861 3206 2915 illo
3236 2862 3351 2927 fuit;
3384 2881 3505 2920 nam
3528 2866 3671 2939 si(7)

2054 2962 2120 3002 ex
2139 2947 2357 3002 materia
2385 2947 2571 3003 fuisset
2588 2949 2711 3004 mali
2731 2964 2936 3016 semen,
2955 2962 3202 3021 superest
3224 2963 3279 3009 ut
3297 2955 3467 3011 solum
3491 2957 3545 3012 in
3575 2958 3670 3016 illo

2054 3050 2106 3095 et
2144 3041 2357 3096 unicmu
2400 3040 2556 3095 fuerit
2599 3042 2878 3110 naturale,
2920 3042 3066 3114 quod
3109 3056 3360 3102 censetur
3397 3050 3669 3118 animale;

351 3140 681 3212 diseiplinm,
725 3149 868 3194 artes
889 3181 904 3207 ,
936 3149 991 3195 et
1032 3136 1396 3208 experientia,
1447 3138 1690 3208 negotia,
1742 3139 1955 3207 studia;
1987 3141 2031 3205 ρ
2064 3131 2205 3203 quod
2258 3141 2398 3186 statu
2431 3131 2658 3202 simplex
2694 3141 2744 3188 et
2777 3131 3042 3190 uniforme
3066 3134 3424 3194 defendimus.
3457 3138 3532 3196 De
3563 3139 3674 3198 hoc

354 3234 657 3289 obluudunt
710 3231 937 3287 inscitia:
974 3273 989 3296 ,
1047 3230 1304 3302 ignavia},
1354 3228 1573 3285 desidiae
1603 3268 1618 3295 ,
1671 3229 1948 3297 libidines,

357 3324 799 3397 ines'perientiw,
841 3323 981 3390 otia,
1024 3322 1185 3388 vitia;
1234 3336 1397 3392 super
1436 3319 1583 3389 hmc,
1628 3321 1674 3377 si
1708 3329 1765 3378 et
1810 3322 1911 3378 alia
1937 3364 1952 3390 ,

354 3433 471 3491 qua:
519 3425 754 3489 praesunt
792 3423 1104 3487 potestates.
1130 3412 1421 3469 Enimvero
1450 3420 1717 3484 praesunt,
1758 3427 1953 3469 secun-

356 3512 483 3565 dum
506 3524 602 3566 nos
624 3508 861 3580 quidem,
894 3509 1035 3563 Deus
1060 3506 1342 3573 Dominus,
1362 3515 1412 3561 et
1440 3503 1684 3561 diabolus
1705 3507 1950 3575 tumulus;

354 3602 649 3659 secundum
690 3615 1028 3656 communem
1083 3609 1261 3654 autem
1313 3598 1619 3668 Opinionem
1668 3599 1954 3669 providen-

356 3696 556 3767 ti;e'(‘5)
587 3692 748 3749 fatum
780 3702 834 3749 et
860 3692 1185 3758 necessitas,
1212 3700 1267 3747 et
1292 3689 1504 3746 fortuna
1549 3690 1635 3764 (4)
1664 3693 1946 3749 etarbitrii

356 3789 594 3845 libertas.
622 3786 755 3842 Nam
784 3786 898 3841 Inec
918 3828 935 3855 ,
963 3795 1019 3842 et
1040 3781 1341 3858 philosophi
1368 3783 1700 3856 distingunt,
1730 3794 1787 3842 et
1849 3799 1947 3841 nos

352 3881 647 3939 secundum
679 3879 838 3936 iidem
866 3876 1181 3936 disserenda
1221 3893 1321 3935 suo
1344 3877 1453 3949 jam
1498 3876 1740 3933 vovimus
1771 3878 1948 3933 titulo.

2060 3224 2221 3294 plane
2247 3223 2567 3295 relinquitur
2592 3225 2757 3295 quani
2787 3240 2851 3279 an
2884 3225 3213 3283 demutabile
3251 3228 3445 3287 debeat
3471 3230 3620 3288 credi
3648 3273 3671 3301 ,

2058 3318 2199 3389 quod
2229 3316 2469 3373 naturale
2498 3318 2725 3373 dicatur.
2758 3317 2918 3374 Iidem
2946 3322 3088 3375 enim
3120 3321 3527 3385 convertibilem
3569 3339 3671 3382 ne-

2063 3419 2184 3480 gant
2206 3418 2472 3475 naturam,
2490 3420 2547 3465 ut
2566 3411 2857 3466 trinitatem
2872 3425 3022 3467 suam
3043 3415 3099 3467 iu
3123 3413 3346 3485 singulis
3369 3414 3675 3486 proprieta-

2060 3500 2198 3557 tibus
2218 3501 2382 3573 ﬁgant
2414 3520 2427 3557 :
2463 3502 2585 3572 quia
2608 3503 2767 3559 arbor
2788 3503 2926 3558 bona
2954 3504 3124 3559 malos
3147 3518 3252 3561 neu
3277 3507 3411 3564 ferat
3432 3505 3669 3577 fructus,

2059 3608 2159 3649 nec
2189 3596 2325 3649 mala
2349 3594 2551 3662 bonos;
2580 3604 2634 3651 et
2660 3612 2818 3651 nemo
2842 3597 2912 3652 de
2939 3598 3109 3668 spinis
3135 3610 3299 3656 metat
3321 3600 3453 3656 ficus
3474 3642 3490 3667 ,
3513 3611 3568 3656 ct
3592 3600 3671 3660 de

2048 3687 2256 3743 tribulis
2282 3703 2430 3743 uvas.
2457 3688 2597 3760 Ergo
2624 3689 2669 3743 si
2701 3689 2771 3743 ita
2795 3698 2911 3756 est,
2942 3706 3118 3761 neque
3137 3691 3203 3748 de
3227 3693 3491 3763 lapidibus
3516 3694 3669 3751 ﬁlios

2050 3780 2281 3836 Abralta:
2307 3782 2564 3837 suscitare
2593 3781 2769 3854 (Matt.
2802 3781 2895 3854 lll)
2929 3786 3123 3853 poterit
3159 3784 3333 3854 Deus,
3377 3802 3475 3845 nec
3502 3790 3669 3859 geni-

2054 3873 2196 3930 mina
2225 3874 2526 3944 viperarum
2557 3874 2731 3932 facere
2770 3876 3099 3947 pmoitentis:
3128 3879 3367 3950 (ructus;
3408 3891 3465 3939 et
3509 3898 3669 3941 erra-

1574 3988 1958 4049 LECTIONES
1998 3986 2408 4044 VARIANTES.

416 4090 489 4157 (Ι)
517 4090 577 4157 [Et
596 4092 740 4157 Pani.
764 4087 831 4137 al.

440 4146 490 4204 '2')
510 4153 646 4204 Circa
672 4154 814 4201 Pam.
835 4146 985 4200 Seml.
1013 4146 1195 4199 Oberth

438 4208 489 4283 ᾗ)
516 4214 577 4283 ξι
603 4213 976 4283 providentiam
999 4214 1142 4262 Pam.
1167 4208 1317 4263 Semt.
1336 4208 1493 4260 Rhen.

442 4275 491 4338 4)
517 4275 747 4328 Fortuna:
765 4275 868 4338 Rig.
903 4281 1017 4323 Ven.

2143 4079 2194 4206 5)
2222 4080 2347 4140 Quia
2368 4078 2619 4152 uniformis
2640 4080 2758 4132 add.
2787 4081 2933 4134 Rhen.
2958 4086 3101 4135 Pam.

2143 4144 2171 4191 ll
2212 4142 2316 4206 Nec
2335 4157 2431 4206 qua
2452 4148 2561 4206 Reg.
2589 4153 2703 4206 Ven.
2732 4158 2826 4197 nec
2843 4147 3158 4206 quadrifortni

2143 4079 2194 4206 5)
2222 4080 2347 4140 Quia
2368 4078 2619 4152 uniformis
2640 4080 2758 4132 add.
2787 4081 2933 4134 Rhen.
2958 4086 3101 4157 Pani.
3146 4148 3158 4160 ο

2116 4077 2193 4272 ((75)
2212 4142 2826 4259 Iguuium
2843 4147 3187 4210 quadriformts
3209 4147 3319 4201 cod.
3343 4149 3592 4216 Agobnrd.

1737 4351 2298 4414 COMMENTARIUS.

427 4486 505 4557 (a)
529 4480 712 4557 Thebis
735 4477 1017 4557 hebetes“
1034 4473 1214 4557 'ln-utos
1263 4471 1406 4557 nasci
1455 4468 1673 4557 relatum
1694 4476 1786 4557 est.
1809 4468 1944 4557 Tltcf
1968 4471 2021 4531 D
2052 4488 2215 4557 num:
2251 4488 2320 4557 (ιιι
2366 4489 2472 4544 quo
2524 4474 2638 4528 loco
2759 4474 3053 4557 hppsttiltts
3072 4474 3386 4557 citata'erha
3414 4475 3525 4557 lati
3553 4477 3660 4557 Ti-

350 4539 446 4614 has
476 4539 712 4611 Boeotia!
734 4547 1002 4618 intelligit.
1034 4544 1222 4618 Usque
1266 4541 1402 4618 adeo
1431 4551 1608 4618 autem
1659 4539 1712 4594 id
1759 4555 1943 4618 vinum

348 4609 638 4695 est—{utea
668 4609 1002 4695 pinguedine
1029 4609 1226 4695 ingenii
1252 4611 1467 4695 quidam
1511 4611 1730 4695 Boeotos
1772 4609 1945 4693 dictos

351 4683 557 4770 putent,
594 4705 651 4751 et
670 4683 727 4749 in
759 4683 1099 4770 proverbimn
1126 4685 1355 4770 abierint
1378 4698 1486 4770 sus
1516 4683 1760 4770 blazotica,
1795 4684 1942 4770 auris

350 4753 592 4833 hernica,
617 4776 671 4821 et
696 4753 836 4835 quod
867 4759 1116 4835 proprius
1145 4760 1246 4811 huc
1270 4753 1834 4835 acceditnnlneoticum
1867 4754 1946 4835 in:

347 4822 921 4914 ééliait.ii'._aejmzabis
946 4822 1052 4885 ιέιιθ
1076 4828 1330 4914 Ere-rma?
1357 4827 1418 4914 ἱη.
1437 4822 1938 4914 (ἒέιίῖίθξίφμῆ.ν-μέ¹¹¹ἓ

348 4895 507 4970 Sitit»
535 4895 659 4965 inde
688 4895 985 4961 derivatum
1019 4907 1206 4970 putat,
1234 4897 1376 4970 quod
1405 4896 1624 4970 hebetes
1639 4904 1722 4970 _et
1755 4895 1940 4970 brutus

345 4963 925 5051 hominesgcrmanica
968 4963 1034 5051 et
1090 4963 1347 5025 hritanica
1403 4966 1583 5039 lingua
1629 4963 1749 5034 Bot,
1783 4965 1834 5022 id
1863 4975 1945 5023 est

345 5057 562 5114 Boeotos
589 5042 939 5121 aBPellemtls-
960 5042 1102 5121 ΡΨ·
1187 5110 1215 5121 ..
1439 5111 1467 5121 ..
1571 5108 1614 5121 ..
1810 5108 1840 5121 ,.

418 5108 497 5199 (li)
512 5108 744 5199 Athenis
759 5116 997 5199 sapiendi
1015 5110 1540 5199 dicendiqueacnti‘ss.
1554 5198 1557 5199 ν
1571 5108 1698 5199 ΙΙιιο⁸
1709 5108 1938 5199 pertinet

344 5181 776 5254 illtid'Ciceronis
803 5181 858 5244 in
887 5195 1022 5241 orat.
1059 5200 1153 5254 pro
1178 5182 1372 5254 Flacco
1397 5199 1412 5237 :
1433 5181 1635 5254 Adsunt
1660 5181 1937 5235 Athenien-

341 5253 417 5326 ses
437 5253 456 5336 ,ί
486 5265 616 5321 unde
644 5261 933 5336 humanitas
957 5300 970 5324 ,
999 5253 1230 5329 doctrina
1249 5294 1265 5319 ,
1295 5253 1510 5336 religio,
1540 5256 1746 5336 fruges,
1781 5255 1927 5336 jura,

340 5323 471 5411 leges
503 5346 640 5411 ortae
660 5345 809 5411 αις-ιφ
850 5333 903 5383 in
930 5323 1296 5411 o’tttneslterras
1339 5323 1629 5411 distributis
1657 5333 1923 5411 putantur.

342 5394 468 5465 ltém
500 5406 700 5481 quoda
726 5394 953 5481 '[flatonc
975 5441 989 5460 ,
1009 5400 1064 5481 in
1098 5395 1414 5481 Protagora,
1468 5394 1695 5481 Athenae.
1743 5404 1922 5481 pryta-

340 5464 828 5546 nenm‘Sapientite
871 5469 1219 5546 appellentur.
1241 5464 1520 5546 _'l)cnique_
1557 5464 1882 5546 quodlidem
1909 5508 1924 5530 ,

336 5554 464 5607 dial.
508 5551 529 5605 1
579 5537 643 5603 de
687 5537 1107 5613 Legibus’r'vocet
1153 5539 1421 5613 civitatem
1472 5537 1821 5607 eloquentiae,
1874 5546 1930 5592 et

336 5624 487 5678 multi
519 5610 785 5690 sermonis
810 5612 1123 5690 studiosam.
1153 5610 1290 5690 Dan“.
1448 5677 1461 5690 .
1665 5677 1680 5690 ‘
1829 5676 1862 5690 υ

404 5676 486 5765 ((τ)
515 5676 784 5748 Mendaces
812 5684 1003 5765 Cretas.
1031 5680 1288 5765 alendaeii
1319 5677 1537 5765 nomine
1574 5676 1926 5765 malea-udic-

328 5747 789 5827 rmit'ci-etenscs.
810 5754 1134 5817 ScholiaSIcs
1154 5750 1465 5811 Callimachi
1500 5751 1550 5808 in
1596 5747 1741 5809 lovis
1770 5748 1927 5825 Itym-

2051 4543 2233 4617 ltlttt_l,
2254 4545 2329 4599 ait
2356 4543 2643 4617 ἔνπαρσιμίςτ
2674 4548 2774 4600 ἐστὶ
2807 4554 2860 4602 τὸ
2885 4551 3125 4617 κρητίξειν
3149 4549 3226 4599 ἐπὶ
3266 4555 3349 4602 τοῦ
3379 4551 3658 4614 ψεύδεσῧοιι,

2047 4616 2144 4693 ᾇ,πό
2175 4605 2416 4684 Ῐδομενέως
2466 4605 2550 4693 ἑοῦ
2585 4626 2757 4693 apud;
2785 4605 3001 4687 ῥηθείς-ιιι·
3044 4622 3089 4679 ὃς
3139 4626 3295 4684 λκχὼν
3332 4629 3523 4688 [neptem
3552 4605 3659 4683 τοῖξ

2046 4680 2253 4770 Elimia
2281 4695 2343 4769 ῖά
2372 4692 2556 4770 λφφῦρα.
2581 4680 2706 4770 illisu
2732 4694 2816 4753 τὰ,
2858 4699 3053 4759 κρείττω
3081 4694 3235 4759 ἑαυτῷ
3257 4705 3657 4759 περιεποιγζσκτς.

2046 4755 2113 4810 In
2159 4758 2401 4826 adagium
2426 4755 2547 4812 abiit
2600 4755 2996 4821 Cretisare,'hoc
3025 4769 3096 4813 est
3136 4755 3377 4819 mentiri:
3411 4762 3472 4813 ab
3512 4761 3657 4816 ldo-

2045 4844 2219 4882 meneo
2245 4828 2404 4884 Creta:
2444 4838 2638 4891 natum,
2667 4830 2752 4899 qui
2781 4846 2897 4884 cum
2926 4829 3096 4900 Troja:
3125 4831 3288 4899 spolia
3326 4829 3517 4887 ercis
3562 4834 3621 4886 di
3632 4863 3657 4875 -

2045 4900 2243 4954 visurus
2271 4910 2416 4962 esset,
2447 4902 2656 4955 meliora
2685 4901 2779 4955 sibi
2810 4903 3096 4956 reservavit.
3132 4900 3208 4956 LE
3238 4901 3335 4957 Pa.

2120 4988 2273 5046 CAP.
2301 4991 2519 5047 ΧΧῐ.-
2532 4991 2613 5062 (d)
2636 4990 2862 5047 Trinitas
2895 4990 3276 5048 Valentiniano.
3299 4992 3531 5049 Trinitas
3561 4994 3658 5053 illa

2046 5072 2129 5117 cst
2168 5063 2398 5118 hominis
2420 5080 2524 5119 non
2550 5063 2663 5129 Dei,
2688 5063 2942 5119 faciebant
2976 5064 3117 5119 enim
3144 5066 3176 5118 ii
3196 5065 3430 5120 Inerctici
3464 5064 3653 5121 homi-

2044 5149 2166 5189 nem
2217 5135 2531 5204 spiritalem,
2560 5134 2841 5190 animalem
2868 5136 2981 5191 sive
3009 5135 3301 5204 carnalem,
3333 5143 3652 5194 terrestrem

2040 5205 2154 5261 sive
2203 5207 2553 5261 materialem.
2582 5204 2659 5261 Le
2694 5206 2790 5261 Pn.

2110 5321 2185 5391 (c)
2224 5319 2351 5374 Cum
2396 5322 2449 5375 in
2491 5320 2637 5375 illum
2669 5320 2806 5375 Deus
2848 5321 3119 5375 ethernio»:
3172 5321 3395 5374 immisit.
3440 5319 3645 5390 Supra,

2035 5392 2376 5463 Accidentimn
2425 5392 2634 5455 spiritus
2681 5408 2859 5463 passus
2902 5403 3011 5458 est,
3046 5393 3223 5451 cecidit
3261 5393 3391 5445 enim
3422 5392 3643 5463 ecitnsis

2033 5480 2186 5534 super
2210 5460 2377 5528 illum,
2409 5463 2588 5517 Sancti
2614 5460 2836 5534 Spiritus
2877 5465 2984 5534 vis,
3009 5464 3292 5534 Aoperatria:
3332 5461 3644 5534 prophetica.

2032 5532 2133 5590 th
2187 5564 2256 5574 —-
2279 5535 2562 5588 Amentiam
2592 5532 2817 5588 immisit.
2854 5536 2928 5590 Et:
2958 5532 3098 5589 LXX
3132 5532 3339 5603 lnterp.’
3358 5536 3445 5600 qui
3474 5533 3641 5603 (Gen.

2034 5605 2103 5674 ll)
2134 5605 2325 5660 habent
2357 5614 2596 5664 ἔκστασιν.
2630 5605 2719 5662 Sic
2769 5607 2882 5675 ipse
2905 5606 3107 5661 Auctor
3128 5647 3142 5672 ,
3172 5619 3293 5673 eap.
3347 5603 3438 5666 XI,
3489 5619 3645 5660 som-

2035 5692 2161 5732 num
2219 5677 2409 5755 adanti
2459 5678 2706 5755 t-cstasint
2759 5677 3079 5750 appellavit,
3137 5689 3310 5755 neque
3361 5675 3508 5732 aliud
3540 5692 3645 5751 per

2035 5747 2324 5807 amentiam
2353 5748 2619 5825 intelligit.
2650 5748 2783 5808 Lac.
