4062 6288
332 283 435 341 687

1749 256 2215 337 τιειιτυιιιςκΝι

3524 271 3637 334 688

329 400 381 453 in
410 396 670 454 Pltwdone
694 439 708 465 ,
739 396 877 467 quod
908 395 1098 450 aninta:
1124 393 1251 449 hinc
1280 402 1469 449 euntes
1518 391 1628 449 sint
1672 392 1820 459 illuc,
1866 400 1920 447 ct
1945 393 1996 452 Α
2027 391 2360 464 Ilermogene
2388 392 2483 466 (c).
2535 393 2819 462 Cancrum,
2865 409 3004 465 qum,
3031 404 3087 449 ut
3118 396 3193 467 (ὅ)
3225 393 3406 451 haberi
3438 393 3640 449 merito

326 491 451 547 inde
481 491 619 555 huc;
653 491 778 546 item
809 490 859 544 in
884 488 1095 554 Timazo,
1118 487 1258 557 quod
1280 486 1546 558 genimiua
1574 485 1656 557 (l)
1685 485 1799 548 Dei,
1823 485 1918 541 dc-
1962 554 1983 574 .

325 584 496 654 legata
526 584 625 638 sibi
657 582 960 638 mortalium
990 580 1266 652 genitura,
1298 588 1520 650 accepto
1543 578 1699 633 initio
1724 577 1918 632 anima:

231 698 278 710 νο
323 676 607 732 immortali
634 709 676 741 ,ο
717 675 942 731 mortale
995 675 1045 729 ei
1102 672 1598 743 circumgelaverint
1671 686 1913 743 corpus:

323 780 434 824 tum
462 768 603 839 quod
649 768 883 824 mundus
932 766 1019 822 hic
1070 767 1242 838 imago
1287 766 1359 821 sit
1399 765 1619 820 alterius
1669 764 1913 834 alicujus.

317 862 449 927 Qua:
478 861 660 918 omnia
690 872 748 917 ut
788 862 907 918 tidei
953 858 1293 917 commendet
1320 858 1429 929 (2),
1465 857 1541 928 (α)
1582 865 1638 915 et
1683 858 1915 913 animam

312 962 464 1009 retro
496 954 547 1009 in
578 952 945 1024 superioribus
973 967 1093 1007 cum
1138 950 1250 1006 Deo
1277 953 1451 1019 egisse
1489 953 1542 1004 in
1590 948 1917 1007 commercio

314 1048 579 1113 idearum,
603 1056 652 1103 et
689 1045 812 1101 imle
851 1045 954 1101 lmc
983 1044 1337 1110 transvenire,
1370 1051 1422 1099 et
1468 1042 1556 1098 hic
1601 1058 1722 1111 qure
1771 1052 1915 1098 retro

314 1141 457 1195 norit
485 1139 553 1194 de
581 1137 974 1207 exemplaribus
1003 1150 1285 1192 recensere
1309 1177 1324 1201 ,
1373 1150 1570 1190 novum
1618 1134 1910 1190 elaboravit

313 1238 973 1303 argumentum,jw-owymg
1002 1235 1285 1298 ἀνκμνγζσεις
1318 1270 1331 1292 ,
1409 1227 1460 1281 id
1505 1237 1625 1291 est,
1678 1225 1755 1297 (ὁ)
1803 1226 1912 1283 dis-

310 1326 515 1382 ceutias
547 1323 977 1379 reminisceutias
1002 1336 1123 1378 esse
1147 1339 1159 1374 :
1190 1321 1466 1376 venientes
1493 1320 1636 1376 enim
1663 1320 1786 1376 inde
1808 1320 1917 1377 huc

309 1418 517 1475 animas
542 1400 780 1473 oblivisci
813 1430 998 1471 eorum
1041 1415 1093 1470 in
1141 1414 1335 1484 quibus
1362 1414 1505 1483 prius
1534 1412 1732 1469 fuerint
1757 1456 1771 1479 ,
1816 1412 1911 1468 de-

311 1512 436 1565 ltiac
461 1524 525 1564 ex
555 1508 637 1563 bis
676 1506 975 1562 visibilibus
999 1504 1214 1561 edoctas
1240 1504 1534 1571 recordari.
1583 1504 1718 1561 Cum
1752 1506 1911 1577 igitur

310 1600 616 1671 lmjusmodi
642 1608 958 1671 argumento
986 1598 1073 1653 illa
1105 1598 1441 1654 insinuentur
1463 1613 1493 1653 a
1521 1597 1762 1663 Platone,
1788 1614 1907 1670 qua:

306 1693 547 1749 bazretici
576 1700 910 1757 mutuantur,
939 1689 1069 1745 satis
1107 1689 1390 1746 hazreticos
1421 1689 1774 1762 repercutiam
1800 1731 1814 1758 ,
1860 1690 1905 1746 si

304 1794 686 1856 argumentum
719 1783 958 1839 Platonis
983 1782 1202 1838 elidam.

871 1875 1101 1933 CAPUT
1137 1872 1331 1932 XXIV.

405 1971 586 2027 Primo
622 1970 836 2041 quidem
879 1968 1165 2024 oblivionis
1211 1983 1462 2040 capacem
1514 1971 1746 2028 animam
1801 1989 1907 2031 non

301 2064 490 2119 cedam
522 2105 536 2129 ,
608 2062 730 2132 quia
794 2068 993 2116 tantam
1067 2061 1141 2116 illi
1194 2062 1462 2118 concessit
1525 2063 1906 2133 divinitatem,

302 2166 362 2210 nt
425 2157 532 2210 Deo
575 2154 883 2225 adaequetur
932 2170 947 2207 :
999 2152 1232 2219 innatam
1274 2169 1391 2209 eam
1439 2154 1603 2222 facit,
1655 2156 1797 2227 quod
1854 2166 1911 2213 et

241 2316 245 2319 _
301 2246 478 2302 solutn
506 2260 719 2301 armare
750 2244 1041 2315 potuissem
1066 2243 1135 2300 ad
1165 2244 1529 2301 testimonium
1561 2247 1734 2318 plena:
1768 2248 1906 2303 divi-

302 2340 522 2395 uitatis:
553 2337 735 2409 adjicit
764 2337 1144 2401 immortalem,
1196 2337 1673 2408 incorruptibilem,
1732 2342 1907 2397 incor-

299 2434 564 2505 poralem,
615 2430 739 2501 quia
794 2429 897 2487 hoc
943 2439 999 2487 et
1051 2429 1214 2485 Deum
1266 2417 1514 2497 credidit,
1562 2431 1902 2501 invisibilem,

300 2525 729 2596 ineiiigiabilem,
771 2522 1112 2589 unit’ormem,
1148 2522 1513 2592 principalem,
1566 2525 1904 2594 rationalem,

299 2615 743 2674 intellectualem.
785 2614 924 2683 Quid
971 2614 1203 2685 amplius
1244 2614 1602 2685 proscriberet
1646 2618 1901 2684 animam,

302 2713 350 2769 si
396 2728 514 2769 eam
563 2710 729 2766 Deum
755 2717 1086 2779 nuncuparet
1113 2708 1137 2761 ?
1178 2707 1288 2764 Nos
1310 2717 1488 2763 autem
1519 2708 1607 2779 qui
1632 2710 1763 2765 nihil
1794 2712 1904 2769 Deo

298 2802 683 2874 appendimus,
728 2801 831 2857 boe
857 2803 973 2869 ipso
999 2800 1232 2853 animam
1262 2798 1420 2871 longe
1448 2799 1581 2856 inira
1613 2801 1775 2856 Deum
1803 2818 1900 2860 ex-

301 2895 608 2966 pendimus.
650 2890 792 2961 quod
825 2899 1004 2948 natam
1030 2904 1149 2945 eam
1182 2890 1541 2961 agnoscimus,
1571 2906 1634 2947 ac
1660 2907 1757 2965 per
1799 2892 1902 2950 hoc

301 2986 568 3042 dilutioris
588 2984 906 3049 divinitatis,
929 2991 983 3040 et
1001 2982 1579 3063 exiliorisl‘idieigtaﬁg;
1611 2996 1669 3040 ut
1694 2988 1899 3055 ﬂatum,

300 3096 409 3136 non
440 3089 496 3135 ut
524 3078 804 3150 Spiritum;
852 3084 908 3133 et
945 3076 990 3131 si
1033 3061 1634 3145 imniortmroc
1663 3080 1730 3134 sit
1760 3081 1898 3137 divi-

2024 487 2191 557 possit
2216 501 2282 543 ex
2316 489 2714 557 pcrmqualioue
2752 488 2992 543 omnium
3036 488 3422 560 proprietatum
3469 488 3631 551 deus,

2024 575 2152 631 nulli
2178 577 2411 647 passioui
2433 578 2760 649 subjacebit;
2785 580 2856 634 ita
2917 593 3016 635 nec
3040 579 3315 643 oblivioni,
3339 594 3459 634 cum
3484 585 3637 633 tanta

2020 667 2092 722 sit
2118 667 2310 739 injuria
2340 669 2561 735 oblivio,
2590 679 2791 742 quanta
2824 682 2904 727 est
2932 672 3100 743 gloria
3125 671 3261 743 ejus,
3298 673 3449 742 cujus
3493 671 3640 742 inju-

2020 762 2096 816 ria
2142 770 2244 831 est,
2297 767 2580 825 memoria.
2607 765 2690 837 (4)
2746 766 2993 822 scilicet:
3022 776 3283 838 quam-et
3321 768 3436 837 ipse
3482 767 3644 822 Plato

2018 868 2273 911 sensuum
2299 867 2354 912 et
2382 857 2753 913 intellectunm
2784 858 3034 927 salutem,
3063 868 3115 916 et
3161 859 3241 931 (Δ)
3281 858 3467 916 Cicero
3515 860 3639 915 the-

2019 961 2238 1001 saurum
2265 948 2506 1003 omnium
2538 949 2836 1005 studiorum
2868 950 3197 1020 prtedicavit.
3241 951 3349 1009 Nec
3392 953 3493 1007 hoe
3515 953 3535 1020 j
3559 971 3631 1007 un

2020 1037 2072 1090 in
2100 1036 2319 1092 dubium
2339 1038 2663 1106 deducetur,
2680 1056 2749 1095 an
2771 1050 2879 1119 tam
2905 1041 3083 1097 divina
3111 1044 3291 1098 anima
3315 1044 3634 1099 memoriun

2020 1129 2254 1198 potuerit
2282 1130 2535 1187 amittere
2560 1147 2575 1197 ;
2605 1131 2696 1187 sed
2728 1147 2795 1186 an
2824 1148 2983 1204 quam
3012 1134 3275 1201 amiserit,
3311 1150 3640 1206 recuperare

2025 1220 2206 1276 denuo
2231 1223 2420 1292 possit.
2453 1222 2586 1290 ρυω
2606 1224 2749 1279 enim
2779 1240 2886 1279 non
2914 1224 3093 1280 debuit
3125 1222 3389 1292 oblivisci,
3419 1228 3461 1281 si
3492 1216 3636 1282 obli-

2016 1320 2065 1365 ta
2094 1311 2183 1375 sit,
2214 1312 2396 1369 nescio
2421 1329 2488 1368 an
2536 1315 2706 1369 valeat
2753 1316 3043 1371 recordari.
3084 1316 3160 1372 Ita
3188 1328 3469 1391 utrumque
3498 1337 3529 1374 n
3551 1336 3586 1375 e
3604 1337 3638 1376 e

2026 1404 2241 1473 animm,
2269 1422 2375 1461 non
2405 1406 2683 1477 plalonica!
2708 1419 2985 1481 congrnct.
3019 1411 3272 1468 Secundo
3300 1411 3465 1485 gradu
3514 1431 3619 1485 op-

2015 1512 2209 1567 ponam
2251 1517 2263 1552 :
2311 1510 2496 1555 natura
2546 1510 2851 1573 compotem
2896 1504 3128 1558 animam
3188 1506 3316 1561 facis
3381 1506 3631 1565 ideorum

2012 1590 2247 1656 illarum,
2278 1605 2454 1646 annon
2487 1594 2509 1647 ?
2533 1592 2646 1650 lmo
2675 1603 2883 1660 natura,
2916 1594 3110 1666 inquis.
3139 1595 3309 1652 Nemo
3331 1612 3459 1668 ergo
3485 1615 3622 1653 ron-

2021 1684 2180 1739 cedet
2216 1684 2515 1741 naturalem
2555 1685 2831 1741 scientiam
2877 1688 3196 1744 naturalium
3238 1688 3490 1745 excidere
3542 1706 3634 1745 ar-

1939 1789 1989 1848 Β
2012 1777 2171 1864 tium.
2203 1777 2436 1834 Excidet
2471 1778 2789 1843 studiorum,
2818 1780 3035 1836 excidet
3054 1781 3437 1848 doctrinarum,
3465 1783 3634 1839 σΙὶδιηίο

2017 1870 2303 1940 plinarum,
2354 1870 2565 1927 excidet
2616 1870 2845 1928 fortasse
2889 1881 2944 1928 et
2987 1872 3345 1945 ingeniorum,
3391 1885 3439 1930 et
3487 1876 3628 1933 ali’e-

2011 1970 2193 2017 etnum
2221 1980 2235 2017 :
2264 1976 2385 2033 qua:
2408 1971 2616 2018 natura:
2646 1962 2918 2031 videntur,
2943 1977 3050 2021 non
3079 1973 3259 2021 tamen
3286 1975 3408 2022 sunt
3432 2009 3446 2029 ,
3474 1969 3623 2038 quia,

2015 2064 2070 2109 ut
2093 2055 2450 2127 praemisimus
2476 2065 2529 2111 et
2553 2071 2653 2128 pro
2680 2056 2833 2125 locis,
2868 2067 2921 2114 et
2950 2073 3049 2130 pro
3074 2060 3517 2129 institutiOnibns,
3567 2074 3631 2119 et

2013 2164 2112 2220 pro
2157 2147 2512 2219 corpulentiis
2539 2190 2554 2213 ,
2583 2163 2648 2205 ac
2672 2149 3064 2206 valetudinibus
3084 2194 3098 2217 ,
3127 2161 3183 2208 et
3211 2166 3307 2222 pro
3336 2156 3625 2224 pote~tati-

2013 2242 2112 2297 bus
2129 2241 2595 2308 dominatricibus,
2626 2256 2732 2312 pro
2762 2242 3102 2301 libertatibus
3124 2244 3351 2315 arbitrii,
3378 2261 3441 2303 ex
3473 2250 3625 2305 acci-

2008 2333 2260 2390 dentibus
2299 2344 2567 2390 constant.
2614 2335 2946 2392 Naturalium
3022 2352 3152 2394 vero
3188 2339 3408 2395 scientia
3455 2357 3522 2395 nc
3569 2341 3623 2397 iu

2009 2427 2195 2483 bestiis
2218 2427 2434 2498 quidem
2462 2427 2662 2485 deﬁcit.
2692 2429 2857 2486 Plane
2884 2430 3230 2487 obliviscetur
3252 2431 3479 2490 feritatis
3506 2434 3617 2501 leo,

2009 2521 2434 2579 mansuetudinis
2463 2522 2765 2580 eruditione
2787 2532 3111 2594 praeventus,
3137 2533 3193 2582 et
3252 2525 3328 2597 (ε)
3357 2540 3480 2581 cum
3506 2536 3625 2582 toto

2007 2614 2527 2688 soggestujnbarum
2582 2614 2691 2688 (5).
2745 2615 2995 2673 delicium
3047 2617 3136 2673 [iet
3183 2616 3467 2675 Berenices
3518 2621 3623 2675 ali-
3678 2604 3681 2605 ν

2007 2712 2164 2783 cujus
2205 2712 2405 2782 regina:
2428 2754 2443 2778 ,
2477 2711 2655 2781 lingua
2697 2726 2862 2782 genas
2889 2712 3007 2783 ejus
3031 2712 3384 2780 emaculans;
3432 2730 3624 2770 mores

2016 2805 2245 2861 bestiam
2275 2805 2576 2877 relinquent
2601 2824 2614 2860 :
2644 2807 2865 2863 scientia
2899 2807 3221 2863 naturalium
3250 2809 3617 2879 permanebit.

2005 2898 2120 2955 Non
2139 2898 2491 2955 obliviscetur
2517 2898 2657 2955 idem
2682 2899 3002 2954 naturalium
3031 2900 3365 2969 pabulorum,
3398 2912 3588 2955 natura
3607 2930 3631 2943 ι

2008 2992 2133 3046 lium
2162 2990 2547 3057 remediorum,
2577 2991 2897 3047 naturalium
2927 2996 3191 3049 terrorum
3218 3009 3234 3063 ;
3278 2994 3379 3049 etsi
3410 2994 3475 3048 de
3506 2995 3622 3064 pis-

2003 3082 2153 3139 cibus
2179 3122 2195 3148 ,
2237 3084 2335 3137 etsi
2364 3082 2432 3138 de
2461 3083 2719 3153 placentis
2758 3084 2939 3153 regina
2992 3083 3042 3139 ei
3067 3083 3340 3151 obtulerit,
3386 3099 3608 3139 carnem

299 3172 484 3228 uitatis
509 3212 524 3236 ,
581 3178 759 3226 tamen
819 3166 1125 3240 passibilem
1147 3207 1162 3231 ,
1196 3175 1253 3220 ut
1298 3166 1401 3223 hoc
1451 3167 1523 3224 sit
1577 3170 1901 3231 nativitatis:
1929 3181 1975 3244 ρ
2007 3174 2356 3241 desiderabit;
2383 3175 2482 3231 etsi
2515 3174 2582 3246 (f)
2612 3175 2879 3246 languenti
2906 3174 3197 3233 tlteriacam
3218 3177 3611 3249 composuerit,

295 3263 532 3333 ideoque
566 3270 621 3317 et
663 3276 695 3342 ε
743 3259 1034 3342 primordio
1077 3259 1484 3316 exorbitatiouis
1533 3275 1806 3342 capacem,
1846 3276 1903 3323 et

300 3358 427 3415 inde
477 3357 637 3413 etiam
683 3338 1900 3415 oblivio—ttis—WMCum

2004 3269 2214 3324 simiam
2240 3268 2324 3325 leo
2348 3268 2587 3339 requiret
2611 3286 2625 3323 :
2656 3278 2711 3324 et
2736 3269 2782 3324 si
2810 3268 3015 3325 nullum
3054 3269 3131 3325 illi
3160 3269 3481 3325 venabulum
3509 3271 3617 3324 ob-

2008 3359 2259 3427 ilrmabit,
2291 3359 2367 3433 (g)
2395 3359 2595 3431 gallum
2609 3368 2785 3417 tamen
2814 3359 3139 3417 formidabit.
3170 3359 3396 3417 Perinde
3422 3369 3477 3416 et
3504 3360 3617 3417 bo-

1534 3491 1910 3554 LECTIONES
1948 3493 2359 3554 VARIANTES.

472 3670 788 3724 Commendat
810 3671 933 3717 Par.

398 3612 445 3683 At)
475 3609 706 3683 germina
720 3599 1052 3683 _P‘ant._~Rhen.

402 3614 417 3663 i
475 3610 706 3660 Germiua
728 3610 873 3657 Pam.
901 3610 1032 3654 Rhea

397 3677 425 3723 ξ
472 3670 788 3724 Commendat
810 3671 933 3717 Par.

370 3610 447 3804 Ξδξ
466 3742 596 3785 Deus
624 3730 703 3783 hic
727 3729 849 3782 add.
884 3730 1039 3780 Fran.

2080 3605 2153 3734 ἒς)
2177 3607 2429 3659 Memoriae
2453 3609 2576 3660 Jan.

2131 3675 2152 3734 )
2177 3669 2427 3723 Tubarum
2450 3672 2576 3724 Fran

2131 3669 2152 3734 9
2177 3669 2427 3723 Tubarum
2450 3672 2601 3724 Fran.

1663 3837 2228 3902 COMMENTARIUS.

370 3951 797 4065 .(at).Eiattt'tttg'tlt
825 3971 1562 4065 relroni‘asnperiolriluts;gn)
1583 3976 1734 4065 Potui
1776 3977 1918 4035 aliud
2024 3981 2322 4065 devenit-et.
2365 4001 2382 4034 ι
2418 3982 2582 4065 Atqui
2609 3998 2733 4065 mox
2760 3994 2813 4065 et
2857 3984 3108 4065 S_i_mmias
3149 3984 3375 4065 idipsum
3414 3984 3617 4065 ibidem

310 4043 548 4126 reperire
611 4052 664 4105 in
714 4047 910 4103 Timwo
953 4043 1192 4126 Ifiatonis
1248 4043 1706 4126 littcgpertinc—ns,
1751 4064 1910 4126 quam

316 4113 461 4197 qdod
491 4123 632 4178 Deus
658 4131 899 4197 summus
911 4113 1108 4197 opifex,
1126 4115 1423 4197 constituto
1451 4113 1912 4197 universo_.divi_sit

313 4183 522 4265 animas
549 4190 738 4265 mqttali
778 4202 897 4265 cum
950 4183 1225 4265 _sidertb_us.
1273 4199 1532 4265 numero,
1581 4188 1911 4265 et.siugu_las

313 4264 549 4336 singulis
568 4253 896 4332 assignavit,
941 4254 1166 4336 et\_*elut
1193 4253 1264 4336 in
1294 4254 1594 4336 vehiculum
1646 4253 1909 4336 impositis

319 4324 553 4395 universi
587 4324 828 4389 naturam
858 4325 1122 4398 ostendit,
1153 4334 1204 4379 et
1237 4324 1382 4398 leges
1410 4325 1599 4398 fatales
1645 4324 1774 4398 ipsis
1810 4344 1906 4386 ex-

321 4409 499 4481 posuit
518 4446 534 4472 ,
562 4402 812 4481 quodque
840 4402 990 4468 origo
1019 4395 1188 4481 prima
1208 4394 1423 4481 quidem
1452 4395 1628 4477 iutura
1654 4394 1797 4481 esset
1821 4416 1910 4456 or-

318 4467 496 4537 dinata
521 4467 623 4531 una
647 4467 898 4528 oni—nibus
916 4467 940 4535 ,ί
956 4474 1229 4533 oporteret
1252 4475 1429 4521 autem
1459 4467 1601 4535 ipsas
1621 4471 1909 4528 seminatas

316 4556 373 4609 in
401 4548 603 4619 singula
642 4539 1013 4601 convenientia
1042 4537 1280 4619 ‘siugulis
1327 4537 1670 4619 temporibus
1708 4542 1907 4619 instru-

318 4606 516 4680 menta“
551 4619 796 4688 (corpora
846 4608 1062 4688 nempe)
1091 4606 1453 4688 “producere
1478 4610 1673 4666 animal
1722 4611 1910 4688 divino

318 4694 485 4751 eultui
512 4679 921 4745 dediti'ssimum.
956 4682 1093 4754 Quo
1123 4679 1260 4754 libro
1306 4692 1427 4754 cmn
1457 4695 1716 4754 nusquam
1747 4684 1906 4754 dicit,

317 4748 541 4821 animum
567 4760 646 4813 hic
670 4772 782 4829 qua:
798 4763 941 4829 retro
962 4750 1119 4829 norit.
1139 4748 1202 4803 de
1227 4748 1595 4829 exetrtplaribui
1620 4748 1904 4829 recensere,

319 4818 488 4903 magis
517 4841 645 4903 puto
672 4818 907 4903 i'stud_ad
953 4819 1268 4903 Putationem
1301 4818 1485 4876 referri
1507 4863 1523 4886 ,
1558 4824 1719 4903 cujus
1748 4818 1908 4903 etiam

315 4879 488 4980 ὦὶῖἱῖ
506 4879 650 4971 "an;
673 4879 940 4980 ᾖ¹ξᾷ¹ί¹ί¹¹ίὲν
965 4892 1052 4947 "bi
1085 4900 1366 4980 ".“'.“""l‘,le
1396 4879 1905 4980 rcnériretestiﬂit.

399 4960 479 5049 (li)
509 4960 577 5049 id
597 4983 668 5049 est
692 4966 969 5049 dissentias
997 4961 1276 5049 κουρίξ-πε.
1309 4960 1485 5049 L'o'cus
1515 4964 1779 5049 i_ste_ltaud
1810 4970 1910 5025 du-

320 5030 502 5106 ltieex
542 5042 828 5101 Pha'done,
866 5051 969 5109 non
1009 5048 1072 5088 ex
1106 5030 1293 5109 Timwo
1337 5032 1569 5109 Platonis
1596 5036 1908 5109 desumptus

322 5132 424 5177 est.
454 5118 542 5173 Sic
573 5118 714 5171 enim
742 5110 813 5165 ibi
838 5107 1061 5176 legitur:
1090 5105 1183 5177 sed
1211 5115 1266 5159 et.
1291 5105 1583 5161 secundum
1612 5107 1758 5163 illum
1789 5105 1905 5168 se..-

318 5175 578 5254 nionem,
611 5187 780 5254 inquit
809 5175 1016 5254 Cebes,
1069 5175 1112 5230 si
1159 5190 1319 5254 verus
1368 5185 1453 5231 est
1494 5218 1508 5240 ,
1537 5194 1568 5254 ο
1617 5179 1867 5237 Socrates
1889 5225 1905 5246 ,

323 5245 482 5333 quem
514 5245 577 5313 td
595 5245 899 5333 frequenter
930 5248 1131 5333 referre
1158 5245 1299 5333 soles
1320 5287 1334 5308 ,
1365 5254 1460 5333 ὃηι¹
1485 5253 1597 5333 ἡμῖν
1629 5260 1663 5331 ἦ
1704 5245 1907 5333 psam,

321 5315 550 5391 δὲᾶλλο
571 5353 620 5385 τι
651 5315 961 5390 ﬂavam“;
986 5324 1204 5388 τυγχάνει
1233 5315 1384 5384 οὖσα,
1412 5318 1462 5391 iti
1482 5315 1565 5376 etii.
1582 5326 1669 5391 ,rtit
1694 5315 1761 5377 tati
1791 5315 1908 5381 vel?

322 5389 452 5460 bum
483 5416 605 5456 cum
632 5389 962 5453 Tertulliano
992 5403 1260 5444 vertamus
1281 5428 1297 5450 .
1326 5389 1461 5456 quod
1495 5390 1637 5446 nobis
1664 5393 1911 5453 discentia

323 5475 455 5530 nihil
483 5470 625 5526 aliud
652 5468 717 5523 sit
745 5460 1299 5537 quantreminiscentia
1323 5476 1485 5537 ;__pro
1507 5478 1617 5537 quo
1640 5464 1909 5537 interpres

321 5529 562 5601 Platonis
589 5529 918 5606 vertitiquod
945 5532 1136 5614 discere
1164 5529 1459 5614 nilciiatiad
1473 5529 1544 5587 sit
1564 5534 1727 5602 nobis,
1756 5529 1907 5609 quam

316 5613 618 5671 recordari:
645 5629 666 5674 ς
692 5616 743 5663 et
773 5602 1063 5661 secundum
1091 5602 1507 5674 liunc,inquam
1533 5644 1548 5669 ,
1581 5602 1798 5664 necesse
1826 5619 1910 5666 est

320 5701 423 5742 nos
448 5686 499 5739 in
529 5672 706 5754 priore
723 5674 960 5754 quodam
990 5683 1231 5754 tempore
1254 5672 1506 5731 didicisse
1533 5689 1741 5754 eaquae
1768 5694 1907 5754 nunc

320 5701 423 5742 nos
449 5694 499 5739 itt
529 5695 706 5754 priore
732 5694 960 5802 liuoaam
990 5694 1231 5744 tempore
1254 5694 1506 5731 ωυιειδδθ
1533 5694 1594 5731 ea
1622 5694 1741 5748 qua:
1768 5694 1905 5737 nunc

320 5754 687 5812 recordamur.
723 5749 739 5804 l
769 5763 831 5802 oc
860 5754 1034 5815 autem
1065 5747 1177 5799 lieri
1211 5760 1314 5798 non
1346 5760 1539 5813 posse,
1567 5747 1610 5800 si
1639 5763 1741 5803 non
1775 5750 1905 5806 l'ttis-

320 5837 405 5882 set
435 5824 630 5881 alicubi
653 5821 825 5876 anima
857 5828 1068 5885 nostra,
1099 5816 1403 5888 priusquam
1431 5816 1481 5872 in
1511 5817 1646 5873 banc
1675 5823 1905 5891 speciem

2022 4052 2338 4124 conﬁtetur,
2385 4062 2440 4107 ct
2477 4052 2657 4109 multis
2705 4056 3000 4111 rationibus
3055 4073 3159 4111 non
3201 4052 3359 4111 modo
3408 4056 3613 4124 Cebes,

2017 4124 2112 4178 sed
2139 4133 2192 4178 et
2219 4123 2466 4179 Socrates
2488 4125 2601 4196 ipse
2623 4126 2929 4195 paradoxon
2961 4127 3063 4181 hoc
3088 4128 3407 4183 continuare
3431 4123 3616 4181 nium-

2022 4205 2143 4268 tuo;
2176 4210 2363 4268 verum
2378 4197 2600 4268 egregie
2625 4196 2868 4268 confluat
2896 4201 3094 4253 Auctor
3117 4214 3237 4268 cap.
3266 4213 3418 4268 prox.
3466 4198 3613 4255 Pan.

2087 4263 2752 4341 CA_P._)_(AXIVI—j(c)ASatis
2766 4268 2844 4341 ac
2862 4269 2957 4324 ista
2983 4285 3095 4341 cum
3112 4263 3447 4341 Hermogene.
3465 4270 3619 4326 Allu-

2013 4334 2094 4411 dit
2123 4335 2203 4411 ad,
2240 4337 2431 4392 librum
2475 4334 2539 4411 de
2563 4334 2725 4411 Ceam
2742 4338 2939 4395 Anima:
2956 4340 3197 4396 adversus
3223 4334 3611 4411 ilcrtnugenem,

2011 4406 2163 4476 cujus
2185 4410 2474 4475 fragmenta
2502 4408 2783 4465 habentur.
2817 4411 2950 4467 Plut.

2083 4478 2162 4554 (d_)
2201 4476 2375 4554 Cicero
2401 4480 2691 4534 thesaurum
2711 4483 2935 4537 omnium
2968 4483 3256 4539 studiorum
3290 4483 3607 4554 prrcdimvit.

2017 4548 2158 4627 lib._l
2204 4549 2267 4603 de
2286 4548 2525 4627 _0ratore
2568 4563 2720 4627 vocat
2762 4554 3055 4627 thesaurum
3076 4570 3242 4627 nerant
3264 4548 3486 4627 omnium
3510 4571 3616 4627 me-

2015 4622 2248 4697 moriam.
2279 4619 2647 4697 Cassiodorus,
2687 4622 2721 4677 ν
2762 4622 2912 4691 ναν..
2937 4619 3106 4697 epist.
3151 4624 3243 4692 22,
3290 4633 3345 4680 et
3400 4624 3492 4678 lib.
3546 4625 3613 4680 de

2014 4692 2198 4761 Animo
2220 4707 2340 4761 cap.
2375 4690 2459 4747 12.
2488 4691 2618 4748 Lac.

2088 4760 2164 4833 (e)
2202 4760 2453 4834 Cttnttoto
2480 4774 2716 4834 suggestu
2728 4765 2998 4834 jnbarum.
3041 4766 3096 4821 Id
3122 4775 3207 4822 est
3231 4781 3351 4822 cum
3380 4774 3490 4821 toto
3518 4783 3606 4823 or-

2014 4842 2138 4908 nato
2172 4851 2186 4908 :_
2217 4833 2435 4908 forsitan
2462 4833 2652 4889 alludit
2682 4833 2748 4890 ad
2776 4838 2985 4908 signum
3021 4837 3246 4895 caeleste
3272 4835 3486 4903 Leonis,
3512 4853 3608 4893 cu-

2007 4902 2096 4972 jus
2124 4904 2188 4957 ad
2236 4904 2457 4978 caudam
2487 4913 2608 4960 sunt
2640 4902 2851 4976 septeni
2874 4910 3041 4964 stellae
3064 4951 3078 4975 ,
3112 4922 3244 4978 quas
3290 4908 3467 4964 crines
3510 4924 3608 4965 seu

2013 4991 2219 5029 comam
2253 4974 2536 5049 Berenices
2576 4974 2879 5049 nuncupant
2921 4974 3193 5049 astrologi.
3230 4979 3359 5034 Lac.
3383 5009 3451 5020 -—-
3479 4981 3607 5034 Cum

2014 5056 2120 5100 toto
2146 5058 2381 5116 suggestu
2398 5047 2665 5115 jubarum.
2696 5047 2947 5104 Delicium
2986 5047 3243 5105 Berenice.
3286 5049 3402 5105 Non
3434 5052 3601 5106 semel

2012 5116 2387 5190 adnotavimus
2405 5131 2710 5190 suggestum
2734 5135 2829 5189 pro
2850 5129 3044 5178 “ornatu
3074 5121 3243 5190 accipi
3259 5123 3327 5176 ab
3348 5125 3602 5177 Auctore.

2018 5188 2176 5264 Atqui
2192 5189 2333 5264 quod
2353 5189 2662 5264 abalicttjtts
2677 5188 2963 5264 Berenices
2985 5194 3182 5264 regina:
3196 5188 3607 5264 matr-uenalium

2012 5258 2252 5313 eruditus
2279 5260 2363 5314 leo
2399 5258 2648 5315 delicium
2698 5261 2879 5329 fuerit,
2915 5258 3073 5318 tradit
3101 5262 3347 5319 Elianus
3398 5264 3433 5319 l.
3470 5263 3511 5318 γ
3540 5265 3607 5318 de

2011 5329 2351 5404 dicitttalilius.
2393 5347 2443 5387 c.
2463 5330 2553 5386 59.
2576 5332 2924 5404 Additautem
2944 5336 3161 5403 alicuius
3193 5346 3301 5389 tum
3331 5351 3426 5404 pro
3453 5350 3605 5391 inore

2010 5399 2266 5473 loquendi
2292 5416 2413 5471 suo,
2440 5411 2556 5459 tum
2601 5402 2747 5476 quod
2774 5405 2955 5476 plures
2973 5399 3091 5479 ejus
3115 5399 3601 5532 nominispfuzt'int.

3397 5494 3427 5531 Δ
3478 5517 3492 5531 ο

3397 5492 3492 5532 ΑΗ.

2219 5543 3237 5626 Longa-emiﬂttteriacancompitum-it.
3276 5546 3485 5626 Alludit
3513 5548 3605 5626 ad

2009 5613 2170 5670 Plinii
2196 5613 2354 5671 verba
2369 5614 2473 5690 lib.
2508 5615 2618 5685 VII,
2646 5634 2765 5690 cap.
2793 5620 2881 5676 40.
2916 5639 2936 5673 ι
2973 5613 3363 5689 Egritudiuem
3407 5618 3609 5676 fastidii

2012 5694 2217 5759 tantum
2244 5687 2426 5751 sentit,
2455 5687 2509 5742 in
2536 5705 2638 5759 qua
2665 5687 2908 5748 medetur
2956 5693 3003 5746 ei
3034 5687 3377 5757 centumelia,
3412 5690 3463 5744 in
3513 5704 3607 5746 ra-

2012 5755 2153 5811 biem
2181 5769 2370 5818 ageute
2400 5755 2726 5816 anneiarum
2759 5762 2969 5818 lascivia
3014 5763 3307 5818 simiarum.
3343 5755 3372 5812 ι’
3395 5761 3530 5816 Pan.

2087 5827 2166 5899 (ε)
2207 5827 2412 5883 Gallum
2443 5839 2604 5887 tonuit
2631 5833 2941 5904 forntiilnbt‘t.
2973 5833 3143 5891 Etiam
3181 5834 3281 5889 hoc
3323 5848 3385 5887 ex
3431 5828 3610 5887 Plinio
