4062 6288
416 364 525 425 689

1778 366 1981 424 LIBER
2022 365 2108 421 ut:
2148 346 2380 424 Asan.

3619 367 3723 426 690

419 484 548 539 mini
577 484 819 541 omnium
841 482 1063 541 forsitan
1092 481 1507 538 obliviosissimo
1528 481 1869 539 inobliterata
1897 496 2019 551 per.
2053 481 2103 571 gi.
2130 485 2407 554 tlttisqttunl
2441 483 2738 549 ltmu‘inum,
2765 499 2872 540 non
2898 493 2954 541 et
2981 484 3093 556 ipse
3118 483 3403 556 aliquando
3426 498 3719 557 prtesagam
3753 509 3781 531 ι

419 578 689 633 seret-abit
740 579 855 634 sola
902 577 1125 633 scicntia
1178 575 1518 640 naturalium,
1568 586 1623 630 ut
1672 575 1784 630 sola
1825 573 2027 628 scilicet

417 670 716 736 naturalis;
748 683 957 727 memor
984 684 1200 739 semper
1241 667 1597 724 manducaudi
1640 668 1692 723 itt
1745 668 1944 733 esurio,
1973 678 2027 722 et

418 761 634 818 bibendi
689 762 740 817 in
783 762 871 819 siti
896 769 993 828 ,et
1034 760 1206 817 oculis
1250 759 1574 827 videndum,
1602 770 1658 817 et
1685 761 1904 817 auribus
1932 773 2025 813 au-

416 852 672 910 diendum
695 894 708 919 ,
737 863 791 909 et
818 852 1038 909 naribus
1065 835 1423 918 odoranduin,
1455 864 1509 908 et
1549 868 1643 909 ore
1662 851 2012 924 gustandum,

330 1014 335 1020 .
415 955 473 1002 et
497 962 656 1005 manu
688 932 1153 1002 contrectandum.
1186 945 1250 1000 tli
1296 953 1422 999 sunt
1452 955 1598 1001 certe
1627 958 1819 1001 sensus
1843 985 1858 1009 ,
1888 956 2024 1013 quos

423 1039 758 1113 philosophia
786 1039 1053 1110 depretiat
1077 1037 1512 1095 intellectualium
1552 1038 1883 1111 prtelatioue.
1920 1035 2023 1107 lgi-

426 1142 511 1190 tur
536 1134 583 1187 si
623 1131 887 1188 naturalis
917 1131 1139 1188 scientia
1165 1131 1494 1187 sensuatium
1539 1139 1847 1202 permanet,
1891 1146 2026 1202 quo-

422 1224 582 1282 tuo'tlu
610 1224 1073 1292 intellectualium,
1100 1239 1220 1294 qua:
1241 1225 1415 1294 potior
1436 1223 1679 1289 habetur,
1715 1223 2024 1279 intercidit?

423 1317 581 1375 Unde
610 1332 752 1373 nunc
779 1317 894 1387 ipsa
921 1315 1005 1371 vis
1049 1315 1332 1371 oblivionis
1372 1312 1739 1372 antecedentis
1769 1315 2020 1371 recorda-

418 1410 659 1466 tionem?
703 1409 782 1481 (ιι)
834 1409 911 1464 Ex
953 1408 1328 1475 multitudine,
1374 1409 1489 1476 ait,
1546 1410 1824 1480 temporis.
1856 1408 2019 1479 Satis

416 1502 799 1572 improspccte.
831 1500 1108 1570 Quantitas
1133 1500 1276 1563 enim
1307 1501 1564 1573 temporis
1590 1516 1695 1557 non
1729 1502 2018 1573 pertinebit

417 1596 482 1652 ad
510 1611 629 1651 eam
654 1610 769 1650 rem
793 1609 914 1665 quae
949 1594 1130 1650 innata
1169 1595 1380 1650 dicatur
1402 1635 1418 1660 ,
1448 1609 1512 1651 ac
1538 1610 1634 1666 per
1659 1595 1763 1651 hoc
1808 1596 2022 1667 potissi-

417 1705 563 1744 mum
598 1696 799 1742 aeterna
826 1686 1098 1745 credatur.
1126 1685 1279 1755 Quod
1316 1689 1460 1744 enim
1508 1697 1766 1744 aeternum
1793 1699 1895 1755 est,
1952 1704 2018 1745 eo

417 1783 540 1854 quia
562 1790 615 1837 et
644 1782 882 1837 innatum
909 1788 1012 1847 est,
1045 1795 1220 1850 neque
1246 1781 1476 1849 initium,
1505 1797 1677 1854 neque
1703 1782 1864 1839 finem
1884 1792 2019 1839 tem-

2131 576 2363 631 animam
2406 591 2556 633 suam
2604 578 2787 643 sentit,
2832 586 2926 632 aut
2970 576 3185 642 ominis,
3214 585 3306 632 aut
3351 578 3728 649 periculi,aut

2130 666 2307 736 gaudii
2333 683 2607 738 augurem.
2637 667 2693 723 Si
2717 668 3034 724 divinationi
3080 683 3184 723 non
3212 669 3477 740 obstrepit
3501 683 3717 740 corpus,

2130 774 2231 816 nec
2259 761 2549 825 tuetuoria',
2582 761 2794 830 Opinor,
2826 759 3044 816 officiet.
3080 759 3135 815 lu
3166 761 3356 817 eodem
3404 769 3552 817 certe
3593 775 3721 816 cor-

2130 839 2365 923 porc,'et
2396 853 2783 909 obliviscuntur
2807 853 3020 921 animre,
3052 862 3109 910 et
3138 855 3504 911 recordamur.
3532 854 3588 911 Si
3614 870 3719 926 qua

2128 944 2369 1014 Corporis
2395 945 2531 999 ratio
2570 945 2759 1001 incutit
2798 944 3153 1012 oblivionem,
3201 945 3473 1018 quomodo
3501 954 3721 1001 contra-

2129 1036 2260 1090 riam
2286 1036 2404 1106 ejus
2430 1036 2675 1091 admittet
2701 1035 3166 1093 recordationem?
3208 1036 3332 1108 quia
3363 1046 3420 1093 et
3456 1038 3583 1108 ipsa.
3601 1047 3724 1107 post

2126 1130 2448 1186 oblivionem
2488 1129 2807 1193 recordatio,
2832 1130 3089 1185 memoria
3138 1129 3373 1185 recidiva
3423 1138 3530 1185 est.
3560 1128 3717 1196 Quod

2090 1270 2091 1273 η
2126 1228 2313 1300 prima:
2353 1228 2626 1284 memorias
2650 1224 2984 1292 adversatur,
3008 1240 3103 1281 cur
3130 1240 3237 1281 non
3272 1235 3327 1280 et
3348 1224 3598 1281 secunda:
3626 1241 3715 1280 re-

2130 1322 2365 1391 fragatur
2391 1321 2520 1393 (5)?
2576 1320 2879 1385 Postremo,
2913 1319 3004 1391 qui
3032 1321 3202 1390 magis
3246 1319 3722 1374 reminiscerentur

2133 1431 2281 1488 quam
2313 1414 2515 1486 pueruli
2542 1455 2556 1479 ,
2586 1421 2644 1469 ttt
2667 1413 2994 1469 recentiores
3020 1411 3232 1478 animm,
3265 1421 3324 1466 ut
3348 1410 3584 1467 nondum
3615 1397 3989 1488 itu-(2.1kny

2124 1523 2316 1565 mersa:
2340 1507 2649 1564 domesticis
2671 1521 2735 1563 ac
2763 1504 2987 1576 publicis
3027 1503 3194 1570 curis,
3224 1512 3281 1558 ιιι
3305 1503 3436 1574 ipsis
3463 1504 3594 1558 solis
3618 1503 3719 1557 de-

2122 1601 2248 1657 dita:
2270 1599 2483 1666 studiis,
2531 1612 2756 1670 quorum
2782 1595 3063 1653 discentia:
3091 1594 3511 1651 reminiscentite
3542 1594 3678 1650 ﬁunt
3696 1594 3722 1645 ‘t

2122 1693 2236 1751 lmo
2280 1710 2377 1750 cur
2423 1707 2527 1750 non
2557 1709 2623 1749 ex
2650 1707 2805 1764 teque
2832 1705 3024 1747 omnes
3067 1688 3436 1753 recordamur.
3483 1703 3606 1745 cum
3653 1702 3719 1742 ex

2121 1802 2275 1858 teque
2301 1800 2488 1842 omnes
2516 1782 2917 1848 obliviscamur,
2946 1780 3042 1836 sed
3070 1779 3438 1836 tantummodo
3465 1778 3713 1834 Philoso-

419 1872 563 1943 poris
590 1870 942 1939 admittendo,
983 1872 1189 1928 nullum
1234 1872 1455 1928 modum
1493 1874 1748 1945 temporis
1775 1875 2011 1945 patitur;
2044 1871 2092 1931 B
2119 1879 2210 1951 phi
2235 1880 2260 1933 ?
2287 1878 2363 1934 Ne
2393 1877 2444 1932 tti
2477 1876 2556 1950 (6)
2609 1875 2825 1948 quidem
2872 1887 3081 1929 omnes.
3117 1872 3273 1927 Plato
3318 1871 3524 1926 scilicet
3569 1868 3717 1923 solus

414 1968 498 2025 cui
528 1968 785 2036 temporis
824 1965 1014 2022 modus
1042 1965 1219 2021 nullus
1244 1975 1349 2031 est,
1377 1980 1479 2023 nec
1505 1966 1609 2022 ulla
1648 1967 2012 2024 demutatioue

344 2068 367 2087 °
414 2048 641 2130 tempori
669 2058 750 2129 (1)
792 2058 996 2125 subest,
1039 2072 1140 2113 nec
1173 2072 1237 2113 ea
1288 2057 1358 2113 de
1407 2052 1746 2114 multitudine
1785 2060 2012 2130 tempori

415 2153 498 2208 vis
522 2162 603 2208 est
652 2153 755 2225 (‘2).
804 2152 860 2209 Si
889 2161 1097 2221 tempus
1127 2151 1178 2206 itt
1204 2164 1394 2207 caussa
1423 2160 1505 2207 est
1551 2151 1857 2217 oblivionis,
1887 2168 2006 2219 cur,

416 2261 481 2301 ex
511 2261 616 2316 quo
645 2244 818 2300 anima
845 2228 1059 2314 corpori
1104 2242 1390 2309 inducitur,
1426 2243 1683 2299 memoria
1726 2242 2010 2310 delabitur,

414 2335 569 2408 quasi
597 2334 791 2392 exinde
817 2344 1027 2405 tempus
1053 2332 1229 2389 anima
1250 2334 1535 2403 sustineat,
1563 2350 1685 2406 quae
1707 2336 1822 2391 siue
1849 2335 2014 2391 dubio

417 2426 563 2498 prior
584 2440 832 2497 corpore,
864 2439 971 2481 non
1000 2422 1102 2481 fuit
1117 2425 1303 2495 uzique
1320 2425 1437 2480 sine
1458 2434 1696 2497 tempore
1717 2426 1741 2480 ?
1769 2424 2013 2498 lngressa

417 2533 545 2575 vero
570 2530 787 2589 corpus,
818 2517 1068 2572 statimne
1087 2516 1441 2583 obliviscitur,
1469 2531 1536 2571 an
1558 2517 1828 2588 aliquanto
1854 2518 2016 2589 post?

419 2611 477 2668 Si
519 2610 730 2677 statim,
763 2619 818 2666 et
845 2625 966 2682 qua:
992 2609 1101 2667 erit
1128 2609 1381 2680 temporis
1427 2610 1661 2667 nondum
1693 2612 2013 2688 supputatuti

419 2704 703 2761 multitudo
730 2703 754 2758 ?
784 2703 1003 2759 infantia
1039 2703 1267 2760 scilicet.
1296 2701 1355 2758 Si
1378 2702 1665 2775 aliquando
1696 2715 1835 2775 post,
1886 2716 2016 2776 ergo

420 2797 517 2854 illo
554 2799 608 2853 itt
651 2797 826 2868 spatio
855 2807 979 2853 ante
1008 2806 1248 2868 tempora
1276 2796 1561 2853 oblivionis
1586 2813 1794 2855 memor
1839 2799 2017 2855 adhuc

418 2897 539 2962 aget
582 2891 762 2946 anima
785 2932 799 2955 .
848 2899 902 2947 et
946 2889 1104 2962 quale
1134 2905 1238 2956 cs1,
1270 2898 1327 2944 ut
1354 2897 1540 2959 tostea
1569 2890 1931 2957 obliviscatur,
1962 2902 2018 2947 et

419 2997 607 3037 rursus
656 2992 839 3053 postea
887 2981 1239 3037 recordetur?
1279 2980 1506 3052 Quoquo
1545 2990 1723 3037 autem
1778 2992 2019 3053 tempore

420 3072 567 3129 illam
602 3073 811 3129 oblivio
855 3072 1107 3140 irruerit,
1135 3081 1364 3143 quantus
1404 3073 1492 3127 hic
1529 3075 1692 3128 etiam
1738 3073 2019 3131 habebitur

421 3164 613 3221 modus
644 3162 939 3235 temporis?
971 3172 1079 3219 tota
1106 3164 1299 3235 opinor
1323 3162 1446 3218 vitm
1470 3162 1722 3219 dccursio
1754 3166 1882 3220 satis
1912 3181 2017 3222 non

2118 1972 2169 2027 iu
2199 1979 2342 2025 tanta
2372 1969 2606 2040 gentium
2634 1966 2803 2039 sylva,
2845 1964 2897 2020 in
2946 1972 3093 2019 tanto
3145 1963 3465 2034 sapientium
3525 1969 3718 2033 prato,

2117 2061 2355 2117 idearum
2382 2068 2438 2117 et
2463 2058 2660 2115 oblitus
2674 2067 2726 2114 et
2747 2056 3059 2114 recordatus
3086 2063 3169 2112 est
3189 2055 3288 2127 (b).
3315 2054 3483 2126 Igitur
3504 2055 3549 2111 si
3576 2054 3724 2108 nullo

2118 2154 2276 2209 modo
2322 2152 2568 2209 consistit
2615 2150 3008 2222 argumentatio
3057 2149 3153 2203 ista
3182 2142 3490 2219 praecipua,
3546 2156 3716 2202 totum

2118 2245 2246 2302 illud
2276 2245 2473 2316 pariter
2501 2257 2747 2299 eversum
2784 2251 2901 2303 est,
2957 2241 3043 2296 cui
3090 2240 3490 2295 accommodata
3529 2246 3630 2302 est,
3663 2247 3721 2293 ut

2117 2340 2308 2395 anitum
2333 2334 2388 2393 et
2413 2340 2627 2398 inuattc,
2648 2344 2704 2391 et
2725 2335 2776 2390 iu
2799 2333 3107 2390 coelestibus
3135 2339 3486 2396 couversatae,
3504 2339 3557 2386 et
3584 2344 3718 2385 cou-

2117 2433 2241 2487 scia:
2268 2431 2573 2485 divinorum
2596 2428 2725 2495 illic,
2756 2435 2811 2481 et.
2835 2426 2960 2482 inde
2988 2426 3200 2493 delatae,
3232 2435 3286 2481 et
3312 2425 3398 2480 hic
3421 2423 3718 2480 recordata:

2117 2521 2491 2588 crederentur,
2519 2519 2584 2576 ad
2614 2520 2926 2576 occasiones
2956 2518 3114 2590 plane
3144 2517 3409 2574 haereticis
3454 2514 3719 2572 submini-

2118 2615 2380 2671 su-andas.

2694 2704 2924 2762 CAPUT
2962 2703 3132 2762 XXV.

2191 2799 2307 2855 Jam
2339 2813 2482 2854 nunc
2511 2796 2788 2869 regrediar
2832 2798 2897 2852 ad
2949 2812 3192 2852 caussam
3240 2796 3397 2868 hujus
3442 2809 3717 2861 excessus,

2122 2904 2177 2948 ιιι
2208 2891 2429 2949 reddam
2456 2892 2727 2964 quomodo
2750 2893 2945 2947 anima:
2977 2906 3042 2946 ex
3071 2906 3172 2945 ttna
3196 2890 3516 2957 redundent,
3548 2904 3720 2960 quan-

2121 2986 2212 3051 do,
2240 2996 2295 3040 et
2337 2985 2448 3051 tthi,
2480 2995 2535 3040 et
2565 2999 2669 3055 qua
2696 2983 2900 3039 ratione
2926 2992 3204 3039 sumantur
3238 2999 3251 3037 :
3285 2982 3354 3036 de
3393 2996 3492 3052 qua
3538 2981 3719 3051 specie

2124 3076 2253 3133 nihil
2282 3075 2465 3143 refert,
2495 3080 2527 3127 a‘
2547 3074 2888 3146 philosopho,
2915 3089 2982 3129 an
3005 3073 3074 3127 ab
3104 3072 3377 3138 ttatretico,
3406 3086 3474 3125 an
3501 3085 3529 3124 a
3560 3070 3719 3140 vulgo

2123 3169 2349 3239 quaestio
2370 3176 2635 3221 occurrat.
2656 3164 2804 3219 Nulla
2829 3166 3049 3221 interest
3070 3163 3460 3234 professoribus
3482 3162 3722 3217 veritatis

420 3261 525 3315 erit
565 3259 632 3315 ad
675 3257 1023 3316 evertendam
1062 3258 1144 3328 (ὅ)
1177 3257 1489 3313 memoriam
1521 3259 1649 3312 lauti
1673 3268 1798 3317 ante
1824 3273 2017 3330 corpus
2044 3265 2089 3326 C
2122 3263 2189 3318 de
2236 3262 2554 3317 adversariis
2606 3256 2743 3327 ejus,
2798 3258 3030 3314 maxime
3079 3266 3187 3313 tam
3231 3256 3522 3321 audacibus
3558 3270 3719 3327 quam

422 3354 546 3410 :evi.
591 3352 694 3409 Sed
743 3366 932 3408 rursus
975 3352 1127 3408 Plato
1167 3365 1411 3407 caussam
1455 3356 1695 3407 demutat
1722 3353 1773 3408 iu
1800 3368 2016 3425 corpus.

421 3447 583 3518 Quasi
611 3456 666 3502 et
693 3446 794 3502 hoc
820 3444 924 3501 tide
949 3445 1189 3517 dignum,
1228 3453 1289 3501 ut
1331 3454 1451 3501 nata
1488 3445 1784 3502 substantia
1826 3448 2019 3504 innata:

421 3540 529 3596 vim
567 3538 890 3609 exstinguat.
918 3536 1121 3608 Magum
1163 3547 1342 3592 autem
1382 3545 1439 3592 et
1482 3537 1663 3592 multa:
1707 3537 2020 3597 ditiereutitc

421 3648 735 3703 corporum,
769 3648 867 3705 pro
890 3632 1211 3704 gentilitate,
1253 3646 1350 3702 pro
1377 3632 1760 3703 magnitudine.
1794 3648 1892 3703 pro
1923 3635 2019 3688 lm-

422 3726 681 3792 bitudise,
707 3740 805 3797 pro
832 3734 1010 3790 :etate,
1035 3739 1132 3795 pro
1150 3723 1471 3780 valetudine.
1501 3723 1636 3779 Num
1662 3741 1789 3798 ergo
1808 3736 1865 3783 et
1886 3714 2020 3783 obli-

425 3818 644 3873 viouum
678 3817 755 3891 (4)
777 3815 1092 3873 ditl‘erentia:
1112 3804 1559 3871 testimabuutur?
1607 3815 1712 3873 Sed
1744 3818 2022 3876 uniformis

421 3910 625 3966 oblivio
655 3919 775 3970 est;
827 3925 957 3981 ergo
1003 3910 1109 3963 non
1138 3908 1240 3965 erit
1277 3909 1631 3980 corporatitas
1672 3911 2017 3969 multiformis

423 4002 481 4058 itt
512 4016 699 4056 caussa
740 4002 913 4057 exitus
955 3999 1254 4056 uniformis.
1294 3999 1452 4055 Multa
1502 4002 1629 4056 item
1677 4002 2019 4073 documenta,

425 4104 568 4151 teste
619 4095 734 4164 ipso
779 4094 1039 4161 Platone,
1086 4094 1470 4151 divinationem
1515 4096 1708 4152 anima:
1758 4099 2021 4167 probave-

423 4201 548 4245 runt
578 4230 593 4255 ,
632 4205 752 4261 qua:
797 4189 1172 4261 proposuimus
1215 4188 1324 4259 jam
1376 4188 1719 4261 lterntogeni.
1768 4190 1874 4248 Sed
1925 4209 2024 4250 nec

2124 3368 2250 3412 sunt
2275 3356 2446 3426 primo
2483 3354 2568 3409 isti
2608 3356 2698 3425 qui
2732 3361 3055 3422 praisumunt
3088 3351 3158 3424 (c)
3186 3365 3292 3406 non
3319 3350 3370 3405 in
3400 3360 3553 3404 utero
3586 3365 3718 3404 con-

2124 3448 2230 3520 cipi
2270 3448 2526 3512 animam,
2575 3461 2674 3502 nec
2715 3461 2835 3502 cum
2880 3444 3058 3500 carnis
3101 3441 3409 3514 figulatioue
3450 3441 3723 3511 compingi

2123 3551 2283 3613 atque
2335 3539 2587 3612 produci;
2636 3538 2728 3594 sed
2761 3538 2841 3610 (7)
2869 3535 3038 3592 effuso
3081 3536 3193 3607 jam
3235 3543 3427 3607 partu,
3480 3534 3720 3597 nondum

2126 3635 2244 3690 vivo
2287 3632 2470 3688 infmti
2503 3632 2584 3705 (tt)
2609 3631 2943 3686 extrinsecus
2995 3628 3266 3700 imprimi:
3309 3636 3602 3693 cmterum,
3634 3640 3719 3682 se-

2128 3743 2249 3783 men
2287 3742 2348 3781 ex
2399 3724 2685 3780 concubitu
2729 3720 3078 3778 muliebribus
3122 3720 3254 3775 locis
3302 3729 3718 3791 sequestratum,

2127 3830 2380 3892 motuque
2402 3817 2627 3873 naturali
2654 3824 2953 3885 vegetatum
2979 3814 3452 3884 compinguescere
3477 3812 3527 3865 in
3549 3810 3723 3867 solam

2126 3914 2476 3973 substantiam
2507 3911 2712 3975 carnis;
2740 3924 2858 3964 eam
2886 3907 3105 3973 editam,
3148 3916 3202 3963 et
3230 3906 3297 3962 de
3325 3906 3460 3961 uteri
3509 3904 3725 3959 fornace

2127 4008 2439 4070 fumantem,
2472 4014 2527 4061 et
2551 4003 2734 4059 calore
2764 4000 3016 4067 solutam,
3060 4007 3116 4054 ut
3152 3998 3350 4054 ferrum
3379 3987 3622 4068 ignitum,
3672 4006 3729 4051 et

2129 4102 2326 4158 ibidem
2353 4098 2555 4170 frigida:
2581 4096 2914 4161 immersum,
2938 4094 3007 4150 ita
3034 4092 3177 4150 aeris
3196 4094 3371 4164 rigore
3390 4105 3720 4162 percussam,

2127 4205 2182 4252 et
2209 4195 2313 4250 vim
2340 4191 2624 4248 animalem
2655 4202 2863 4260 rapere,
2889 4195 2946 4244 et
2991 4188 3061 4261 (ε)
3106 4188 3346 4244 vocalem
3372 4200 3564 4242 sonum
3600 4184 3726 4241 red-

1674 4305 1970 4366 LECTION
1975 4310 2056 4368 ES
2094 4308 2507 4370 VARIAN'I‘ES.

491 4414 567 4546 Η
589 4416 845 4481 Temporis
859 4418 1004 4468 Pam.
1028 4415 1181 4492 filiai}.
1308 4414 1313 4416 “
1433 4481 1442 4490 _
1537 4482 1547 4492 ο

512 4480 544 4529 2
586 4480 694 4546 Nec
713 4480 889 4546 eadem
907 4479 1215 4531 multitudine
1239 4484 1473 4543 temporis
1505 4495 1547 4532 vt

491 4479 564 4546 (2)
586 4480 694 4531 Nec
713 4479 889 4530 eadem
907 4479 1215 4531 multitudine
1239 4481 1473 4543 temporis
1505 4482 1579 4532 vis
1597 4488 1678 4535 est
1698 4486 1840 4535 Pam.
1870 4484 2020 4539 Rhea.

429 4546 478 4593 in
502 4542 814 4593 multitudine
838 4543 940 4592 Lat.

427 4557 478 4595 tn
502 4557 814 4593 mutuumtne
838 4557 940 4592 Lm.

493 4605 567 4673 (3)
590 4604 891 4655 V’ertendam
910 4607 1052 4655 Pam.
1081 4600 1233 4656 Rhen.
1255 4604 1408 4655 Semt.
1435 4604 1631 4658 Oberth,

2218 4484 2270 4550 5)
2296 4487 2592 4550 Refragetur
2616 4484 2767 4538 Rhea.
2786 4487 2930 4539 Pam.

2217 4425 2265 4477 tl
2302 4424 2611 4477 Oblivionem
2644 4428 2803 4474 Venet.
2828 4422 3070 4475 mendose.

2217 4425 2245 4475 4
2302 4425 2645 4477 Oblivionem,

2194 4425 2271 4609 ἓδξ
2296 4487 2592 4561 Refragetur
2616 4490 2645 4538 Il

2219 4549 2250 4597 ϐ
2294 4550 2399 4602 Nec
2419 4552 2456 4600 it
2488 4551 2593 4600 Lat.
2638 4591 2645 4598 .

2051 4594 2106 4654 Ι)
2196 4594 2270 4678 iii
2295 4594 2671 4664 statim.
2696 4608 2848 4662 thett.
3490 4624 3517 4640 κ

1710 4790 1717 4797 κ
1813 4714 2380 4778 COMMENTARIUS.

428 4824 668 4900 ibidem:
701 4842 722 4878 ι
768 4825 945 4896 Atque
993 4822 1118 4900 hoc,
1151 4824 1342 4900 inquit,
1394 4828 1521 4895 tale,
1564 4839 1779 4900 tamque
1824 4846 2025 4890 szetutm

428 4897 649 4972 animal,
686 4905 924 4952 rotarum
946 4896 1106 4972 orbes
1131 4896 1462 4959 cireumacti.
1496 4896 1792 4971 currusque
1818 4905 2026 4972 inanes,

428 4978 489 5023 et
521 4967 934 5045 gallinaceorum
973 4969 1172 5031 cristae,
1201 4979 1500 5040 cautusque
1536 4967 1891 5045 etiam'tnagis
1921 4967 2030 5032 ter:

430 5049 598 5184 iélzttli
618 5039 1085 5184 hﬁiltitutfine,
1110 5110 1208 5184 ait,
1231 5113 1489 5184 temporis.
1520 5113 1722 5171 Alludit
1749 5116 1815 5171 ad
1866 5117 2029 5174 verba

429 5176 528 5239 illa'
568 5176 811 5236 'f’tatouis
857 5182 909 5236 iu
955 5176 1218 5236 Pharaone
1244 5198 1262 5237 :
1291 5176 1545 5240 t'Noaue
1590 5187 1889 5243 recordatio
1923 5198 2028 5251 est,

433 5250 673 5308 maxime
723 5253 810 5307 ubi
854 5252 1315 5329 alicui_.a_ccitlerit
1357 5255 1499 5311 circa
1526 5256 1645 5329 illa,
1672 5275 1909 5329 quorum
1939 5250 2033 5329 per

430 5332 749 5400 tentpu<_,_et
783 5338 859 5400 eo
884 5321 1027 5393 quod
1058 5322 1160 5378 diu
1204 5341 1311 5400 non
1357 5321 1741 5400 conspexit?)
1789 5344 1885 5400 pro
1928 5321 2034 5400 quo

432 5395 707 5469 transtulit
751 5396 988 5469 _Auc_lo_r,
1018 5410 1082 5469 ea;
1124 5394 1449 5469 multitudine
1499 5394 1802 5469 ‘tetuporis.’
1838 5394 2033 5455 Verum

430 5466 606 5542 etiam
620 5464 765 5542 istud
810 5464 1030 5542 pulchre
1045 5465 1257 5542 __Aurt_or
1277 5468 1491 5542 refutat.
1517 5483 1581 5542 ex
1603 5464 1670 5523 eo
1711 5470 1850 5542 quod
1880 5472 2053 5525 iuna-'

433 5547 546 5593 tam
570 5534 728 5609 Plato
760 5534 991 5609 animam
1028 5534 1261 5603 dixerit;
1284 5546 1340 5594 et
1371 5539 1594 5609 proinde
1619 5534 1898 5606 aeternam,
1924 5542 2041 5598 sine

433 5606 696 5677 temporis
721 5607 892 5662 initio.
912 5605 1052 5661 Pan.

508 5680 594 5752 (bl
630 5677 876 5734 [deorum
913 5685 959 5752 et
995 5677 1176 5752 ohlitus
1198 5680 1563 5752 et_recordattts
1612 5692 1703 5737 est.
1752 5684 1925 5739 Locus
1962 5692 2047 5740 est

434 5753 492 5809 iu
519 5747 799 5830 Platone,
837 5748 960 5830 qui.
982 5748 1185 5817 primus
1226 5750 1479 5830 idearutn
1512 5754 1720 5810 somnia
1769 5755 2042 5830 iu__lucem

436 5820 656 5897 emisit2
682 5820 890 5897 scrith
912 5820 1029 5888 ejus
1056 5824 1351 5897 argumenti
1377 5822 1608 5897 dialogo,
1628 5841 1795 5897 quem
1829 5825 2044 5881 Parme-

437 5893 613 5950 itidem
632 5886 955 5963 inscripsit,
978 5901 1025 5944 et
1057 5886 1485 5964 frequentissima
1515 5886 1845 5954 alibi-earum
1889 5912 2040 5954 meu-

2137 4837 2280 4892 tione
2305 4836 2519 4961 ilnjecta,
2561 4833 3009 4906 quemadmodum
3050 4832 3227 4888 etiam
3254 4846 3412 4901 supra
3451 4831 3729 4889 adnotavi-

2137 4921 2273 4961 mus.
2360 4924 2451 4961 Αιι.
2798 4952 2813 4961 .

2136 4921 2273 4966 mus.
2316 4921 2451 4963 ΡΑΜ.
2798 4952 2813 4963 .

2203 4977 2356 5032 CAP.
2388 4976 2708 5046 XXV.—(c)
2752 4975 2871 5030 Non
2902 4977 2954 5030 in
2977 4984 3115 5031 utero
3139 4975 3333 5046 concipi
3360 4976 3738 5046 animatn,_etc.

2134 5050 2329 5106 Stoicis
2358 5049 2541 5104 tribuit
2568 5044 2704 5102 hanc
2727 5049 3032 5116 opinionem
3065 5044 3451 5100 Tertulliantts:
3480 5056 3533 5099 at
3560 5044 3739 5100 IEtitts

2137 5120 2376 5190 adiungit
2398 5120 2687 5190 Diogenem
2717 5129 2775 5190 et
2795 5117 3199 5190 llertnopliitum
3218 5160 3232 5182 ,
3260 5116 3366 5172 imo
3389 5125 3441 5173 ct
3467 5116 3737 5186 Empedo—

2137 5187 2274 5247 clem
2307 5187 2401 5245 iii).
2427 5190 2489 5244 de
2505 5187 2634 5245 hist.
2668 5188 3038 5259 philosophica.
3081 5187 3213 5243 Lac.

2210 5261 2290 5333 (ὀ)
2334 5257 2929 5333 Επιήηεεοιιειυιιπὶιιιί.
2960 5258 3376 5333 Lucretius,_lib.
3401 5257 3489 5333 ll_|_,
3520 5272 3585 5312 ex
3608 5272 3735 5311 scn-

2142 5329 2299 5388 tentia
2346 5332 2646 5388 Stoicorum
2668 5374 2681 5396 ,
2712 5345 2846 5403 quos
2888 5344 3011 5385 mox
3038 5329 3232 5399 allegat
3257 5329 3615 5384 'I‘crtullianus
3643 5343 3743 5398 pro

2142 5405 2243 5460 hoc
2265 5404 2458 5475 placito
2482 5420 2497 5458 :

2271 5514 2410 5575 Quod
2432 5517 2471 5563 si
2495 5513 2621 5564 forte
2646 5519 2787 5575 putas
2810 5514 3122 5563 extrinsecus
3145 5512 3433 5575 insinuatam

2271 5573 2575 5628 Permanare
2593 5573 2800 5627 animam
2823 5576 2966 5624 nobis
2988 5587 3077 5637 per
3096 5573 3318 5622 membra
3340 5577 3524 5621 solere.

2148 5686 2445 5743 Utebantur
2466 5698 2599 5740 voce
2626 5683 2878 5753 imprimi,
2926 5682 3007 5736 vel
3044 5681 3299 5753 insinuari
3318 5722 3351 5753 ,4
3384 5693 3455 5753 ne
3501 5679 3745 5736 dicerent

2150 5754 2384 5827 animiam
2414 5756 2567 5827 nasci
2616 5748 2880 5827 (Luctum.
2910 5753 3005 5827 lib.
3029 5752 3116 5817 III,
3136 5766 3261 5827 cap.
3293 5748 3413 5816 t8).
3435 5749 3562 5827 bis.

2219 5831 2295 5900 (ε)
2336 5826 2410 5900 Et
2425 5818 2647 5900 vocalem
2669 5841 2852 5900 sonum
2877 5823 3105 5900 reddere.
3132 5818 3391 5900 Putaruut
3433 5818 3595 5887 aliqui
3624 5822 3742 5900 ani-

2150 5893 2293 5956 mam
2319 5943 2353 5967 ,η
2382 5897 2715 5956 deturbatum
2753 5896 2960 5952 ccetesti
3001 5893 3300 5961 domicilio,
3348 5903 3473 5947 tunc
3518 5893 3749 5963 cmiiisse
