4062 6288
418 378 524 435 693

1875 379 2076 437 LIBER
2116 381 2205 438 DE
2244 384 2480 443 ANIHA.

3616 398 3723 456 694

418 498 714 568 Scipiones.
746 500 897 566 Quod
919 502 966 559 si
991 502 1119 574 qui,
1150 499 1226 574 (a)
1254 510 1314 559 ut
1340 500 1512 566 Plato,
1546 500 1767 572 perinde
1795 514 1899 556 non
1923 515 2013 570 pu-
2044 501 2100 561 A
2127 501 2322 560 bassct.
2354 506 2423 562 At
2450 522 2573 564 cum
2605 518 2789 580 partus
2816 511 3074 582 aperitur,
3106 520 3161 570 et
3200 526 3457 571 numerus
3486 513 3709 587 inspici-

421 602 494 648 tat
538 594 671 651 duas
718 596 925 652 animas
955 598 1008 653 in
1050 611 1211 652 unum
1241 597 1550 663 convenire,
1592 595 1733 652 sicut
1767 609 1868 651 nec
1896 611 2015 650 cor-

421 702 572 757 pora,
608 704 710 758 ego
742 689 818 745 illi
849 704 955 745 non
1005 689 1163 745 modo
1188 690 1323 747 tluas
1350 691 1556 745 animas
1583 691 1632 745 in
1676 705 1836 745 unum
1880 703 2010 744 con-

416 789 592 849 gestas
645 780 1024 848 ostendisscm,
1079 783 1216 837 sicut
1259 792 1316 838 et
1367 798 1593 852 corpora
1651 784 1702 839 in
1777 781 2009 845 fmtilnts,

415 886 601 927 verum
633 881 687 927 et
732 871 834 929 alia
883 872 1044 927 multa
1072 889 1191 927 eum
1232 871 1410 930 anima
1454 884 1724 939 conserta,
1754 872 2013 928 tlzemonis

415 965 643 1030 scilicet,
702 980 801 1021 nec
855 966 1032 1030 unius,
1064 977 1119 1020 ut
1169 965 1220 1021 in
1269 966 1490 1025 Socrate
1543 967 1691 1036 ipso;
1734 973 2014 1035 verum.ct

412 1056 704 1126 septenarii
748 1056 994 1125 Spirittt=,
1050 1067 1106 1113 ιιι
1150 1057 1201 1113 in
1251 1056 1596 1137 Magdalena;
1640 1066 1695 1113 et
1735 1058 2010 1130 legionarii

413 1147 644 1221 muneri,
703 1156 758 1200 ιιι
806 1148 859 1203 in
904 1146 1199 1214 Geraseno,
1253 1163 1358 1218 quo
1408 1147 1615 1204 facilius
1665 1150 1838 1205 anima
1886 1165 2008 1205 cum

409 1240 583 1297 anima
633 1242 948 1301 conseretur
992 1238 1073 1312 (l)
1100 1255 1164 1296 ex
1194 1241 1449 1296 societate
1478 1241 1810 1306 substantia‘,
1852 1257 2009 1312 quam

409 1331 634 1401 spiritus
676 1311 904 1402 nequam
950 1346 1015 1388 ex
1054 1311 1369 1389 diversitate
1413 1342 1636 1387 uaturw.
1666 1332 1747 1387 .At
1777 1311 1914 1387 idem
1956 1334 2008 1388 in

409 1434 561 1479 sexto
592 1420 810 1495 Legam,
845 1438 1071 1479 monens
1114 1439 1305 1481 cavere
1348 1440 1415 1479 ne
1459 1423 1665 1481 vitiatio
1690 1423 1912 1478 seminis
1942 1439 2006 1480 ex

411 1515 586 1588 aliqua
628 1516 835 1571 vilitate
879 1517 1196 1575 concubitus
1238 1516 1413 1572 labem
1457 1516 1671 1588 corpori
1717 1527 1770 1575 et
1816 1518 2010 1572 animm

405 1616 680 1679 sum-aret,
716 1610 898 1665 nescio
923 1610 992 1664 de
1032 1610 1270 1679 pristinis
1314 1609 1392 1682 (2)
1448 1609 1638 1681 magis,
1684 1625 1752 1665 au
1798 1609 1866 1665 de
1909 1610 2007 1666 ista

406 1703 671 1757 sententia
722 1703 822 1757 sibi
872 1702 1151 1763 exciderit.
1201 1701 1450 1757 Ostendit
1495 1703 1640 1757 enim
1673 1702 1905 1756 animam
1939 1701 2008 1756 dc

402 1796 611 1853 semine
658 1794 858 1860 induci,
909 1793 1049 1883 quod
1093 1796 1268 1849 curari
1320 1803 1522 1861 monet,
1572 1810 1675 1848 tum
1719 1793 1786 1847 de
1839 1792 2006 1860 prima

402 1889 732 1959 aSpiratione
782 1890 1070 1953 nascentis.
1132 1888 1303 1953 Unde,
1366 1903 1464 1945 oro
1518 1899 1589 1956 te,
1650 1887 2385 1949 similitudineBeversionc
2433 1899 2655 1956 natura},
2709 1903 2767 1947 ut
2818 1892 2982 1948 altera
3049 1896 3238 1953 semini

401 1982 597 2034 anim-.1:
625 1995 838 2051 quoque
870 1980 1180 2052 parentibus
1210 1979 1278 2034 de
1328 1979 1557 2051 ingeniis
1589 1978 2004 2049 respondemus,

402 2072 998 2131 secnmbuuCleantltis
1032 2074 1423 2141 testimonium,
1470 2074 1512 2128 si
1561 2089 1666 2128 non
1716 2088 1780 2126 ex
1811 2072 2006 2127 anima:

402 2167 610 2224 semine
658 2167 975 2222 etlttcimur?
1021 2166 1127 2220 Cur
1170 2177 1346 2221 autem
1397 2175 1450 2221 et
1498 2175 1708 2220 veteres
1752 2164 2004 2235 astrologi

403 2260 702 2332 genituram
737 2260 973 2317 ltomiuis
1003 2260 1069 2314 ab
1097 2260 1249 2315 initio
1275 2268 1567 2331 conceptus
1593 2258 1929 2330 digerebam,
1958 2258 2002 2313 si

405 2371 513 2408 non
542 2354 739 2410 exinde
783 2365 838 2410 ct.
862 2359 1037 2410 anima
1083 2363 1187 2421 est,
1220 2354 1283 2408 ad
1312 2369 1470 2425 quam
1523 2368 1677 2423 mque
1710 2352 1936 2422 pertinet
1961 2351 2006 2407 si

404 2450 533 2522 quid
562 2460 643 2506 est
675 2450 835 2506 ﬂatus
878 2452 999 2522 (3)?

976 2542 1202 2600 CAPUT
1240 2543 1434 2601 XXVI.

482 2636 585 2692 Sed
611 2637 785 2693 omnis
810 2636 1143 2708 inrequalitas
1172 2641 1450 2693 sententia:
1473 2638 1720 2693 humana:
1745 2651 1913 2707 usque
1941 2636 2007 2693 ad

412 2729 507 2793 Dei
543 2731 800 2786 terminos
828 2730 904 2803 (b)
937 2750 949 2786 :
982 2731 1031 2785 in
1063 2739 1274 2787 nostras
1294 2731 1403 2801 jam
1432 2731 1602 2787 lineas
1643 2712 1866 2803 gradum
1893 2731 2005 2786 col-

410 2822 591 2893 ligam,
649 2834 705 2879 ιιι
766 2822 909 2895 quod
957 2823 1298 2894 Philosopbis
1349 2824 1676 2896 Medicisque
1730 2825 2005 2896 respondi,

411 2913 718 2973 Christiano
768 2916 1007 2985 probem.
1043 2916 1116 2986 (c)
1153 2916 1224 2970 Dc
1273 2923 1384 2983 tun,
1432 2915 1618 2984 frater,
1665 2917 2010 2973 fundamento

411 3006 570 3063 Iidem
597 3007 798 3063 :rdifica
828 3007 910 3081 (4)
941 3025 954 3062 :
989 3005 1067 3081 (d)
1097 3007 1290 3081 Aspice
1355 3009 1594 3065 viventes
1642 3018 1822 3065 uterus
1849 3023 2008 3067 sanc-

412 3100 740 3155 tissiutarttm
770 3099 1131 3170 feminarum,
1157 3115 1255 3156 uec
1282 3100 1442 3156 modo
1471 3101 1738 3173 spirantes
1759 3101 1868 3172 jattt
1902 3101 2011 3156 illic

412 3190 665 3257 infantes,
715 3206 899 3245 verum
939 3191 1100 3245 etiam
1130 3193 1531 3262 prepltetantes.
1559 3193 1630 3262 (e)
1662 3192 1804 3248 Ecce
1829 3191 2006 3266 (Gem,

2121 604 2592 667 tur,etangnratus
2617 602 3043 672 recognoscitur,
3070 611 3218 674 puto,
3246 604 3355 675 jam
3384 620 3489 661 non
3514 607 3709 661 anitum

2116 689 2449 745 solummodo
2482 694 2777 763 probantur
2797 693 3098 763 infantium,
3127 697 3221 753 sed
3266 706 3321 752 et
3365 714 3577 770 pugnae.
3615 701 3713 753 De.-
3810 712 3827 725 ο

2119 781 2384 838 tittebatttr
2409 784 2496 855 qui
2517 795 2852 854 przevcnerat
2882 789 3027 843 nasci
3056 804 3083 841 a
3113 799 3411 858 praevento,
3449 806 3547 846 nec
3577 792 3702 847 dum

2119 872 2327 941 plenius
2371 873 2535 935 edito,
2593 884 2796 931 tantuut
2841 860 2999 933 manu
3050 889 3194 934 nato.
3223 880 3285 934 Et
3337 882 3381 934 si
3432 882 3545 950 ipse
3595 885 3713 938 ani-

2117 979 2255 1019 mant
2288 963 2354 1035 (ι’)
2382 966 2447 1019 de
2480 967 2647 1035 prima
2683 968 3008 1039 aspiratione
3052 968 3129 1042 (ὅ)
3170 972 3386 1039 putabat
3441 973 3710 1043 platunico

2118 1070 2288 1115 more,
2320 1065 2412 1111 aut
2440 1055 2519 1128 (g)
2554 1057 2621 1113 de
2646 1060 2788 1114 acris
2826 1060 3003 1130 rigore
3037 1063 3288 1133 carpebat
3312 1064 3478 1120 stoica
3511 1064 3703 1128 forma,

2116 1146 2240 1213 quid
2275 1146 2365 1205 illc
2394 1148 2482 1218 qui
2505 1151 2938 1220 exspccmbatur,
2976 1154 3065 1223 qui
3097 1154 3271 1209 adhuc
3320 1156 3463 1211 intus
3501 1156 3710 1213 detine-

2116 1241 2271 1296 batur
2295 1252 2345 1296 et
2378 1240 2506 1296 foris
2527 1241 2639 1312 jam
2666 1242 2979 1300 detinebat?
3002 1244 3248 1305 Nondum
3280 1249 3472 1319 opinor
3499 1250 3710 1321 spirans

2117 1335 2351 1406 plantam
2379 1334 2557 1392 fratris
2587 1337 2876 1407 invaserat,
2904 1341 3065 1397 etiatn
3107 1359 3248 1401 nunc
3285 1344 3466 1400 calens
3515 1358 3709 1413 matre,

2113 1443 2172 1482 se
2204 1430 2437 1499 priorem
2470 1428 2716 1501 prodisse
2755 1431 3025 1501 cupiebat.
3060 1432 3103 1488 0
3150 1433 3408 1493 infantem
3451 1446 3505 1491 et
3543 1451 3710 1493 temn-

2114 1518 2243 1585 lutn,
2274 1530 2330 1576 et
2357 1520 2611 1587 validum,
2643 1530 2699 1576 et
2737 1523 2862 1577 olim
2893 1526 3324 1585 contentiosutn!
3368 1527 3541 1584 Credo
3583 1529 3708 1601 quia

2115 1611 2310 1667 vivunt.
2345 1612 2423 1685 (It)
2451 1614 2649 1684 Aspice
2676 1612 2832 1691 (Luc.
2868 1614 2921 1685 I)
2948 1616 3111 1675 etiam
3154 1617 3452 1689 singulares
3481 1635 3711 1691 concep-

2114 1712 2219 1769 tus,
2268 1714 2321 1758 et
2367 1703 2581 1774 quidem
2629 1707 3071 1776 monstrosiores,
3125 1709 3326 1767 Sterilis
3366 1720 3420 1765 et
3466 1711 3706 1782 virginis,

2112 1811 2232 1864 quat
2280 1796 2361 1851 vel
2409 1795 2511 1851 bne
2542 1797 2657 1867 ipso
2705 1798 3047 1869 imperfectos
3094 1800 3258 1857 cdere
3288 1804 3582 1872 potu'ssent
3611 1821 3711 1875 ppu

3313 1896 3392 1968 (6)
3445 1899 3652 1967 stupida
3687 1940 3702 1965 ,

2112 1979 2279 2035 altera
2313 1981 2528 2050 intacta.
2571 1981 2822 2049 Decebat,
2875 1985 2919 2041 si
2967 1983 3123 2044 forte.
3168 1990 3283 2042 sine
3311 1990 3485 2044 anima
3528 1992 3701 2055 nasci,

2111 2074 2202 2144 qui
2243 2072 2453 2130 fuerant
2496 2092 2599 2130 non
2634 2077 2735 2132 rite
2764 2079 3044 2147 concepti;
3078 2079 3173 2135 sed
3214 2090 3267 2135 et
3298 2082 3369 2136 illi
3414 2084 3620 2145 vivunt,
3656 2085 3706 2138 in

2111 2166 2456 2239 suoquisque
2498 2175 2669 2223 utero.
2716 2168 2935 2225 Exultat
2964 2170 3264 2237 Elizabetlt,
3307 2170 3541 2228 Joannes
3568 2174 3712 2230 intus

2112 2260 2397 2331 impulerat
2453 2276 2466 2313 :
2525 2260 2792 2331 glorificat
2859 2263 3139 2319 Dominum
3202 2264 3387 2332 Maria,
3462 2266 3710 2323 Christus

2113 2352 2255 2409 intus
2308 2353 2646 2411 instinxerat.
2677 2356 2992 2426 Agnoscunt
3045 2365 3244 2412 matres
3296 2372 3424 2414 suos
3480 2360 3707 2414 invicem

2113 2446 2292 2510 t‘mtus,
2323 2446 2518 2518 agnitrc
2550 2458 2736 2502 tttutuo
2785 2448 2854 2503 ab
2882 2448 3010 2519 ipsis
3040 2450 3225 2518 utique
3256 2451 3583 2516 viventibus,
3615 2454 3707 2523 qui

2113 2552 2219 2593 non
2253 2550 2457 2597 tantum
2500 2538 2694 2595 animae
2732 2551 2908 2610 erant,
2944 2556 3130 2597 verum
3156 2553 3207 2597 et
3236 2543 3475 2613 spiritus.
3507 2544 3571 2618 (i)
3617 2544 3709 2600 Sic

2112 2642 2169 2689 et
2187 2633 2253 2689 ad
2296 2633 2618 2689 Hieremiam
2651 2635 2785 2705 lrgis
2814 2635 2910 2690 Dei
2949 2650 3134 2691 vocem
3159 2635 3396 2709 (Jerem.,
3431 2636 3486 2708 Ι)
3513 2656 3526 2691 :
3556 2637 3712 2692 Prius

2112 2742 2263 2795 quam
2304 2736 2351 2781 te
2374 2727 2428 2781 in
2457 2737 2598 2782 utero
2628 2728 2888 2799 fingerent,
2923 2730 3038 2783 novi
3087 2739 3151 2784 te.
3187 2729 3241 2784 Si
3268 2730 3348 2803 (7)
3385 2730 3535 2801 lingit
3561 2732 3706 2786 Deus

2114 2818 2166 2872 in
2199 2828 2373 2882 utero,
2402 2826 2457 2873 et
2493 2818 2639 2874 afllat
2688 2834 2756 2873 ex
2793 2819 3064 2888 primordii
3095 2819 3264 2876 forma
3313 2819 3466 2889 (Gen.
3512 2821 3566 2890 I)
3596 2841 3608 2875 :
3646 2821 3711 2875 Et

2114 2910 2263 2979 ﬁnxit
2310 2908 2452 2967 Deus
2499 2910 2775 2976 Immineat,
2828 2919 2874 2964 et
2910 2911 3052 2981 [lavit
3099 2914 3153 2966 in
3193 2927 3306 2966 eum
3334 2914 3517 2983 ﬂatum
3558 2914 3709 2978 vitm;

2115 3018 2213 3058 nec
2260 3011 2440 3059 nosset
2484 3011 2661 3057 autem
2715 3001 2985 3058 hominem
3042 3003 3183 3058 Dens
3241 3004 3294 3059 in
3350 3013 3502 3058 utero
3535 3045 3549 3069 ,
3608 3006 3710 3059 uisi

2116 3103 2281 3155 totum
2309 3114 2322 3150 :
2352 3093 2423 3148 Et
2451 3094 2749 3167 priusquam
2777 3095 2938 3150 exiret
2968 3095 3032 3150 de
3070 3096 3238 3158 uulua,
3271 3096 3582 3164 sanctiﬁcavi
3612 3107 3658 3151 te
3686 3112 3706 3149 :

2115 3195 2170 3241 et
2193 3195 2464 3243 mortuum
2489 3184 2664 3240 adhuc
2688 3185 2921 3255 corpus?
2948 3185 3143 3258 Utique
3170 3202 3537 3258 nequaquam;
3570 3186 3709 3242 Deus

412 3282 586 3354 XXV)
617 3284 825 3340 viscera
859 3282 1115 3339 Rebecca!
1144 3285 1530 3354 inquietantur,
1560 3292 1614 3341 et
1643 3285 1799 3354 longe
1827 3285 2002 3340 adhuc
2028 3277 2072 3342 C
2107 3280 2249 3336 enim
2280 3276 2480 3348 (Matt,
2508 3276 2678 3348 XXII)
2705 3277 2949 3340 vivorum,
2983 3294 3083 3334 non
3112 3288 3448 3335 mortuorum.

412 3386 620 3447 partus,
668 3385 721 3430 et
750 3374 891 3429 aeris
930 3375 1106 3430 nullus
1136 3375 1414 3444 impulsus.
1439 3375 1576 3431 Ecce
1618 3375 1814 3447 duplex
1845 3375 2004 3434 limus

413 3468 468 3524 in
500 3467 635 3522 locis
668 3467 854 3521 matris
884 3468 1294 3531 tumultuantur,
1325 3475 1379 3520 et
1419 3482 1680 3538 nusquam
1707 3466 1883 3523 adhuc
1910 3482 2007 3538 po-

413 3563 526 3635 puli
581 3562 711 3616 duo.
768 3563 1084 3618 Portentosa
1134 3562 1352 3618 forsitan
1401 3560 1693 3633 petulantia
1748 3562 2007 3631 infanti-.2,

410 3666 543 3712 ante
583 3657 841 3711 certantis
885 3671 1045 3726 quam
1090 3656 1345 3722 viventis,
1392 3664 1516 3711 ante
1562 3657 1822 3712 animosa:
1850 3673 2009 3727 quam

412 3748 687 3813 animata,
737 3747 782 3802 si
820 3746 1208 3804 'tantummodo
1245 3756 1470 3803 matrem
1516 3748 1869 3805 subsultando
1905 3760 2017 3806 tur-

2665 3368 2893 3426 CAPUT
2932 3370 3148 3427 XXVII.

2184 3462 2464 3533 Quomodo
2502 3464 2660 3535 igitur
2709 3463 2906 3520 animal
2935 3466 3293 3537 conceptum?
3320 3466 3551 3538 simulae
3580 3481 3710 3521 con-

2116 3557 2241 3613 ﬂata
2299 3556 2572 3628 utriusque
2624 3556 2919 3612 substantia
2971 3558 3212 3628 corporis
3268 3559 3587 3631 anima-que,
3645 3575 3713 3614 an

2118 3652 2285 3708 altera
2311 3664 2493 3707 earum
2545 3649 2914 3720 przeccdente?
2962 3650 3072 3707 imo
3114 3651 3184 3723 (j)
3244 3653 3402 3709 simul
3441 3653 3628 3708 ambas
3663 3665 3716 3707 et

2121 3746 2367 3818 concipi,
2422 3752 2478 3800 et
2528 3742 2753 3813 confici,
2807 3753 2860 3800 et
2917 3745 3102 3818 perlici
3148 3744 3413 3816 dicimus,
3470 3748 3603 3803 sicut
3659 3759 3719 3804 et

1651 3883 2034 3945 LECTIONES
2068 3880 2482 3943 VARIAN'I‘ES.

513 4000 556 4056 li
589 4003 888 4056 Censeretur
932 3996 1084 4054 Seml.
1110 3999 1261 4053 Rhea.
1286 3996 1479 4052 Oberth.
1506 3997 1614 4051 cod.
1641 3997 1821 4052 Ursini.

503 4063 556 4125 ἴ)
585 4065 792 4116 Pristina
812 4063 967 4125 alien.
990 4066 1131 4116 Pana.

502 4127 555 4180 5i
579 4129 743 4177 Status
765 4129 874 4180 cod.
912 4127 1101 4177 Wouw.

483 4187 558 4259 (4)
584 4190 833 4241 Ediﬁcent
854 4193 995 4242 Parin.
1020 4187 1170 4242 Rhea.
1195 4188 1390 4253 Gagntt’.

533 4000 558 4257 ξ

2282 4056 2494 4107 seminis
2517 4058 2660 4106 Pam.
2687 4057 2839 4106 Fran.

2207 3993 2257 4120 5;
2282 3994 2556 4057 Spiratione
2577 3995 2716 4043 Pam.
2743 3990 2895 4046 Rhea.

2207 4062 2237 4108 6
2282 4056 2494 4107 Seminis
2517 4058 2660 4106 Pam.
2687 4057 2839 4120 Fran.

2179 3996 2257 4185 ἓξὲξ
2282 3996 2895 4129 ἓὲἑιξῖὲξῗιεέηαῖηιᾶξῗηο

2202 4122 2252 4183 7)
2296 4124 2435 4170 Forte
2464 4131 2551 4180 Sic,
2576 4131 2666 4183 pro
2688 4132 2747 4180 ει,
2767 4116 3040 4184 tegendum.
3063 4119 3192 4170 Edd.

1735 4290 2292 4350 COMMENTARIUS.

414 4437 679 4495 cebantur
702 4436 789 4507 qui
819 4450 961 4493 creso
991 4435 1174 4507 matris
1203 4442 1356 4490 utero
1395 4432 1777 4501 nascebantur,
1810 4441 1868 4486 ut
1894 4431 2011 4488 Sci-

459 4510 531 4563 io.
565 4507 640 4564 Lr.
672 4504 763 4563 es.
1064 4504 1068 4513 ’

714 4525 899 4646 lI’lato,
932 4577 1141 4653 perinde
1163 4592 1263 4632 non
1292 4585 1454 4653 putat,
1487 4585 1591 4653 etc.
1624 4575 1846 4653 Unicum
1878 4573 2008 4653 sim-

461 4646 725 4719 licetnque
752 4646 983 4705 animam
1014 4649 1204 4719 cuique
1230 4646 1440 4718 corpori
1490 4648 1685 4719 inesse,
1716 4646 2017 4719 affirmabat

464 4668 725 4719 ttccmqtte
752 4668 983 4705 antmam
1014 4668 1204 4719 cutque
1230 4668 1440 4718 corport
1491 4668 1685 4711 messe,
1716 4668 2017 4699 autrutauat

416 4668 598 4785 Blatn,
627 4737 799 4791 neque
830 4721 963 4775 duas
991 4721 1043 4791 in
1075 4719 1467 4791 eodem_simul
1512 4718 1728 4791 homine
1772 4715 2021 4791 admitte-

423 4796 536 4849 bat.
563 4787 861 4862 (iltrySippn
893 4790 1021 4846 illud
1053 4789 1233 4862 tribuit
1258 4789 1486 4846 Tertull.
1518 4790 1785 4862 superius.
1816 4789 1893 4842 LE
1922 4787 2017 4841 Pu.

496 4863 651 4920 CAP.
677 4859 870 4918 XXVI.
903 4892 975 4902 —
1003 4859 1084 4932 (b)
1127 4860 1232 4932 Sed
1276 4862 1438 4915 omnis
1482 4860 2020 4932 ittqualitassenteu-

424 4937 514 4991 tia:
541 4937 776 4989 humana:
818 4950 974 5003 usque
1018 4930 1085 4986 ad
1117 4931 1209 4985 Dei
1256 4933 1512 4989 terminos.
1570 4931 1729 5000 Quasi
1770 4930 2017 5003 diceret:

424 5006 533 5064 Sed
564 5006 757 5060 fuerint
784 5000 1095 5076 ina'qnales,
1126 5005 1342 5071 incertie
1369 5013 1423 5057 et
1445 5004 1815 5076 inconstantes
1843 5000 2020 5076 homi-

427 5094 556 5134 num
589 5078 657 5133 de
686 5077 862 5132 anima
891 5072 1169 5132 sententiae
1198 5089 1366 5146 usque
1393 5074 1457 5128 ad
1484 5073 1661 5127 divina
1694 5072 2020 5197 tcslt‘imonia.

1807 5158 1878 5197 tu.

1807 5158 1878 5200 IG.

503 5219 578 5292 (c)
624 5217 700 5275 De
742 5222 1033 5292 tuoifrater
1078 5216 1408 5292 fundamento
1451 5216 1602 5292 [idem
1642 5214 1864 5283 cedi/ica.
1904 5211 2022 5292 Iam

426 5284 718 5362 alloquitur
747 5284 1094 5346 christianum
1125 5331 1138 5354 ,
1166 5288 1334 5362 cujus
1365 5284 1768 5362 fundamentum
1795 5284 2026 5357 appellat

427 5356 649 5418 Sacram
679 5361 1043 5430 Scripturatn;
1093 5359 1180 5415 cui
1228 5356 1324 5429 pro
1372 5357 1714 5430 fundamento
1740 5356 2021 5411 Sacrarum

429 5428 829 5501 Scripturarum
862 5431 1162 5486 testimonia
1197 5428 1453 5501 suggerit.
1481 5428 1599 5484 Bto.

506 5495 587 5577 (d')
627 5500 810 5577 Aspice
835 5503 1048 5557 viventes
1074 5495 1536 5577 uterus.'_Galen_tt_s
1579 5513 1791 5568 quoque
1833 5495 2023 5577 eadem

432 5568 754 5649 probatione
782 5582 1153 5649 argumentum
1183 5573 1346 5649 capit,
1385 5571 1478 5649 se_d
1508 5571 1641 5625 intra
1682 5584 1805 5649 suas
1835 5568 2022 5649 lineas,

430 5640 499 5711 ex
532 5642 769 5718 profanis
795 5640 1057 5715 efcmplis
1078 5640 1403 5718 confirmans
1433 5643 1624 5718 fanum
1647 5642 1938 5718 animatum
1972 5640 2024 5693 itt

433 5711 611 5795 utero,
640 5717 775 5842 llibro
805 5711 971 5786 queui
994 5713 1229 5789 scripsit,
1258 5714 1338 5768 An
1364 5712 1556 5768 animat
1582 5714 1647 5767 sit
1673 5711 1811 5784 quod
1839 5711 1892 5765 in
1921 5718 2028 5765 utc-

433 5806 493 5842 ro
518 5798 608 5842 est.
674 5802 779 5842 .Ac.

433 5806 493 5845 το
518 5798 608 5845 εει.
648 5798 779 5843 Ι.Α(Ξ.

512 5859 595 5931 (e)
616 5857 983 5931 iEcce_t:i_sccra
1010 5856 1272 5931 fiebeccar.
1306 5855 1435 5931 Late
1470 5854 1836 5931 prosequitt_t_r_
1856 5851 2026 5907 histo-

435 5924 735 5992 ria'm'Gen.
768 5927 887 5994 XX,
913 5928 980 5985 de
1008 5928 1249 5985 Rebecca
1279 5941 1334 5985 et
1360 5924 1568 5984 duobus
1589 5927 1706 5996 ejus
1748 5924 1892 5992 filiis,
1918 5932 2027 5986 tum

2086 4482 2092 4487 ,
2119 4428 2371 4504 in_ttlero,
2398 4435 2505 4481 tum
2537 4427 2787 4504 iﬂ_[_)_.‘lt‘ll_l,
2814 4428 2902 4499 qui
2934 4427 3033 4484 nisi
3054 4430 3174 4504 jam
3218 4430 3437 4486 animati
3473 4447 3576 4486 non
3612 4447 3715 4504 p0-

2036 4539 2091 4600 D

2119 4497 2347 4569 tuissent
2376 4513 2575 4569 pugnas
2600 4498 2721 4553 illas
2743 4497 3027 4555 intentare.
3054 4501 3191 4556 Plut.

2192 4568 2254 4642 (l)
2295 4567 2373 4623 De
2421 4567 2588 4642 prima
2630 4571 2963 4642 aspiratione)
2998 4573 3203 4642 putabat
3252 4573 3507 4641 ptatonico
3550 4589 3710 4630 more.

2127 4639 2227 4714 alii
2279 4641 2529 4714 portabat.
2579 4639 2781 4714 Alludit
2827 4642 2891 4695 ad
2936 4639 3073 4711 dicta
3128 4639 3301 4712 capite
3345 4642 3576 4714 prmced.
3624 4646 3719 4699 tibi

2123 4709 2330 4765 Platoni
2359 4711 2640 4782 imputavit
2665 4714 2898 4767 animam
2947 4709 3174 4785 primum
3197 4709 3359 4770 'tralti'
3393 4714 3711 4840 spliratimtc.

3475 4800 3580 4840 λκιο.

3475 4800 3580 4840 ιΛϐ.

2197 4852 2401 4926 (ελοε
2445 4855 2577 4909 aeris
2600 4855 2767 4926 rigore
2810 4855 3046 4925 carpebat
3094 4856 3251 4911 stoica
3295 4860 3485 4926 forma.
3541 4856 3714 4910 Etiam

2123 4925 2319 4994 rccipir
2359 4942 2442 4988 ea,
2496 4942 2614 4995 qtae
2651 4925 2922 4996 superiori
2972 4929 3205 4998 capitulo
3251 4925 3456 4982 Stoicis
3507 4928 3713 4992 trilutit,

2127 5007 2243 5064 post
2276 5006 2453 5050 natatu
2487 5013 2706 5068 puerum
2739 5012 2927 5067 rapere
2960 5006 3191 5053 animam
3231 4999 3374 5053 aeris
3421 4998 3599 5068 rigore
3629 5013 3717 5053 re-

2126 5081 2458 5135 percussum.
2492 5067 2622 5123 Lac.

2199 5136 2278 5209 (h)
2313 5138 2521 5210 ΔΑιςρὶςιε
2574 5140 2724 5194 etiam
2775 5138 3057 5210 singulares
3109 5148 3398 5210 conceptus.
3457 5139 3721 5194 Similiter

2125 5207 2286 5263 etiam
2312 5208 2396 5263 hic
2426 5218 2716 5285 conceptus
2746 5207 2968 5285 Ιιιίιιιιιὶξ
3017 5207 3273 5285 Baptista
3309 5219 3364 5285 et
3412 5210 3624 5274 Christi,
3663 5220 3719 5285 et

2129 5290 2363 5350 mutuam
2396 5279 2737 5350 agitationem
2785 5280 3062 5336 infantium
3092 5279 3284 5338 'adbuc
3332 5282 3385 5336 in
3433 5292 3605 5348 utero,
3651 5281 3720 5335 de

2126 5349 2318 5420 quibus
2333 5346 2534 5420 Lucas,
2568 5346 2611 5405 Il
2640 5366 2691 5406 c.
2722 5351 2858 5407 ΡΑιι.

2200 5419 2266 5493 (i)
2316 5419 2407 5476 Sic
2455 5432 2502 5475 et
2548 5421 2616 5476 ad
2666 5419 2997 5493 Hieremiam,
3055 5434 3159 5477 etc.
3219 5423 3297 5493 Ad
3348 5421 3589 5493 ejusdem
3641 5422 3725 5478 rei

2127 5490 2639 5562 comprobationem,
2662 5494 2822 5548 etiam
2849 5490 3131 5548 Hieremiae
3154 5490 3426 5563 prepltetie
3447 5510 3512 5548 ex
3543 5509 3661 5563 cap.
3694 5493 3716 5546 l

2132 5563 2491 5634 testimonium
2542 5563 2733 5625 adfert,
2785 5563 3015 5634 idipsum
3055 5562 3337 5619 conferens
3378 5579 3499 5618 cum
3538 5562 3724 5634 serpis-

2129 5632 2264 5688 sime
2292 5634 2453 5688 citato
2480 5635 2597 5689 loco
2625 5634 2821 5690 Genes.
2849 5632 2891 5689 Ι.
2924 5634 3058 5690 ΡΑιι.

2208 5704 2362 5761 CAP.
2395 5705 2607 5762 XXVII.
2626 5734 2693 5746 -—-
2722 5704 2785 5776 (j)
2834 5704 3003 5761 Simul
3031 5703 3204 5776 ambas
3228 5714 3273 5757 et
3298 5702 3495 5776 concipi
3522 5712 3568 5756 et
3596 5719 3725 5758 con-

2136 5778 2263 5854 ﬁcﬁi.’
2291 5790 2426 5854 e_tc._
2449 5773 2807 5854 Hic___pleuiits
2845 5784 2895 5832 et
2916 5791 3053 5854 _cap.
3082 5773 3150 5831 '56
3180 5773 3531 5854 paradnovuur
3559 5789 3718 5854 suum

2131 5843 2355 5910 effundit
2384 5843 2765 5915 Tertullianus,
2793 5846 2933 5917 quod
2950 5843 3133 5914 supra,
3166 5843 3285 5915 cap.
3306 5843 3359 5917 79
3386 5853 3438 5917 et
3464 5843 3554 5907 22.
3588 5845 3726 5900 insi-

2134 5930 2390 5983 nuaverat
2431 5919 2500 5978 de
2522 5915 2900 5995 propagatiuue
2942 5918 3240 5973 animarum
3271 5915 3428 5971 simul
3475 5931 3598 5972 cum
3636 5932 3730 5977 se-
