4062 6288
411 335 516 392 697

933 449 1161 506 CAPUT
1213 448 1454 506 xxvut.
1576 508 1589 518 ,

485 541 616 610 Quis
659 540 736 612 (α)
782 541 875 597 ille
921 559 1062 598 nunc
1091 554 1240 599 vetus
1284 560 1465 599 sermo
1514 543 1652 614 apud
1693 545 2011 598 memoriam

417 635 654 690 Platonis
682 634 750 689 de
776 636 1075 689 animarum
1106 637 1383 707 reciproco
1418 636 1685 701 discursu,
1717 634 1856 704 quod
1892 634 2013 689 hinc

418 728 683 781 :tItrttttIcs
710 734 838 780 eant
880 727 1025 791 illuc,
1058 736 1112 781 et
1141 741 1328 782 rursus
1357 726 1460 783 huc
1481 727 1693 781 veniant
1733 735 1787 780 ct
1813 727 2010 791 vivant,

418 827 473 870 ct
515 818 710 871 dehinc
742 833 773 872 e
802 818 908 871 vita
951 818 1166 884 abeant,
1196 834 1381 873 rursus
1419 834 1483 874 ex
1516 820 1741 874 mortuis
1767 818 1905 874 efﬁci
1937 818 2011 872 vi-

416 911 551 964 ws?
584 908 991 981 Pythagoricus,
1037 921 1091 964 ιιι
1121 912 1324 975 volunt,
1358 911 1486 982 quin
1541 920 1596 966 ct
1649 909 1727 983 (1)
1777 910 2012 975 divinus,

416 1011 475 1055 ut
492 1000 563 1073 (ὁ)
584 1000 812 1055 Albinus
831 1001 1124 1068 existimat,
1143 1011 1234 1056 aut
1250 1002 1498 1057 Mercurii
1512 1001 1735 1057 forsitan
1752 1000 2012 1073 ngyptii.

416 1093 522 1148 Sed
553 1092 730 1148 nullus
758 1107 937 1148 sermo
967 1095 1200 1160 divinus,
1235 1095 1335 1150 nisi
1370 1096 1461 1150 Dei
1498 1096 1688 1163 unius,
1729 1110 1836 1190 quo
1879 1094 2014 1149 Pro-

416 1188 622 1259 phetas,
678 1201 788 1254 quo
838 1187 1103 1257 Apostoli,
1160 1202 1269 1258 quo
1313 1187 1428 1257 ipse
1474 1186 2012 1242 Christns'iutonnit.

418 1277 585 1331 Multo
616 1278 697 1348 (ο)
723 1278 994 1349 antiquior
1018 1278 1228 1350 Moyses
1254 1279 1412 1335 etiam
1445 1278 1699 1358 Saturno,
1735 1278 2016 1349 nongentis

416 1370 542 1423 (δ’τυὶ
570 1385 630 1423 er
658 1370 834 1435 anuis,
879 1370 1073 1425 nedum
1106 1371 1486 1442 pronepotibus
1513 1371 1660 1440 ejus;
1693 1379 1838 1426 certe
1877 1370 2015 1425 divi-

415 1462 536 1515 nior
563 1461 754 1528 multo,
788 1462 875 1531 qui
906 1461 1168 1517 decursus
1206 1462 1421 1534 generis
1451 1461 1665 1517 humani
1702 1462 1770 1515 ab
1796 1461 2018 1517 exordio

416 1554 600 1608 mundi
642 1570 856 1626 quoque
903 1554 982 1627 (2)
1055 1571 1149 1625 per
1210 1555 1447 1628 singulas
1503 1556 1805 1610 nativitates
1842 1556 2016 1610 nomi-

415 1648 581 1700 natim
631 1647 1079 1718 temporatimque
1107 1647 1350 1717 digessit,
1384 1651 1516 1704 satis
1560 1649 1792 1718 probans
1819 1647 2017 1703 divini-

418 1747 584 1792 tatem
616 1738 797 1808 operis
824 1754 894 1794 ex
920 1739 1252 1795 divinatione
1273 1741 1440 1796 vocis.
1471 1741 1553 1811 (ά)
1575 1739 1631 1797 Si
1655 1756 1785 1797 vero
1804 1741 2018 1797 Samius

1800 332 2004 392 LIBER
2042 330 2133 390 DE
2173 332 2407 392 ANIIIA.

2042 462 2087 508 Α
2122 447 2333 520 falsum,
2365 436 2680 521 anliqttitate
2717 464 3071 521 generosum;
3104 449 3287 522 qttidtti
3326 449 3538 518 falsum,
3568 452 3719 521 Cujus
3776 480 3793 489 ι

3612 334 3717 393 698

2120 545 2479 599 testimonium
2525 561 2739 616 quoque
2768 562 2831 599 cx
2865 546 2995 598 falso
3022 545 3143 599 est?
3168 544 3451 611 Quomodo
3492 543 3710 599 credant

2119 649 2223 689 non
2268 637 2479 691 mentiri
2524 636 2909 708 Pythagoram,
2940 636 3028 705 qui
3073 624 3330 691 mentitur
3369 644 3425 691 ut
3465 635 3720 690 credam?

2116 724 2396 792 Quomodo
2422 727 2547 782 mihi
2582 727 2924 797 persuadebit
2981 725 3307 783 Etbalidem
3369 726 3473 799 (ὅ),
3526 727 3718 782 etEn-

2120 817 2749 891 phorlnnn,ctl’yrrhum
2766 819 3107 888 piscatorem,
3140 826 3195 874 et
3233 818 3716 890 Hermotimurnt't)

2117 925 2177 965 se
2209 920 2350 965 retro
2375 922 2499 966 ante
2529 911 2882 983 l‘ythagoram
2916 911 3104 977 fuisse,
3136 920 3193 967 ut
3219 910 3537 981 persuadeat
3563 912 3714 966 vivos

2116 1018 2178 1059 ex
2200 1019 2303 1058 met
2320 1004 2423 1060 tuis
2444 1004 2605 1071 efﬁci,
2629 1005 2922 1075 quiitcrum
2943 1020 3001 1060 se
3032 1003 3389 1077 Pythagoram
3436 1003 3721 1075 pejcravit?

2117 1095 2327 1163 Quanto
2353 1096 2495 1151 enim
2521 1097 2830 1152 credibilius
2873 1098 2986 1168 ipse
3005 1112 3071 1153 ex
3097 1097 3388 1167 semetipso
3430 1097 3594 1151 semel
3640 1097 3719 1169 (5)

2118 1186 2347 1242 redisset
2394 1187 2446 1241 in
2493 1187 2679 1250 vitam,
2727 1203 2886 1258 quam
2935 1188 3133 1244 totiens
3180 1188 3317 1243 alius
3354 1200 3513 1259 atque
3560 1188 3716 1254 alius,

2119 1285 2268 1332 tanto
2299 1286 2352 1332 et
2382 1279 2432 1332 in
2469 1278 2777 1334 durioribus
2817 1278 3018 1344 fefellit,
3050 1279 3139 1349 qui
3181 1279 3430 1334 molliora
3462 1281 3721 1335 mentitus

2118 1379 2221 1426 est.
2255 1369 2328 1442 (ε)
2372 1370 2476 1428 Sed
2518 1372 2764 1442 clypeum
2796 1371 3068 1442 Euphorbi
3116 1372 3244 1426 olim
3275 1372 3490 1440 Delphis
3516 1387 3714 1427 conse-

2118 1470 2325 1517 cratum
2355 1464 2682 1533 recognovit,
2714 1472 2768 1518 et
2793 1478 2947 1518 suum
2973 1463 3128 1528 dixit,
3159 1471 3214 1519 et
3251 1463 3319 1518 de
3345 1465 3514 1535 signis
3552 1464 3718 1534 vulgo

2121 1552 2314 1624 ignotis
2346 1555 2610 1625 probavit.
2640 1555 2865 1624 Respice
2893 1554 2960 1609 ad
2990 1553 3289 1626 bypogeum
3336 1556 3455 1624 ejus
3475 1598 3488 1621 ,
3521 1556 3591 1628 (Ῑ)
3644 1564 3720 1624 et,

2118 1646 2163 1701 si
2205 1645 2366 1715 capit,
2418 1646 2599 1701 crede.
2632 1646 2764 1701 Nam
2793 1647 2883 1717 qui
2912 1647 3067 1701 talem
3098 1657 3431 1702 commentus
3460 1655 3543 1702 est
3580 1656 3722 1702 stro-

2121 1738 2306 1809 pham,
2339 1754 2460 1794 cum
2492 1739 2682 1809 injuria
2704 1738 2860 1793 bona:
2885 1738 3226 1803 valetudinis,
3248 1755 3369 1793 cum
3396 1739 3578 1794 fraude
3600 1740 3723 1794 vitm

414 1829 672 1900 Sophisla
698 1830 906 1885 Platoni
939 1843 1127 1887 auctor
1164 1841 1250 1888 est
1287 1834 1588 1888 animarum
1627 1833 1694 1888 de
1724 1832 2016 1889 recidivatu
2046 1841 2094 1901 Β
2122 1830 2403 1899 septennio
2449 1831 2777 1885 excruciata:
2814 1830 2950 1885 infra
2998 1840 3193 1886 terram
3245 1831 3441 1898 inedia,
3491 1831 3720 1904 ignavia,

415 1923 702 1978 revolubili
729 1940 944 1995 semper
970 1941 1032 1981 ex
1064 1926 1267 1981 alterna
1294 1936 1625 1981 mortuorum
1647 1937 1807 2000 atque
1832 1929 2017 1983 viven-

417 2018 549 2071 tium
594 2015 931 2083 sulI‘ectione,
984 2029 1134 2074 certe
1179 2018 1268 2073 ille
1298 2018 1653 2091 Pythagoras,
1696 2021 1796 2076 etsi
1841 2021 2016 2075 bonus

414 2121 634 2174 etetera,
680 2122 854 2167 tamen
905 2122 962 2168 ut
1013 2112 1151 2168 hanc
1192 2114 1862 2179 sententiamexstrueret,
1910 2130 2014 2169 non

417 2203 558 2270 turpi
594 2203 776 2270 modo,
805 2219 989 2259 verum
1030 2207 1191 2261 etiam
1226 2207 1512 2262 temerario
1549 2207 1830 2262 mendacio
1869 2207 2018 2262 incu-

416 2292 550 2347 buit.
577 2294 852 2366 Cognosce
875 2297 963 2366 qui
991 2297 1186 2361 nescis,
1211 2308 1264 2353 et
1288 2298 1447 2353 crede
1468 2298 1766 2353 nobiscum.
1791 2298 2014 2356 Mortem

417 2386 656 2452 simulat,
683 2389 1033 2445 subterraneo
1055 2390 1246 2456 latitat,
1276 2390 1523 2462 septenni
1548 2406 1608 2447 se
1629 2392 1737 2448 illic
1765 2394 2016 2462 patientia

416 2478 659 2547 damnat,
687 2481 888 2535 interea
921 2497 1039 2551 qua:
1086 2483 1153 2537 de
1182 2484 1412 2553 posteris
1454 2482 1720 2538 defunctis
1759 2483 1825 2538 ad
1856 2483 2014 2539 [idem

418 2588 601 2628 rerum
628 2583 771 2651 esset
798 2574 1085 2639 relaturus,
1115 2576 1183 2629 ab
1225 2577 1378 2629 unica
1423 2575 1635 2631 conscia
1678 2587 1731 2631 et
1773 2576 2014 2632 ministra

416 2674 592 2720 tnatrc
620 2668 897 2737 cognoscit
923 2685 936 2723 ι
964 2678 1020 2722 ιιι
1048 2668 1176 2722 satis
1201 2667 1300 2721 sibi
1329 2667 1473 2723 visus
1500 2678 1579 2722 est
1627 2669 2015 2737 corpulentiam

415 2757 769 2828 interpolasse
805 2759 869 2812 ad
924 2772 1137 2814 omnem
1170 2759 1365 2813 mortui
1399 2759 1596 2814 veteris
1624 2758 1921 2825 horrorem,
1949 2762 2016 2816 de

412 2849 590 2920 adytis
628 2848 851 2905 fallacia:
893 2852 1143 2920 emergit,
1175 2860 1231 2904 ut
1259 2850 1328 2905 ab
1368 2850 1550 2906 inferis
1581 2849 1840 2906 redditus.
1885 2851 2017 2921 Quis

413 2958 523 2998 non
555 2944 801 3000 crederet
827 2945 1108 3011 revixisse,
1141 2960 1302 3015 quem
1331 2943 1636 3001 crediderat
1663 2944 1886 3000 obisse?
1915 2961 2011 3000 au-

410 3039 571 3093 diens
610 3039 905 3108 prtesertim
948 3039 1017 3093 ab
1046 3054 1113 3095 eo
1136 3055 1254 3109 quae
1280 3039 1349 3094 de
1390 3039 1618 3109 posteris
1648 3040 1873 3094 mortuis
1915 3039 2013 3094 nisi

409 3131 553 3201 apud
582 3132 781 3187 inferos
827 3148 932 3187 non
968 3132 1244 3188 videretur
1283 3147 1612 3203 cogroscere
1646 3134 1902 3203 potuisse,
1936 3134 2013 3188 sic

2126 1922 2310 1977 umbra
2340 1941 2354 1990 ;
2383 1921 2466 1978 cui
2501 1924 2629 1977 tanti
2665 1923 2760 1978 fuit
2792 1923 3058 1978 fastidium
3086 1924 3245 1988 ereli;
3273 1939 3431 1994 quam
3480 1939 3584 1978 non
3627 1939 3721 1978 ac-

2120 2014 2343 2069 cesserit
2385 2013 2773 2069 temeritatem?
2799 2014 2967 2081 Quam
2999 2031 3104 2069 non
3150 2017 3434 2071 teutaverit
3477 2016 3710 2070 curiosi-

2122 2116 2305 2176 tatem,
2357 2116 2412 2161 ut
2452 2107 2517 2161 ad
2565 2116 2742 2162 notatn
2784 2108 2953 2178 clypei
3001 2108 3142 2163 illius
3190 2108 3534 2179 perveniret?
3580 2107 3721 2175 Quid

2120 2208 2322 2268 autem,
2357 2202 2400 2256 si
2430 2202 2481 2256 in
2513 2201 2750 2256 historiis
2777 2201 3043 2272 aliquibus
3072 2202 3454 2257 occultior-ibus
3483 2202 3722 2273 reperit?

2119 2293 2268 2360 qttid,
2310 2295 2361 2349 si
2400 2292 2621 2350 defeeta:
2659 2294 2768 2364 jam
2802 2294 3105 2350 traditionis
3150 2295 3472 2366 superstites
3512 2295 3722 2365 aliquas

2117 2387 2274 2442 famae
2311 2385 2521 2441 aurulas
2564 2386 2781 2441 hausit?
2819 2386 2966 2457 quid,
3007 2388 3051 2442 si
3096 2387 3164 2441 ab
3190 2387 3388 2442 :edituo
3436 2385 3717 2463 redempta

2117 2482 2254 2538 clam
2278 2481 2608 2553 inspectione
2633 2480 2915 2551 cognovit?
2936 2480 3145 2537 Scimus
3165 2481 3326 2535 etiam
3347 2479 3534 2549 magia:
3557 2479 3720 2533 licere

2118 2575 2457 2646 explorandis
2482 2574 2708 2630 occultis
2736 2574 2813 2645 (θ)
2847 2589 2942 2643 pct‘
2970 2573 3320 2635 catabolicos,
3354 2572 3433 2643 (Ii)
3463 2581 3512 2627 et
3559 2586 3718 2641 pare-

2117 2671 2264 2735 dros,
2290 2680 2344 2725 et
2364 2669 2679 2742 pythonicos
2705 2668 2945 2738 Spiritus.
2971 2667 3084 2723 Non
3111 2667 3251 2722 cnim
3276 2678 3324 2722 ct
3349 2665 3713 2737 Pherecydes,

2119 2762 2433 2834 Pythagora:
2459 2761 2730 2831 magister,
2761 2759 2843 2815 his
2875 2759 3054 2816 forsan
3085 2761 3289 2814 artibus
3316 2757 3612 2823 divinabat,
3644 2773 3711 2812 ne

2116 2853 2289 2912 dicam
2335 2853 2669 2909 somniabat?
2709 2852 2848 2920 Quid
2884 2854 2926 2907 si
2961 2852 3101 2908 idem
3142 2852 3354 2906 dzemon
3396 2851 3447 2905 in
3478 2850 3567 2905 illo
3596 2849 3714 2914 fuit,

2119 2950 2207 3020 qui
2235 2953 2288 3003 et
2315 2949 2366 3002 iu
2395 2947 2686 3016 Euphorbo
2709 2961 2796 3001 res
2817 2947 3090 3015 sanguinis
3112 2946 3313 3015 geSsit?
3338 2944 3598 3012 Denique,
3623 2942 3714 3012 qui

2117 3056 2175 3096 se
2222 3040 2566 3109 Euphorbum
2614 3053 2679 3093 ex
2728 3048 3045 3108 argumento
3087 3039 3262 3109 clypei
3304 3037 3571 3106 probarat,
3617 3051 3716 3090 cur

2118 3133 2386 3187 neminem
2403 3130 2756 3200 Trojanorum
2772 3129 3197 3185 commilitonum
3211 3144 3362 3198 mque
3380 3126 3713 3196 recognovit?

407 3238 478 3277 ex
511 3225 736 3279 mortuis
763 3225 913 3280 vivos
932 3223 1070 3281 effici
1099 3226 1281 3280 senior
1309 3240 1490 3281 sermo
1517 3235 1619 3281 est.
1661 3225 1798 3292 Quid
1839 3227 2006 3291 enim,
2036 3231 2080 3293 ρ
2115 3224 2247 3279 Nam
2276 3233 2330 3280 ct
2354 3224 2427 3279 illi
2451 3223 2563 3293 jam
2590 3223 2927 3287 revixissent,
2952 3222 2995 3276 si
3024 3221 3126 3276 vivi
3157 3236 3222 3276 ex
3254 3221 3476 3275 mortuis
3500 3220 3710 3275 fierent.

404 3317 453 3370 si
502 3324 558 3370 et
601 3316 818 3385 junior?
865 3315 1049 3398 Neque
1099 3317 1294 3372 veritas
1340 3316 1609 3374 desiderat
1655 3328 2008 3384 vetustatem,

303 3432 353 3443 ι·
388 3424 584 3487 _neque
613 3409 952 3466 mendacium
981 3409 1182 3466 devitat
1210 3410 1596 3468 uovellitatcm.
1644 3409 1828 3465 Teneo
1853 3410 2012 3480 plane

2731 3316 2961 3373 CAPUT
2994 3314 3185 3371 XXIX.

2188 3410 2427 3466 Mortuos
2449 3411 2515 3481 (i)
2537 3409 2753 3481 quidem
2780 3426 2845 3468 ex
2874 3411 3007 3466 vivis
3028 3409 3166 3466 efﬁci
3197 3416 3430 3477 constat,
3463 3423 3567 3463 non
3591 3405 3713 3463 ideo

1662 3522 2044 3580 LECTIONES
2081 3522 2496 3580 VARIANTES.

467 3636 546 3760 ἐι)
572 3637 777 3698 Quidam
800 3641 942 3690 Pam.
960 3638 1113 3692 Rhea.

489 3704 542 3760 2)
567 3701 796 3760 Quosque
820 3704 941 3752 Jun.

467 3701 543 3829 ἃς
567 3701 796 3765 Quosque
820 3704 941 3752 Jun.
1017 3761 1029 3773 .
1171 3762 1182 3773 _

467 3766 519 3830 (5
568 3764 881 3827 Ephaclidem
902 3767 1071 3816 Paris.
1096 3762 1198 3815 alii.

2201 3639 2244 3705 ι)
2269 3639 2592 3705 Ijermippum
2614 3643 2759 3690 Pam.

2201 3641 2222 3690 ι
2269 3639 2592 3705 Hermippum
2614 3643 2759 3690 Pam.

2270 3702 2439 3754 Semel
2462 3702 2614 3756 σηιξη.
2643 3706 2787 3755 Pam.

1748 3870 2301 3934 COMMENTARIUS.

474 3982 630 4057 CAP.
665 3981 901 4057 XX_VIII.
1034 3983 1165 4057 Quis
1201 3985 1291 4057 ille
1317 4000 1448 4057 nunc
1498 3993 1633 4040 vetus
1664 4000 1831 4057 seruio
1859 3987 1999 4057 apud

394 4055 697 4125 manat-iant
739 4053 996 4109 Platonis.
1026 4054 1116 4111 Sic
1152 4057 1221 4111 ait
1264 4055 1513 4111 Socrates
1537 4055 1675 4125 apud
1717 4053 1995 4111 Platonem

396 4127 457 4182 in
490 4124 747 4180 Phaedone
771 4142 788 4179 ε
816 4135 1024 4191 Παλαιὸς
1070 4136 1155 4194 μὲν
1182 4127 1258 4181 οὖν
1298 4135 1394 4184 ἐπὶ
1434 4153 1508 4190 τις
1560 4124 1585 4181 ὂ
1626 4130 1753 4198 λόγος
1784 4132 1910 4192 οὗτὸς
1942 4127 1995 4183 οὖ

394 4204 704 4267 μεμνημὲθα,
736 4205 795 4259 ὡς
832 4201 949 4253 εἰσὶν
985 4205 1105 4253 bst
1126 4203 1176 4252 δὲ
1203 4202 1486 4268 ἀρικὸμαενκι
1515 4203 1628 4260 ἐκεῖ,
1656 4211 1738 4252 καί
1778 4206 1921 4253 πάλιν
1951 4222 2001 4270 ’μ

395 4273 533 4340 Edico
569 4274 865 4340 signabat-att,
895 4273 976 4324 κκὲ
1002 4281 1235 4340 γίγνωνται
1263 4277 1310 4324 ὰ
1330 4286 1419 4325 τῶν
1442 4277 1711 4340 τιρνεὼτων.
1737 4280 1841 4325 DIC.
1876 4270 1995 4326 “I6.

473 4338 554 4409 (b)
593 4338 661 4395 Ut
690 4340 904 4411 Albinus
944 4338 1214 4395 exisiintat.
1262 4340 1437 4394 Albini
1484 4338 1739 4411 Platonici
1790 4340 1999 4396 libellus

399 4410 705 4481 Isagogicus
743 4412 794 4464 iu
838 4410 1078 4465 Platonis
1110 4411 1354 4481 liialogos
1384 4420 1557 4481 exstat
1578 4410 1628 4463 in
1662 4410 1995 4466 Bibliotheca

396 4479 1037 4562 chia’._I‘-3_t‘(Jassiodo-rus
1052 4479 1549 4562 senator‘Albiuitle
1582 4483 1779 4562 musica
1799 4483 1994 4562 librum
2021 4500 2074 4562 Ι)

392 4567 459 4607 se
491 4556 544 4606 iu
584 4552 902 4608 bibliotheca
933 4552 1118 4608 Romae
1159 4564 1285 4608 ante
1327 4551 1581 4623 gentilem
1627 4552 1988 4609 incursionem

392 4624 649 4678 habuisse
676 4632 1080 4679 commemorat.
1109 4623 1227 4680 th.

470 4694 551 4766 (θ)
584 4693 748 4748 Multo
772 4695 1027 4764 antiquior
1048 4693 1251 4766 Moyses
1277 4695 1427 4766 etiam
1451 4693 1701 4766 Saturno,
1728 4696 1994 4766 nongentis

393 4764 597 4821 circiter
615 4782 703 4819 an.
730 4766 785 4820 Si
808 4767 927 4834 quis
949 4764 1253 4820 consideret
1281 4765 1421 4836 quod
1450 4764 1607 4819 habet
1633 4765 1994 4822 Tertulliauus

395 4837 620 4905 Apolog.
666 4850 714 4891 c.
750 4836 840 4901 19,
892 4851 995 4891 non
1042 4837 1320 4891 mirabitur
1363 4837 1504 4906 quod
1553 4838 1637 4891 hic
1679 4837 1858 4891 Mosen
1899 4837 1995 4892 Sa-

400 4918 562 4963 turno
592 4906 698 4963 900
729 4908 943 4964 circiter
970 4909 1124 4962 annis
1151 4908 1505 4977 antiquiorem
1547 4907 1719 4972 dicat;
1749 4908 1817 4962 ibi
1848 4908 1991 4962 enim

394 4978 581 5041 habet,
614 4978 790 5034 Mosen
819 4979 958 5033 mille
979 4980 1177 5034 circiter
1200 4995 1288 5033 an.
1316 4977 1515 5033 cladem
1541 4977 1739 5033 Priami
1767 4989 1992 5036 anteces-

395 5051 545 5104 sisse.
577 5048 709 5103 Nam
738 5050 812 5104 uti
833 5050 942 5117 jam
965 5049 1092 5104 olim
1119 5050 1373 5118 respondi
1401 5048 1468 5103 ad
1495 5050 1773 5117 epistolam
1807 5053 1905 5105 hac
1925 5050 1992 5106 de

390 5136 456 5174 re
494 5119 762 5175 Francisci
796 5120 1032 5175 Balduiui
1075 5121 1114 5177 Ι.
1146 5120 1206 5176 C.
1255 5119 1506 5182 Eusebio,
1548 5120 1709 5185 Beda,
1741 5135 1805 5175 ac
1852 5121 1989 5176 Iler-

390 5207 593 5246 tnanno
621 5191 907 5247 Contracta
950 5191 1194 5258 testibus,
1241 5207 1345 5246 non
1393 5190 1491 5246 nisi
1542 5191 1648 5247 150
1684 5193 1837 5245 annis
1863 5201 1988 5247 ante

391 5261 586 5317 {Eueni
607 5263 657 5317 in
683 5263 884 5317 Italiam
904 5262 1193 5318 adventum
1218 5260 1477 5318 Saturnus
1499 5277 1751 5333 regnasse
1774 5262 1985 5328 legitur.

388 5333 449 5388 Si
495 5333 673 5404 itaque
699 5334 844 5404 mille
885 5349 976 5387 an.
1011 5333 1214 5388 cladem
1248 5333 1445 5404 Priami
1479 5334 1786 5400 antecessit,
1815 5333 1989 5389 Moses

389 5403 627 5459 Saturno
672 5403 911 5473 profecto
958 5405 1226 5475 antiquior
1289 5414 1373 5459 est
1418 5403 1525 5460 900
1554 5405 1767 5460 circiter
1807 5405 1984 5460 annis.

386 5476 517 5531 Seio
556 5475 772 5545 quidem
812 5474 1073 5545 quosdam
1116 5475 1252 5531 alios
1300 5477 1351 5529 iu
1379 5476 1481 5529 alia
1523 5491 1643 5531 esse
1683 5475 1983 5540 sententia;

386 5542 588 5600 verum
615 5561 646 5601 a
682 5542 916 5615 Iosepho
938 5542 1057 5602 haec
1084 5548 1376 5616 sumpsisse
1402 5556 1642 5603 nostrum
1684 5556 1981 5615 auctorem,

384 5616 763 5688 adnotavimus
794 5618 1092 5688 inApolog.
1124 5618 1261 5673 Pu.

465 5685 548 5759 (d)
587 5687 649 5743 Si
690 5703 807 5742 vero
839 5685 1058 5743 Samius
1083 5690 1332 5758 sapltiua.
1364 5688 1576 5743 Samius
1601 5687 1872 5758 epitheton
1904 5699 1987 5744 est

383 5759 709 5829 Pythagora:
732 5773 764 5814 a
791 5759 954 5815 Samo
980 5759 1174 5823 insula,
1190 5759 1277 5814 ubi
1304 5759 1513 5824 claruit,
1537 5769 1590 5813 et
1613 5759 1848 5815 Italicam
1875 5759 1984 5814 dis-

378 5828 640 5902 ciplinam
680 5830 975 5902 asportavit
1018 5831 1071 5886 in
1120 5829 1380 5887 Graeciam
1405 5830 1649 5886 alteram.
1680 5831 1985 5902 Sophistam

2099 4003 2226 4043 vero
2251 3990 2483 4064 nominat
2509 3990 2653 4045 illum
2686 3991 2913 4049 fortasse
2948 4008 3052 4048 non
3093 4003 3431 4064 contemptus
3472 4010 3699 4063 caussa;

2115 4074 2235 4137 nam
2284 4076 2406 4137 min;
2455 4061 2866 4137 honorificrnter
2914 4065 3057 4120 illum
3102 4061 3361 4137 appellat,
3397 4061 3705 4135 bonumque

2103 4130 2257 4217 dicit;
2283 4132 2519 4217 auditum
2542 4134 2682 4216 enim
2701 4136 2943 4217 sophltislae
2963 4130 3156 4192 nomen
3175 4130 3284 4217 non
3312 4130 3524 4217 semper
3546 4130 3702 4217 male,

2102 4200 2196 4256 sed
2245 4203 2506 4279 interdum
2550 4213 2607 4258 ut
2634 4200 3028 4279 significaretur
3054 4210 3330 4264 excellens
3360 4200 3700 4279 vir'ingcnio,

2102 4281 2156 4349 et
2193 4273 2643 4349 sapientissimus
2663 4277 2889 4349 quisque
2920 4296 2933 4331 :
2960 4289 3288 4349 quapropter
3315 4273 3545 4349 primum
3582 4273 3705 4335 om;

2104 4343 2247 4397 nium
2270 4346 2592 4414 appellatum
2613 4343 2865 4403 Solonem
2891 4343 3184 4418 sophistaui
3206 4343 3392 4406 scribit
3419 4351 3699 4407 Isocrates.

3464 4422 3592 4477 Lac.

2177 4485 2253 4554 (c)
2302 4487 2407 4561 Sed
2444 4488 2677 4561 clypeum
2739 4489 3019 4561 Euphorbi.
3071 4492 3273 4547 Praeter
3317 4493 3603 4561 Diogenem
3646 4503 3703 4549 et

2103 4555 2668 4631 I_.ac_taiitittm,;titijus
2712 4555 2872 4616 etiam
2920 4563 3216 4619 meminere
3264 4555 3595 4620 Jamblicbus
3645 4572 3703 4618 et

2101 4627 2470 4701 Philostratus,
2495 4627 2549 4684 et
2570 4633 2772 4685 Auctor
2799 4648 2963 4701 stepe,
2990 4648 3040 4689 c.
3081 4635 3174 4697 3|,
3223 4633 3313 4688 ubi
3340 4636 3452 4689 lucc
3480 4635 3697 4699 refutat,

2098 4707 2285 4770 etcap.
2318 4700 2411 4761 ως
2435 4714 2552 4770 cap.
2585 4703 2611 4755 1
2645 4701 2708 4755 de
2734 4700 2940 4758 Resttrr.
2998 4707 3183 4758 carnis.
3216 4705 3542 4761 PeCuIiarius
3562 4705 3699 4761 hanc

2098 4767 2330 4845 fabulam
2361 4767 2645 4845 descripsit
2667 4772 2812 4828 Max.
2842 4774 3037 4845 Tyrius
3062 4791 3309 4832 sermone
3335 4776 3427 4833 ‘28.
3454 4777 3582 4832 Lac.

2172 4838 2240 4917 (f)
2273 4839 2410 4917 E_t__si
2441 4845 2600 4912 capit,
2646 4844 2812 4917 crede.
2844 4838 2957 4917 lliic
3004 4855 3119 4902 est:
3165 4847 3220 4903 Si
3265 4852 3408 4917 capit
3450 4848 3694 4914 credere,

2095 4911 2277 4984 crede.
2291 4911 2547 4984 _Elegauti
2580 4916 2857 4971 reticentia
2890 4916 3119 4973 alterum
3149 4911 3421 4973 subduiit.
3452 4918 3573 4976 Rto.

2167 4983 2244 5052 (g)
2278 4982 2378 5038 Per
2405 4982 2730 5041 catabolicos.
2773 4988 2961 5043 Docuit
3000 5004 3085 5042 me
3113 4988 3506 5044 eruditissimus
3547 4989 3689 5045 Tur-

2098 5054 2274 5130 nebus
2303 5056 2352 5109 in
2384 5056 2592 5130 advers.
2611 5053 2946 5130 Catabolicos
2975 5059 3332 5129 inauspicatos
3360 5062 3548 5130 genios
3573 5076 3697 5118 esse

2094 5134 2156 5201 et_
2171 5124 2425 5201 infames,
2454 5127 2543 5201 qu_i
2569 5126 2825 5183 fanaticos
2854 5124 3196 5198 prosternunt
3219 5124 3388 5201 atque
3405 5130 3470 5186 ad
3499 5143 3693 5189 terram

2093 5195 2369 5265 adfligunt.
2406 5195 2487 5255 Ls
2513 5197 2612 5252 Pu.

2166 5266 2247 5336 (b)
2273 5266 2335 5320 Et
2352 5270 2623 5342 par-euros.
2647 5269 2948 5342 Daemones,
2974 5270 3350 5342 quiperpe‘tuo
3370 5274 3696 5331 comitantur

2091 5337 2319 5407 aliquos.
2350 5337 2534 5393 Talem
2578 5339 2771 5460 ρεώιιὶι
2827 5337 3010 5396 Simon
3067 5337 3267 5412 Magos.
3298 5344 3374 5399 La
3402 5344 3499 5398 Pu.
3532 5373 3599 5385 -
3631 5345 3694 5400 Et

2092 5405 2428 5460 Puthonicos.
2480 5409 2751 5460 Pvtiones
2800 5425 2895 5460 seu
2940 5418 3326 5460 ἓνναπτηηιῦθάυρ
3355 5458 3362 5460 Α
3394 5431 3420 5460 a
3449 5414 3694 5460 rlmmnnp

2092 5405 2442 5485 Ρῃὶιιοιιὶεοεζ
2480 5405 2751 5485 Pythones
2800 5425 2896 5467 seu
2940 5405 3326 5485 ἔῃσστρᾷιὺθους
3353 5458 3367 5483 ,
3394 5431 3421 5469 a
3449 5414 3694 5473 daemone

2093 5479 2392 5541 cert-entes.
2420 5479 2497 5534 Ls
2528 5479 2623 5534 Ρη.

2159 5548 2312 5628 CAP.
2340 5550 2539 5628 XXIX.
2566 5550 2716 5621 -—-(i)
2739 5552 3256 5628 Mortuosquidemea:
3267 5558 3388 5613 vivis
3415 5557 3541 5628 efﬁci
3566 5574 3691 5613 con-

2089 5631 2207 5693 stat.
2248 5622 2304 5676 In
2337 5623 2437 5678 hoc
2466 5638 2582 5693 cap.
2614 5622 3017 5693 argumentatur
3042 5625 3301 5681 adversus
3332 5622 3604 5682 l‘lat'onem
3635 5632 3687 5685 in

2097 5691 2376 5766 Pliwdone,
2395 5691 2547 5765 cujus
2570 5691 3002 5766 cottsequentiam
3023 5697 3107 5751 hic
3128 5711 3286 5765 negat
3306 5698 3686 5754 Tertullianus.

2091 5763 2245 5819 Plato
2274 5764 2418 5838 enim
2449 5763 2706 5838 arguebat
2734 5763 2971 5838 mortuos
3016 5783 3082 5822 ex
3110 5763 3240 5821 vivis
3266 5768 3428 5830 eflici.
3461 5784 3590 5838 ergo
3634 5781 3689 5825 et

2089 5850 2156 5891 ex
2198 5836 2420 5893 mortuis
2452 5836 2600 5892 vivos
2623 5836 2774 5907 juxta
2804 5836 3041 5909 regulam
3067 5838 3507 5910 philosophorum
3529 5836 3683 5897 ‘con-
