4062 6288
340 314 444 375 699

1767 319 2228 377 TERTUUJANI

343 451 520 498 tamen
539 451 670 499 etex
691 442 914 499 mortuis
932 443 1099 498 vivos.
1128 440 1209 496 Ab
1230 441 1382 497 initio
1398 442 1563 510 enim,
1589 441 1693 496 vivi
1714 440 1937 511 priores;
1970 440 2022 499 Α
2048 436 2373 507 abut-Egiues,
2396 436 2485 492 vel
2507 435 2646 509 vagi,
2674 437 2754 492 vel
2785 445 3047 503 extorres,
3078 437 3159 492 vel
3190 436 3409 510 gloriosi
3436 439 3644 511 quique

339 535 481 591 unde
510 535 579 590 ab
609 534 763 590 initio
789 549 940 604 teque
980 532 1174 588 mortui
1207 533 1553 605 posteriores,
1586 548 1691 587 non
1721 532 1933 585 aliunde

338 644 496 699 quam
526 643 589 683 ex
624 627 775 682 vivis.
808 627 885 682 Illi
915 626 1217 682 habuerunt
1247 625 1390 681 unde
1432 627 1607 696 potius
1636 624 1931 690 orirentur,

337 718 463 774 dum
495 736 560 773 ne
590 735 656 774 ex
685 718 945 785 mortuis;
982 718 1067 773 isti
1110 732 1216 772 non
1259 718 1556 772 habuerunt
1599 716 1738 771 unde
1766 710 1934 785 magis

337 809 749 877 deducerentur,
774 810 874 864 nisi
899 825 964 865 ex
983 811 1137 864 vivis.
1162 809 1331 883 Igitur
1356 811 1398 865 si
1428 811 1494 864 ah
1522 811 1671 864 initio
1694 810 1796 863 vivi
1827 824 1931 863 non

337 919 402 960 ex
449 904 694 971 mortuis,
739 918 835 958 cur
879 913 1061 973 p05tea
1106 919 1173 958 ex
1220 902 1480 958 mortuis?
1529 902 1804 958 Defecerat
1847 900 1934 955 ille

339 994 663 1067 quicumque
706 1004 790 1049 est
816 994 1008 1066 origini
1037 992 1190 1049 fons?
1219 995 1300 1048 An
1347 993 1530 1048 forma:
1563 992 1847 1064 paenituit?
1884 1001 1938 1047 et

337 1085 610 1156 quomodo
655 1085 707 1141 in
738 1086 964 1141 mortuis
1007 1086 1152 1142 salva
1199 1086 1317 1141 est?
1363 1084 1475 1162 Non
1508 1086 1628 1156 quia
1672 1084 1738 1141 ab
1784 1084 1937 1140 initio

339 1179 534 1234 mortui
566 1195 629 1235 ex
663 1179 819 1244 vivis,
861 1179 1060 1233 idcirco
1090 1193 1304 1248 semper
1344 1193 1412 1234 ex
1443 1179 1617 1231 vivis?
1648 1178 1754 1231 Aut
1793 1178 1934 1231 enim

340 1273 391 1328 in
424 1280 646 1344 utraque
680 1281 829 1343 parte
875 1272 1099 1329 formam
1146 1272 1276 1328 initii
1312 1281 1728 1343 perseverasset,
1762 1281 1853 1326 attt
1884 1271 1935 1325 in

340 1373 565 1436 utraque
611 1372 890 1420 mutasset.
940 1363 998 1420 Si
1034 1365 1182 1419 vivos
1211 1380 1276 1420 ex
1323 1365 1546 1419 mortuis
1587 1372 1772 1436 postea
1823 1362 1937 1417 fieri

338 1466 671 1529 oportuerat,
707 1458 930 1529 proinde
953 1466 1229 1531 oporteret
1256 1459 1416 1513 etiam
1446 1473 1549 1511 non
1597 1473 1661 1512 ex
1692 1456 1823 1510 vivis
1852 1455 1933 1510 ef-

342 1551 424 1607 fici
454 1558 716 1606 mortuos.
749 1551 803 1608 Si
853 1568 957 1607 non
1003 1568 1314 1622 peraequare
1352 1551 1571 1608 deberet
1619 1550 1749 1606 fides
1781 1550 1937 1604 insti-

341 1642 595 1708 tutionis,
646 1657 752 1697 non
811 1657 1193 1715 usquequaque
1237 1644 1502 1698 contraria
1541 1658 1604 1697 ex
1655 1622 1938 1696 contrariis

340 1734 620 1791 reformari
648 1735 934 1791 alternam.
967 1736 1034 1790 Et
1065 1752 1163 1791 nos
1192 1737 1335 1791 enim
1366 1732 1696 1807 opponemus
1721 1742 1937 1789 contra-

2037 538 2301 599 occupant
2332 537 2523 598 terras,
2553 538 2611 585 ut
2639 530 2852 603 Scytha:
2881 530 3157 586 Parthicas
3206 530 3309 606 (2),
3362 542 3419 588 ut
3470 534 3629 606 Amy.

2037 622 2133 676 cla:
2192 622 2269 697 (ὅ)
2314 623 2699 694 f’eloponesnm
2730 666 2744 691 ,
2788 634 2844 678 ut
2905 618 3262 681 Athenienses
3336 625 3538 695 Asiam,
3582 637 3645 683 ut

2041 714 2279 787 Phryges
2306 714 2538 781 Italiam,
2582 725 2636 771 ut
2677 715 2959 773 Phtenices
2998 716 3255 786 Africam,
3290 718 3362 793 (ιτ)
3392 718 3517 774 dum
3546 736 3642 775 so-

2040 805 2226 862 ieunes
2256 808 2416 862 etiam
2448 808 2824 879 migrationes,
2856 824 2987 880 quas
3038 815 3267 874 atrorum
3324 810 3401 883 (4)
3453 812 3643 882 appel-

2040 899 2167 964 lant,
2198 900 2426 955 consilio
2455 900 2813 957 exonerandas
2840 903 3232 974 popularitatis,
3268 902 3318 957 in
3345 903 3646 961 aliosfmes

2039 994 2287 1049 examina
2346 994 2520 1081 gentis
2590 1005 2855 1078 eructant.
2929 994 3061 1052 Nam
3106 1006 3162 1052 et
3199 996 3505 1069 aborigines
3560 1000 3643 1073 (5)

2042 1101 2181 1141 nunc
2206 1088 2257 1142 in
2283 1087 2393 1143 suis
2414 1088 2635 1145 sedibus
2663 1098 3001 1162 permanent,
3033 1099 3087 1145 et
3112 1089 3238 1146 alibi
3265 1090 3495 1162 amplius
3514 1108 3647 1164 gen-

3538 322 3650 381 700

2042 1178 2285 1234 tilitatem
2327 1178 2747 1236 fmneraverunt.
2794 1181 2951 1237 Certe
2994 1180 3212 1253 quidem
3244 1183 3359 1254 ipse
3404 1183 3552 1239 orbis
3591 1185 3646 1239 in
3672 1188 4019 1267 [εξιχμςηηι

2045 1280 2290 1340 promptu
2329 1279 2431 1337 est,
2466 1271 2659 1347 cultior
2699 1270 2767 1328 de
2807 1271 2915 1341 die,
2957 1283 3012 1328 et
3039 1273 3351 1329 instructior
3393 1274 3646 1346 pristino.
3673 1270 3863 1347 Ῑεμὲι
3890 1278 3964 1313 κλ-

2042 1359 2230 1415 Omnia
2274 1360 2384 1431 jam
2429 1364 2630 1433 pervia,
2687 1364 2868 1419 omnia
2916 1373 3062 1430 nota,
3110 1367 3289 1421 omnia
3339 1359 3841 1452 negotiosaﬂpge
3868 1381 4023 1450 an“

2042 1452 2363 1509 Solitudines
2398 1455 2630 1510 famosas
2658 1464 2806 1512 retro
2835 1454 2980 1512 fundi
3012 1458 3367 1515 amantissimi
3395 1459 3651 1515 oblitera-

2043 1552 2264 1610 veruut;
2298 1546 2475 1611 sylvas
2505 1561 2631 1602 arva
2657 1546 2975 1604 domuerant
2995 1547 3178 1618 ;,feras
3205 1564 3400 1621 pecora
3429 1553 3648 1622 fugave-

2044 1646 2193 1704 runt;
2224 1654 2401 1695 arena:
2424 1648 2700 1704 seruntur,
2750 1655 2877 1697 saxa
2918 1651 3240 1714 panguntur,
3277 1642 3496 1715 paludes
3541 1644 3640 1699 eli-

2043 1739 2306 1802 quantur;
2356 1741 2517 1786 tanta:
2560 1733 2719 1789 urbes
2776 1732 2888 1803 jam
2946 1732 3023 1807 (6)
3057 1777 3072 1803 ,
3111 1744 3323 1804 quanta:
3363 1749 3467 1790 nou
3509 1750 3655 1791 casa:

342 1827 560 1883 tietales
606 1827 712 1882 nati
743 1836 798 1883 et
840 1827 1030 1893 innati,
1076 1829 1397 1884 visualitatis
1433 1837 1486 1883 et
1530 1828 1818 1891 ca'cit'atis,
1848 1827 1936 1896 ju-
1966 1838 2013 1899 Β
2042 1821 2332 1894 quondam.
2356 1823 2472 1879 Jam
2491 1839 2589 1880 nec
2610 1824 2800 1882 insula:
2822 1825 3063 1893 horrent,
3083 1843 3183 1883 nec
3203 1828 3406 1902 scopuli
3425 1838 3652 1894 terrent;

342 1928 515 1973 venue
535 1926 590 1975 et
617 1927 871 1987 senecta‘,
900 1921 1177 1991 sapientiae
1199 1931 1253 1976 et
1286 1921 1625 1990 insipientia};
1648 1935 1744 1975 nec
1764 1929 1937 1977 tamen

343 2009 465 2066 ideo
494 2011 734 2067 innatum
762 2010 829 2067 de
870 2023 992 2068 nato
1022 2014 1324 2085 provenire,
1354 2015 1478 2086 quia
1520 2015 1845 2071 contrarium
1876 2031 1940 2069 ex

344 2102 613 2165 contrario
652 2100 775 2168 fiat;
815 2119 914 2159 nec
939 2104 1297 2161 visualitatem
1342 2107 1534 2160 iterum
1572 2120 1637 2159 ex
1680 2106 1941 2170 caecitate,

344 2195 467 2267 quia
517 2193 584 2249 de
633 2195 935 2252 visualitate
984 2197 1197 2251 catcitas
1239 2195 1478 2261 accidat;
1535 2211 1633 2251 nec
1667 2196 1940 2265 juventam

346 2294 533 2342 rursus
553 2285 620 2341 de
640 2296 854 2342 senecta
883 2287 1224 2353 reviviscere,
1250 2290 1370 2357 quia
1394 2303 1460 2341 ex
1482 2286 1699 2357 juventa
1728 2297 1943 2342 senecta

348 2388 670 2445 marcescat;
707 2379 1193 2451 necinsipieutiam
1226 2395 1291 2435 ex
1329 2379 1588 2450 sapientia
1620 2378 1799 2435 denuo
1840 2380 1941 2434 ob-

348 2470 518 2535 tundi,
549 2471 671 2541 quia
710 2485 776 2526 ex
823 2471 1126 2541 insipientia
1153 2471 1409 2541 sapientia
1441 2478 1685 2526 acuatur.
1734 2471 1860 2526 llaec
1890 2482 1940 2527 et

248 2600 253 2613 .
348 2560 574 2618 Albinus
602 2561 809 2616 Platoni
837 2576 936 2616 suo
962 2563 1185 2629 veritus,
1218 2562 1487 2617 subtiliter
1509 2563 1704 2632 quzcrit
1728 2570 1943 2617 contra-

347 2655 599 2709 rietatum
645 2669 842 2725 genera
881 2654 1241 2725 distinguere:
1286 2655 1433 2725 quasi
1465 2671 1569 2709 non
1598 2665 1652 2711 et
1693 2655 1808 2711 haec
1839 2664 1944 2712 tam

347 2744 595 2802 absolute
625 2747 677 2801 in
706 2746 1175 2803 contrarietatibus
1202 2748 1374 2817 posita
1414 2746 1542 2813 sint,
1586 2763 1744 2818 quam
1775 2757 1828 2803 et
1859 2748 1943 2803 illa

347 2855 468 2912 qua:
507 2839 573 2895 ad
600 2843 918 2896 sententiam
951 2842 1192 2913 magistri
1232 2845 1313 2896 sui
1352 2842 1754 2913 interpretatur,
1783 2845 1942 2897 vitam

348 2931 469 2989 dico
499 2941 551 2988 et
579 2943 842 3000 mortem;
884 2949 984 2990 nec
1028 2942 1206 2990 tamen
1236 2950 1299 2991 ex
1329 2944 1502 2991 morte
1532 2936 1637 2990 vita
1669 2935 1941 3002 reddatur,

348 3026 471 3099 quia
497 3041 565 3081 ex
596 3029 701 3081 vita
734 3043 877 3082 mors
903 3027 1195 3084 deferatur.

917 3122 1145 3180 CAPUT
1184 3123 1357 3179 XXX.

2048 1915 2243 1987 ubique
2281 1917 2494 1980 domus,
2540 1918 2736 1990 ubique
2785 1921 3030 1992 populus,
3080 1921 3277 1993 ubique
3319 1922 3651 1994 respublica,

2049 2006 2247 2079 ubique
2277 2009 2406 2063 vita.
2456 2008 2734 2066 Summum
2778 2012 3144 2068 testimonium
3191 2012 3504 2086 frequentia:
3548 2014 3653 2069 lm-

2049 2115 2242 2164 manae,
2306 2102 2519 2156 onerosi
2551 2117 2735 2158 smnus
2775 2104 3014 2175 mundo,
3046 2105 3132 2161 vix
3185 2104 3339 2161 nobis
3383 2105 3654 2164 elementa

2048 2190 2336 2257 sufficiunt,
2366 2200 2421 2247 et
2450 2193 2800 2250 necessitates
2836 2197 3120 2264 arctiores,
3143 2203 3199 2251 et
3237 2195 3470 2266 querela:
3507 2198 3655 2268 apud

2048 2299 2257 2349 omnes,
2294 2284 2417 2339 dum
2465 2285 2575 2357 jam
2624 2302 2724 2342 nos
2768 2296 2958 2344 natura
3005 2306 3107 2344 non
3153 2291 3395 2346 sustinet.
3443 2292 3654 2348 Revera

2049 2375 2188 2443 lues,
2222 2384 2274 2431 et
2322 2375 2506 2443 fames,
2556 2387 2611 2434 et
2639 2379 2799 2444 bella,
2833 2389 2887 2434 et
2916 2381 3195 2452 voragines
3220 2382 3516 2450 civitatum,
3553 2399 3655 2453 pro

2050 2467 2288 2523 remedio
2342 2465 2671 2540 deputand‘a,
2723 2480 2974 2545 tanquam
3021 2482 3241 2530 tonsura
3305 2475 3654 2533 inolescentis

2048 2562 2260 2633 generis
2289 2562 2541 2631 humani;
2572 2574 2625 2620 et
2653 2573 2829 2622 tamen
2857 2581 2979 2622 eum
3002 2566 3263 2638 ejusmodi
3290 2584 3507 2626 secures
3535 2588 3653 2626 ma-

2049 2657 2246 2709 ximam
2280 2657 2583 2711 mortalium
2613 2658 2716 2712 vim
2748 2659 2916 2714 semel
2959 2659 3191 2726 etedant,
3237 2676 3506 2731 nunquam
3561 2678 3653 2719 re-

2049 2752 2384 2807 stitutionem
2438 2752 2555 2821 ejus
2600 2751 2670 2825 (c)
2720 2754 2872 2809 vivos
2892 2770 2958 2810 ex
3004 2754 3229 2810 mortuis
3276 2756 3649 2821 reducentem,

2052 2845 2130 2919 (ιι)
2172 2856 2288 2916 post
2342 2844 2483 2900 mille
2521 2859 2710 2908 annos.
2752 2844 2917 2900 semel
2965 2845 3112 2901 orbis
3156 2845 3388 2918 expavit.
3437 2846 3505 2902 Et
3546 2846 3655 2902 hoc

2050 2938 2194 2994 enim
2223 2937 2475 2993 sensibile
2504 2935 2718 2992 fecisset
2744 2952 2897 3008 aequa
2925 2937 3004 2992 vis
3028 2937 3330 2993 amissionis
3353 2946 3406 2994 et
3430 2941 3656 2995 restitu-

2051 3032 2231 3100 tionis,
2251 3032 2295 3085 si
2323 3030 2427 3085 vivi
2451 3045 2517 3087 ex
2547 3029 2773 3085 mortuis
2790 3028 3112 3087 fierent.Cur
3128 3042 3305 3088 autem
3323 3031 3468 3105 mille
3490 3034 3654 3087 anuis

2050 3133 2192 3194 post,
2239 3133 2294 3179 et
2341 3138 2447 3177 non
2491 3126 2692 3191 statim,
2723 3137 2788 3178 ex
2837 3124 3061 3179 mortuis
3101 3124 3242 3179 vivi?
3281 3138 3402 3180 cum
3447 3124 3492 3179 si
3541 3140 3654 3180 non

422 3211 559 3281 Quid
584 3221 762 3270 autem
783 3213 848 3270 ad
873 3225 1064 3272 ea'tera
1088 3214 1554 3288 respondebimus?
1574 3216 1755 3272 Primo
1778 3215 1940 3280 enim,
1972 3232 2016 3296 ρ
2049 3216 2225 3272 statim
2270 3223 2588 3288 supparetur
2623 3213 2766 3287 quod
2792 3225 3044 3285 erogatur
3100 3213 3200 3291 (7),
3253 3216 3306 3272 in
3357 3225 3523 3272 totum
3552 3216 3655 3271 ab.

350 3304 396 3359 si
437 3318 503 3359 ex
546 3307 770 3361 mortuis
800 3306 926 3373 vivi,
967 3308 1107 3363 sicut
1136 3309 1331 3364 mortui
1376 3325 1441 3364 ex
1470 3310 1623 3375 vivis,
1652 3324 1793 3364 unus
1830 3323 1948 3364 om-

302 3388 311 3413 ⁵
352 3395 480 3452 nino
508 3405 559 3451 et
591 3396 733 3453 idem
763 3414 1018 3456 numerus
1051 3416 1265 3471 semper
1293 3401 1537 3458 hmsisset
1564 3403 1826 3466 omnium,
1860 3401 1948 3457 ille

350 3489 556 3546 scilicet
585 3507 838 3549 numerus
868 3493 958 3563 qui
992 3495 1193 3565 primus
1223 3495 1385 3550 vitam
1414 3496 1708 3563 introisset,
1740 3496 1949 3566 priores

353 3584 498 3637 enim
527 3584 752 3639 mortuis
777 3584 905 3650 vivi,
938 3585 1132 3641 dehinc
1173 3587 1367 3641 mortui
1407 3602 1471 3642 ex
1502 3588 1657 3653 vivis,
1684 3597 1736 3642 et
1765 3602 1950 3643 rursus

353 3688 419 3728 ex
448 3675 672 3729 mortuis
707 3675 833 3730 vivi.
880 3678 947 3731 Et
984 3676 1110 3732 dum
1148 3676 1250 3732 hoc
1282 3662 1493 3749 semper
1530 3695 1594 3735 ex
1623 3677 1833 3747 iisdem,
1878 3678 1950 3733 ita

355 3764 577 3819 totidem
628 3780 841 3837 seraper
882 3767 973 3838 qui
1018 3784 1083 3823 ex
1134 3768 1354 3835 iisdem;
1403 3785 1577 3839 neque
1630 3772 1811 3840 plures
1859 3780 1951 3839 aut,

354 3856 634 3929 pauciores
663 3861 945 3931 exissent,
994 3877 1152 3934 quam
1222 3864 1459 3921 redirent
1510 3865 1610 3936 (l).
1649 3865 1953 3920 Invenimus

354 3960 532 4006 autem
558 3952 695 4023 apud
717 3956 1133 4010 commentarios
1154 3955 1314 4011 etiam
1342 3956 1693 4013 humanarum
1720 3958 1950 4028 antiqui-

357 4050 542 4117 tatum,
574 4044 823 4116 paulatim
851 4045 1141 4102 humanum
1164 4063 1332 4120 genus
1354 4049 1700 4118 exuberasse,
1726 4048 1799 4124 (α)
1825 4050 1952 4105 dum

2051 3308 2191 3364 sumi
2234 3308 2583 3379 periclitetur,
2620 3308 2980 3379 praeveniente
3027 3309 3418 3365 restitutionem
3462 3307 3655 3365 defec.

2054 3400 2219 3466 tione,
2243 3402 2363 3471 quia
2383 3414 2484 3455 nec
2511 3400 2769 3469 pariasset
2788 3408 3122 3456 commeatus
3142 3399 3231 3457 hic
3250 3401 3374 3456 vitze
3396 3399 3660 3457 milliario

2055 3493 2301 3562 tempori,
2350 3492 2507 3562 longe
2555 3491 2762 3547 scilicet
2811 3491 3049 3559 brevior,
3095 3501 3150 3549 et
3194 3492 3397 3549 idcirco
3445 3492 3662 3550 facilior

2052 3594 2177 3639 ante
2201 3584 2441 3654 extingui
2470 3598 2629 3655 quam
2657 3583 2998 3639 redaccendi.
3027 3582 3191 3656 Igitur
3214 3600 3333 3657 qua:
3362 3584 3465 3641 hoc
3491 3586 3661 3642 modo

2054 3677 2433 3744 intercidisset,
2475 3675 2519 3731 si
2553 3676 2657 3731 vivi
2683 3691 2750 3731 ex
2777 3676 3003 3732 mortuis
3033 3677 3244 3741 fierent,
3273 3677 3489 3747 quando
3543 3693 3658 3733 non

2054 3768 2342 3836 intercidit,
2375 3783 2480 3823 non
2506 3768 2609 3824 erit
2628 3767 2952 3824 credendum
2980 3768 3129 3824 vivos
3156 3784 3226 3825 ex
3251 3770 3476 3849 mortuis
3500 3769 3651 3827 ﬁeri.

2620 3858 2848 3917 CAPUT
2887 3860 3083 3917 XXXI.

2125 3950 2242 4007 Jam
2288 3965 2417 4007 vero
2461 3951 2505 4006 si
2552 3965 2637 4013 ex,
2669 3949 2895 4007 mortuis
2939 3951 3065 4019 vivi,
3113 3952 3297 4024 utique
3343 3951 3538 4027 singuli
3589 3968 3662 4010 ex

2058 4045 2304 4117 singulis.
2328 4043 2676 4116 Singulorum
2703 4059 2832 4117 ergo
2856 4059 3144 4117 corporum
3171 4043 3399 4119 animas,
3444 4054 3501 4101 ut
3540 4046 3663 4103 siu-

1556 4188 1938 4247 LECTIONES
1974 4182 2392 4245 VARIANTES.

443 4364 493 4422 2)
522 4364 794 4415 Parthicam
828 4368 1014 4420 Wouw.
1041 4368 1302 4420 Parthiam.
1338 4367 1424 4420 tib.
1452 4367 1636 4422 Ursini.

421 4427 493 4555 (δὲ
518 4427 712 4479 Amadae
746 4429 931 4482 Wouw.
959 4433 1228 4484 scmeuidte
1251 4434 1372 4483 Jun.

420 4488 471 4555 (ι
519 4507 712 4550 armata,
736 4494 881 4544 Pam.
902 4490 1054 4548 Rhen.

444 4300 494 4355 li
518 4300 781 4354 Redissent
801 4302 869 4355 al.

420 4298 494 4555 Ξὲἒ

519 4507 712 4550 armata,
736 4494 881 4544 Pam.
902 4490 1054 4548 Rhen.

2218 4362 2326 4414 Iani
2348 4362 2502 4417 0min.
2526 4366 2670 4415 Pam.
2696 4363 2851 4417 Rhea.

2221 4428 2485 4493 Erogatum
2506 4430 2651 4479 Pam.
2677 4425 2830 4481 Eheu.

2141 4305 2171 4353 ὅ
2215 4301 2446 4365 Origines
2468 4299 2781 4354 Pomm.

2142 4367 2174 4415 6
2218 4365 2326 4414 Jam
2348 4362 2502 4417 omiu.
2526 4366 2670 4415 Pam.
2696 4363 2781 4416 Rlu

2118 4301 2195 4495 Ξῑξ
2221 4428 2485 4493 Erogatum
2506 4430 2651 4479 Pam.
2677 4425 2781 4481 Rite.

1978 4464 2033 4524 D

2145 4431 2169 4477 't'

1718 4598 2275 4659 COMMENTARIUS.

362 4754 578 4797 trartum
601 4756 663 4795 ex
685 4742 953 4797 contrario
976 4742 1108 4797 fieri.
1133 4742 1305 4812 Quod,
1332 4740 1622 4798 universim
1649 4747 1947 4812 acceptum,

358 4813 695 4869 evidentibus
724 4812 986 4881 exemplis
1017 4812 1213 4870 refutat
1237 4823 1443 4869 auctor.
1478 4814 1608 4869 Lac.

431 4882 1061 4957 CAP.XXX.e—(a)Dtttit
1085 4884 1369 4957 aborigiues
1393 4884 1469 4940 vel
1493 4885 1605 4957 vagi
1633 4883 1710 4957 vel
1730 4892 1952 4957 extorres

359 4957 439 5011 vel
459 4954 668 5025 gloriosi
694 4956 877 5024 quique
904 4954 1151 5021 occupant
1183 4954 1361 5011 terras.
1395 4954 1606 5011 Scimus
1646 4955 1952 5023 ahorigiues

360 5028 464 5083 dici
488 5030 788 5099 αὐτοχθόνςς,
813 5034 1075 5097 ἄγχωρίιυς.
1106 5028 1314 5084 Scimus
1349 5043 1559 5099 quoque
1599 5042 1702 5099 non
1736 5040 1857 5079 raro
1900 5026 1952 5099 in

361 5098 805 5169 veteribuslihris
825 5102 1099 5168 scriptmn,
1128 5099 1189 5153 ob
1210 5097 1420 5169 origine,
1448 5097 1534 5155 ubi
1556 5098 1776 5154 omnino
1796 5097 1955 5169 scribi

363 5169 569 5234 debuit,
600 5167 906 5240 oborigiues,
938 5167 1050 5240 quo
1091 5170 1252 5226 modo
1284 5167 1369 5225 hic
1394 5173 1554 5226 etiam
1585 5186 1649 5224 ex
1680 5169 1818 5222 libro
1852 5167 1954 5240 Uri-

363 5240 467 5296 sini
492 5238 705 5313 quidam
739 5237 940 5313 legunt,
961 5237 1035 5295 ‘et
1064 5241 1167 5311 legi
1200 5256 1356 5313 posse
1395 5258 1501 5297 non
1534 5254 1808 5313 negamus.
1851 5237 1957 5294 Sed

365 5310 651 5384 cunrl‘err‘i
686 5320 737 5365 et
768 5311 1024 5384 explicari
1055 5310 1336 5384 commode
1365 5325 1523 5384 queat
1548 5310 1772 5384 quodin
1802 5320 1957 5384 vetn-

366 5381 604 5455 stissimo
620 5381 712 5436 illo
734 5382 1024 5451 exemplari
1044 5381 1617 5455 Agohardiuolegitur,
1650 5382 1713 5438 ab
1742 5382 1956 5455 origine,

365 5452 468 5509 hoc
498 5461 600 5525 est,
630 5458 729 5525 ἀπὸ
766 5452 1117 5525 ἀρχαιηονίσιςζ
1143 5472 1247 5510 non
1271 5452 1592 5511 arbitramur
1611 5452 1959 5525 quzerendum

366 5539 486 5582 esse
510 5523 709 5597 aliquid
731 5520 1046 5597 abstrusius.
1072 5520 1191 5583 th.
1218 5558 1289 5567 —
1308 5526 1442 5581 Dum
1462 5520 1766 5597 aborig'ines.
1791 5520 1955 5597 Yagis

366 5596 590 5668 opponit
640 5595 976 5668 aborigines;
1025 5615 1193 5666 quare
1250 5613 1354 5654 non
1411 5595 1659 5668 intelligit
1706 5596 1956 5668 antiquos

368 5665 535 5723 Italiae
551 5665 775 5741 populus
793 5668 1008 5723 Latinos
1028 5665 1316 5738 dictos,sed
1336 5671 1421 5741 qui
1441 5684 1469 5723 a
1487 5665 1689 5724 Graécis
1710 5667 1957 5741 dicuntur

370 5744 650 5813 αὖτοχώρονι,
684 5738 797 5813 sive
821 5747 1180 5813 Ῑροτεροιγενεῖς,
1225 5737 1365 5799 sive‘
1393 5748 1630 5813 ὶγχωριοι,
1683 5745 1743 5794 ut
1774 5737 1960 5813 _utitur

374 5812 689 5884 Ambrosius
735 5809 1110 5884 inﬁrmarem,
1134 5828 1325 5884 nempe
1370 5809 1526 5884 primi
1571 5810 1960 5884 progenitores,

378 5891 433 5939 et
452 5880 685 5940 cultores
728 5882 939 5941 urbium
968 5894 1023 5941 et
1044 5877 1307 5957 indigenis
1326 5926 1340 5953 ,
1369 5877 1461 5957 qui
1484 5877 1787 5954 aborigines
1809 5877 1959 5945 dicti,

2054 4738 2202 4809 quasi
2229 4735 2431 4809 absque
2456 4736 2662 4809 origine
2686 4736 2983 4809 aliena._l)e
3003 4735 3194 4807 quibus
3209 4732 3451 4806 Thucyd.
3478 4733 3572 4792 lib.
3607 4738 3662 4806 ι,

2058 4806 2355 4882 Dionysius
2372 4806 2729 4882 Halicarnass.
2762 4809 2852 4863 lih.
2881 4807 2940 4882 1ζ
2956 4806 3088 4882 Lac.

2154 4877 2211 4949 b)'
2240 4878 2486 4951 Soleuues
2514 4879 2862 4951 migrationes.
2903 4878 3250 4936 Coloniarum
3272 4877 3626 4951 deductiones
3646 4923 3664 4948 ,

2056 4947 2148 5007 sed
2179 4947 2448 5014 Solennes,
2474 4947 2705 5013 huc'est,
2733 4967 2851 5022 quae
2874 4967 2939 5005 ex
2970 4950 3288 5007 solennitate
3317 4947 3514 5022 flebant
3557 4947 3657 5005 seu

2056 5023 2159 5077 lata
2193 5023 2305 5091 lege
2339 5022 2564 5088 publica,
2605 5036 2700 5093 seu
2733 5018 2799 5077 ex
2843 5022 3092 5077 mandato
3146 5018 3668 5093 imperatoris,_nou

2060 5088 2504 5149 autem‘colonias
2526 5108 2642 5158 qua).
2666 5092 2912 5165 fortuito,
2944 5109 3011 5165 et;
3041 5108 3191 5165 casu,
3220 5088 3334 5148 sive
3361 5088 3667 5165 cupiditate

2061 5165 2343 5229 victorum,
2369 5164 2571 5235 absque
2596 5162 2918 5220 authoritate
2938 5162 3064 5231 alia,
3094 5162 3304 5238 rituque
3311 5163 3663 5290 lr‘teelessario.

3357 5249 3387 5289 ε
3464 5249 3516 5288 ιι.

3357 5249 3387 5289 Ε
3418 5249 3516 5288 νει.

2136 5306 2210 5379 (c)
2254 5305 2402 5379 Vivo;
2436 5321 2507 5379 ea:
2549 5308 2761 5379 mortuis
2802 5307 3125 5379 reducentem
3161 5313 3275 5379 post
3300 5304 3439 5359 mille
3478 5318 3667 5363 armos.

2062 5376 2153 5434 Eo'
2170 5377 2410 5448 respexit
2433 5376 2699 5445 Manilius,
2730 5380 2946 5433 Astron.
2976 5377 3015 5445 I,
3048 5376 3170 5432 cum
3201 5377 3296 5442 ait,

2158 5470 2277 5520 Sive
2302 5468 2578 5530 individuis,
2603 5471 2652 5519 in
2677 5470 2807 5518 idem
2828 5469 3044 5519 reditura
3065 5506 3078 5528 ,
3104 5465 3262 5530 soluta

2151 5532 2410 5594 Principiis
2432 5527 2604 5581 natura
2626 5540 2791 5582 manet
2814 5536 2923 5594 post
2945 5530 3121 5580 saecula
3144 5527 3301 5594 mille.
3316 5527 3433 5594 lite.

2135 5596 2217 5666 (ιι)
2262 5590 2389 5666 Post
2418 5593 2572 5666 Amille
2608 5611 2790 5648 unitos.
2816 5590 3060 5666 'Adludit
3103 5591 3170 5647 ad
3217 5592 3360 5666 mille
3399 5600 3670 5666 annorum

2064 5658 2373 5735 iter,'quod
2417 5664 2568 5719 Plato
2610 5672 2853 5720 recenset
2884 5668 3003 5735 post
3048 5664 3197 5735 hanc
3214 5663 3399 5735 vitam.
3444 5658 3671 5735 dialaX

2067 5708 2373 5809 arma;
2387 5708 2442 5791 ei
2463 5708 2825 5809 ’ἷιῗρὶῖοὲἇὲἶξ
2836 5708 3003 5809 ἐιῗῶζ
3018 5708 3575 5809 οἶίἧί’”ιιίὲ’ῖξὲι“ῳῖέςςί’
3590 5708 3671 5809 ig:

2069 5798 2447 5864 bulas'rel‘utat
2480 5806 2697 5869 Auctor,
2730 5798 2921 5862 miruin
2963 5806 3047 5861 est
3083 5798 3352 5877 quomodo
3382 5798 3569 5875 postas
3614 5798 3669 5860 in

2070 5879 2489 5937 Millenariorum
2525 5879 2834 5951 paradoxou
2870 5877 3135 5934 inciderit.
3171 5877 3304 5932 Pu.

3728 1462 3811 1501 ιηπ
3830 1464 3931 1521 ,(ιῖ
3952 1460 4024 1503 βὶξ

3702 2258 3747 2549 i
