4062 6288
139 1263 211 1302 Νι

319 276 427 334 705

1734 277 2196 337 TEIITULLIANI

3512 284 3631 344 704

324 394 611 451 luunanam
653 395 803 451 nullo
851 393 1010 450 modo
1048 394 1102 450 in
1155 393 1356 451 chIias
1412 407 1570 464 posse
1616 376 1913 461 transferri,
1944 395 1990 455 Α
2024 394 2295 465 insultabit
2341 396 2392 452 itt
2439 398 2612 469 aquila
2638 440 2652 465 ,
2681 408 2774 454 aut
2815 398 2949 455 mari
2987 404 3169 470 postea
3213 397 3507 455 desultabit
3568 401 3632 454 ita

325 486 535 541 cti.nusi
582 486 873 542 secundant
915 486 1267 557 philosophos
1301 503 1366 542 ex
1410 486 1759 542 elememitiis
1786 488 1913 541 sub-

325 581 535 634 stantiis
556 590 886 634 censeretur.
918 579 1048 635 Sive
1068 582 1208 635 enim
1232 581 1369 651 ignis
1396 581 1596 645 anima,
1618 581 1732 635 sive
1755 596 1914 647 aqua,

325 672 440 727 sive
469 673 707 742 sanguis,
737 673 850 727 sive
880 673 1101 743 spiritus
1123 716 1137 739 ,
1167 674 1285 729 sive
1312 688 1423 739 aer,
1456 674 1570 728 sive
1600 673 1797 733 lumen.
1830 664 1949 727 re:

323 763 563 832 cogitare
579 762 837 818 debemus
859 765 1124 819 contraria
1141 764 1367 837 quaeque
1391 765 1612 837 singulis
1635 766 1919 836 speciebus

325 855 574 910 animalia
623 873 635 910 :
681 855 786 924 igni
837 857 1051 928 quidem
1103 873 1165 913 ea
1219 874 1340 930 qua:
1382 860 1597 929 rigent,
1643 859 1913 923 colubros,

325 948 628 1017 stelliones,
656 949 1058 1018 salamandras;
1091 961 1144 1008 et
1154 952 1262 1023 jam
1288 967 1640 1023 qutecumque
1659 952 1727 1009 de
1746 969 1917 1009 temu-

328 1040 380 1094 lo
426 1041 786 1111 producentur
810 1046 1080 1098 elemento
1104 1087 1117 1107 ,
1150 1044 1217 1100 de
1261 1059 1397 1116 aqua
1428 1044 1666 1107 scilicet,
1699 1046 1919 1115 perinde

326 1135 614 1213 contraria,
644 1135 928 1208 utique(l)
980 1137 1092 1202 illa,
1151 1153 1272 1208 quae
1327 1137 1474 1193 arida
1501 1149 1557 1193 et
1585 1139 1867 1195 exsuccida
1902 1159 1913 1194 :

324 1227 557 1298 denique
610 1228 940 1284 siccitatibus
991 1229 1226 1301 gaudent
1274 1230 1493 1287 locustae
1522 1272 1536 1297 ,
1589 1233 1914 1303 papiunculi,

324 1319 760 1377 cluuuzeleontes.
803 1320 932 1376 Item
975 1324 1242 1378 contraria
1270 1323 1555 1394 sanguini,
1589 1340 1709 1395 qua:
1736 1336 1923 1383 carent

328 1427 558 1482 purpura
618 1413 775 1483 ejus,
823 1413 1110 1481 cochleas,
1163 1416 1490 1472 vermiculos
1550 1426 1605 1472 et
1661 1419 1917 1490 majorem

328 1503 553 1574 piscium
583 1518 826 1560 censum.
854 1504 1073 1576 Spiritui
1103 1521 1230 1562 vero
1259 1509 1546 1572 contraria,
1575 1524 1694 1579 qua:
1715 1509 1922 1579 spirare

326 1612 432 1651 non
456 1597 726 1662 videntur,
744 1599 982 1654 carentia
1005 1599 1347 1670 pulmonibus
1367 1610 1415 1655 et
1440 1602 1673 1663 arteriis.
1694 1602 1918 1669 culices,

329 1686 576 1743 formicas
601 1731 614 1753 ,
645 1689 847 1757 tineas,
880 1700 934 1745 et
968 1691 1069 1745 hoc
1085 1700 1257 1761 genus
1292 1693 1586 1748 minutalia.
1634 1692 1767 1750 Item
1810 1694 1919 1750 aeri

2021 493 2294 560 anguilla?
2333 494 2612 561 Quomodo
2643 496 2768 548 item
2810 493 3017 564 pabulis
3044 494 3352 549 liberalibus
3380 503 3434 550 et
3476 494 3631 549 deli-

2020 589 2154 643 catis
2191 597 2352 658 atque
2418 587 2500 661 (5)
2557 586 2759 642 curatis
2796 585 3055 652 educata,
3094 598 3198 639 non
3245 584 3368 639 dico
3413 584 3628 655 paleas.

2020 681 2114 736 sed
2143 681 2325 751 spinas
2350 724 2366 748 ,
2406 689 2462 736 et
2504 688 2746 751 agrestes
2786 678 3172 735 amaritudines
3219 678 3524 747 frondium,
3562 689 3632 736 et

2022 772 2221 828 bestias
2260 772 2718 842 sterquiliniorom
2745 812 2760 837 ,
2800 771 3065 827 vermium
3098 770 3172 842 (ο)
3213 770 3374 826 etiam
3411 784 3627 826 venena
3658 754 3667 761 ’

2020 864 2332 930 ruminabit,
2354 864 2399 919 si
2422 865 2476 920 in
2498 878 2712 935 capram
2737 864 3027 926 transierit,
3052 863 3138 918 vel
3169 864 3220 918 in
3242 863 3578 919 coturnicem
3603 881 3620 916 :

2022 956 2131 1010 imo
2166 965 2220 1011 et
2256 952 2631 1011 cada‘verinam
2659 996 2675 1021 ,
2715 955 2824 1010 imo
2863 964 2919 1010 et
2955 954 3279 1021 lmmanam,
3311 955 3394 1009 sui
3432 954 3628 1025 utique

2022 1064 2232 1104 memor
2258 1048 2311 1104 in
2343 1062 2469 1104 urso
2503 1056 2558 1103 et
2596 1048 2791 1103 leone?
2836 1047 2927 1104 Sic
2967 1056 3024 1104 et
3070 1058 3266 1103 czetera
3318 1047 3387 1103 ad
3426 1051 3625 1104 incon-

2021 1143 2321 1213 gruentiatn
2376 1140 2586 1212 rediges
2624 1142 2729 1216 (4),
2789 1156 2855 1197 ne
2893 1142 3117 1213 singulis
3172 1140 3486 1212 perorandis
3516 1143 3623 1198 im-

2019 1248 2317 1290 moremur.
2377 1233 2548 1303 Ipsius
2588 1235 2784 1290 animae
2820 1233 3070 1290 humanae
3106 1235 3351 1305 quisquis
3403 1235 3620 1301 modos,

2023 1340 2372 1397 quaacumque
2393 1340 2665 1393 mensura,
2688 1324 2815 1396 quid
2838 1324 2994 1382 faciet
3016 1327 3067 1382 in
3091 1325 3443 1396 ant‘pliorihus
3460 1326 3626 1397 longe

2026 1420 2110 1475 vel
2154 1419 2529 1474 minutioribus
2567 1419 2924 1473 animalibus?
2971 1417 3207 1475 Necesse
3262 1429 3344 1473 est
3381 1418 3527 1474 enim
3567 1427 3625 1474 et

2023 1526 2220 1582 corpus
2262 1525 2422 1567 omne
2470 1511 2643 1566 anima
2693 1510 2986 1580 compleri,
3029 1519 3084 1565 et
3130 1510 3364 1565 animam
3402 1523 3626 1563 onmem

2024 1621 2251 1674 corpore
2277 1604 2493 1660 obduci.
2528 1605 2608 1677 (ά)
2662 1602 2942 1673 Quoume
2982 1618 3113 1674 ergo
3163 1604 3338 1657 anima
3386 1600 3626 1657 hominis

2024 1697 2317 1768 complebit
2358 1696 2735 1767 elephantum?
2787 1696 3059 1767 quomodo
3084 1697 3208 1751 item
3240 1694 3542 1752 obducetur
3570 1697 3624 1751 in

328 1779 638 1856 contraria,
678 1796 797 1850 qua:
834 1794 1050 1853 semper
1103 1781 1512 1839 subterraneum
1556 1792 1608 1838 cl
1653 1785 1922 1855 subaqua-
1952 1792 2000 1852 B
2027 1790 2234 1846 culice?
2273 1789 2328 1845 Si
2380 1798 2584 1844 tantum
2624 1787 2942 1843 extendetur
2977 1796 3066 1842 aut
3112 1786 3461 1841 contrahetur
3515 1785 3621 1859 (5),

329 1886 491 1925 neum
519 1871 773 1940 viventia,
796 1883 981 1929 carent
1013 1875 1202 1930 haustu
1240 1876 1374 1946 ejus.
1409 1876 1516 1933 Res
1548 1878 1744 1948 magis,“
1764 1895 1921 1950 quam

332 1965 548 2018 nomina
590 1967 810 2021 noveris
853 1966 954 2040 (2).
1011 1967 1139 2023 Item
1207 1970 1476 2025 contraria
1515 1970 1748 2035 lumini,
1804 1989 1924 2042 quae

330 2072 470 2113 eatea
526 2061 577 2114 iu
631 2069 797 2117 totum
825 2105 840 2129 ,
868 2064 969 2119 'vel
1008 2065 1138 2119 solis
1184 2066 1420 2121 tenebris
1475 2066 1674 2123 habent
1718 2068 1921 2135 oculos,

332 2148 524 2220 talpas,
562 2151 638 2226 (η)
664 2155 1068 2225 vesperugines,
1103 2166 1345 2213 noctuas.
1377 2158 1532 2224 llaec,
1565 2168 1623 2214 ut
1660 2174 1728 2213 ex
1757 2176 1922 2229 appa-

332 2244 573 2299 rentibus
610 2255 663 2300 et
701 2247 997 2302 manifestis
1022 2249 1333 2306 Substantiis
1358 2250 1600 2306 doceam.
1634 2251 1924 2323 (ΖευιῡιῚιει),

332 2337 377 2390 si
410 2346 463 2392 et
491 2347 705 2394 atomos.
723 2340 935 2410 Epicuri
966 2352 1226 2405 tenerem,
1254 2354 1306 2397 et
1333 2360 1585 2399 numeros
1613 2345 1928 2417 Pythagorae

335 2429 594 2492 viderem,
626 2442 680 2486 et
710 2432 853 2486 ideas
883 2433 1118 2489 Platonis
1140 2435 1490 2497 oll'euderem.
1523 2447 1577 2491 et
1603 2438 1929 2493 entelechias

335 2522 641 2578 Aristotelis
662 2539 1003 2595 occuparem,
1027 2527 1317 2581 invenirem
1341 2528 1448 2584 fors
1471 2528 1553 2582 his
1574 2544 1784 2599 quoque
1809 2544 1930 2600 spr-

336 2613 520 2670 cicbus
555 2616 837 2682 animalia,
866 2633 985 2688 qua:
1025 2619 1241 2674 nomine
1271 2620 1666 2676 contrarietatis
1695 2636 1933 2691 oppone-

336 2722 470 2763 rem.
491 2707 767 2763 Coutcndo
787 2712 952 2776 enim,
973 2726 1038 2766 ex
1066 2725 1401 2782 quacumque
1427 2712 1723 2767 substantia
1746 2730 1930 2784 supra-

336 2799 478 2854 dicta
505 2801 834 2857 constitisset
866 2802 1095 2858 humana
1131 2805 1307 2859 anima
1334 2846 1349 2870 ,
1390 2820 1495 2860 non
1537 2806 1772 2875 potuisse
1811 2822 1932 2861 eam

337 2892 391 2948 in
424 2903 529 2947 tam
558 2898 826 2952 contraria
868 2898 1152 2970 unicuique
1201 2900 1514 2955 substantia:
1552 2902 1799 2956 animalia
1845 2917 1931 2958 rc-

338 2984 582 3052 fortnari,
613 2999 664 3043 et
691 3005 912 3046 censum
948 2991 1027 3047 eis
1055 2991 1123 3047 de
1159 3009 1255 3049 sua
1289 2994 1636 3050 translatione
1663 2993 1930 3063 conferre,

338 3097 371 3137 a
397 3083 589 3153 quilms
617 3086 825 3141 excludi
855 3099 919 3143 ac
957 3089 1134 3157 respui
1173 3089 1341 3160 magis
1371 3088 1626 3156 haberet,
1653 3105 1811 3160 quam
1840 3090 1935 3143 ad-

2030 1882 2269 1953 prol‘ecto
2311 1881 2718 1952 periclitabitur.
2759 1880 2826 1936 Et
2866 1878 2987 1934 ideo
3015 1878 3241 1949 adjicio,
3271 1880 3316 1933 si
3357 1878 3501 1933 nulla
3533 1892 3627 1933 ηις

2031 1977 2174 2030 tione
2204 1990 2371 2044 capax
2404 1983 2485 2029 est
2513 1974 2818 2043 hujusntodi
2852 1972 3216 2028 translationis
3251 1973 3304 2026 in
3347 1971 3624 2037 animalia,

2032 2083 2129 2123 nec
2155 2066 2385 2123 modulis
2411 2081 2717 2136 corporum,
2750 2079 2850 2121 nec
2873 2064 3083 2121 caneris
3110 2075 3316 2119 natum
3345 2079 3459 2118 sine
3487 2062 3628 2133 legi-

2033 2160 2130 2215 bus
2150 2158 2774 2230 adacqnantia,mtmquid
2798 2172 2928 2229 ergo
2943 2156 3311 2213 demutabitur
3329 2156 3629 2212 secundum

2030 2253 2312 2324 qna‘itates
2341 2268 2597 2321 generum
2621 2293 2636 2317 ,
2666 2262 2720 2305 et
2764 2251 2926 2305 vitam
2960 2264 3148 2305 eorum
3178 2248 3504 2324 contrariam
3530 2248 3634 2303 lm-

2032 2359 2205 2399 mauze
2251 2343 2372 2397 vine
2391 2384 2406 2408 ,
2440 2342 2576 2398 facta
2607 2352 2659 2396 ct
2691 2342 2805 2411 ipsa
2835 2342 3103 2396 contraria
3129 2340 3373 2395 humana:
3401 2354 3498 2410 per
3526 2339 3630 2393 de-

2033 2436 2423 2493 mutationcm?
2470 2436 2758 2491 Enimvero
2783 2435 2826 2490 si
2853 2434 3274 2489 demntationem
3305 2433 3448 2504 capit
3472 2432 3633 2487 amil-

2034 2539 2155 2586 teus
2183 2529 2325 2601 quod
2355 2527 2473 2594 fuit,
2510 2542 2616 2582 non
2636 2528 2739 2582 erit
2765 2542 2884 2598 quae
2912 2527 3042 2591 fuit;
3069 2536 3126 2582 et
3149 2527 3193 2581 si
3221 2540 3341 2595 qum
3368 2525 3488 2592 fuit,
3521 2539 3631 2579 non

2033 2624 2155 2686 erit,
2213 2622 2388 2677 soluta
2432 2630 2516 2675 est
2562 2619 3069 2683 metensomatosis,
3121 2634 3226 2672 non
3273 2616 3631 2673 adscribenda

2037 2714 2240 2768 scilicet
2286 2713 2333 2768 ei
2381 2713 2610 2776 animat,
2659 2727 2777 2781 qum
2823 2712 2865 2766 si
2910 2708 3311 2774 demutabitur,
3352 2723 3459 2764 non
3501 2708 3631 2766 erit.

2038 2803 2180 2861 Illius
2210 2805 2351 2859 enim
2380 2802 2849 2858 mcteusomatosis
2874 2801 3102 2873 dicetur,
3132 2814 3485 2871 quaecumque
3511 2814 3636 2854 eam

2038 2900 2092 2954 in
2122 2914 2219 2953 suo
2237 2908 2378 2952 Statu
2408 2896 2773 2967 permaneudo
2802 2905 3094 2966 pateretur.
3128 2894 3296 2965 Igitur
3320 2895 3365 2949 si
3392 2908 3492 2949 nec
3516 2909 3640 2948 mn-

2040 2992 2136 3047 tari
2173 2998 2368 3060 potest.
2401 3004 2469 3044 ne
2504 3005 2610 3055 non
2642 2989 2713 3042 sit
2739 2989 2849 3058 ipsa
2869 3029 2883 3053 ,
2914 3002 3014 3044 nec
3041 3001 3360 3058 permanere
3388 2986 3441 3041 in
3467 2992 3636 3049 statu,

2038 3085 2161 3155 quia
2191 3083 2459 3139 contraria
2489 3097 2594 3137 non
2624 3082 2802 3151 capit,
2832 3094 3018 3151 quaero
3045 3079 3222 3135 adhuc
3258 3094 3503 3135 caussam
3529 3078 3637 3133 ali-

340 3174 477 3229 mitli
498 3185 552 3230 et
571 3179 720 3247 capi;
751 3179 967 3234 nomine
990 3178 1146 3248 hujus
1170 3180 1352 3249 prima:
1373 3182 1786 3247 contrarietatis,
1813 3199 1932 3253 (μιιυ
1961 3186 2007 3248 C
2040 3191 2198 3245 quam
2231 3174 2333 3229 lide
2359 3173 2573 3243 dignam
2605 3172 2911 3243 huiusmodi
2950 3171 3338 3226 translationis.
3370 3168 3503 3225 Nam
3531 3173 3639 3227 etsi

341 3266 655 3356 substantivi
708 3280 879 3325 status
929 3270 1294 3327 diversitatem
1348 3274 1671 3340 committit,
1717 3284 1842 3330 tunc
1886 3286 1941 3331 ct

341 3358 563 3430 reliqum
592 3376 687 3432 per
710 3373 1126 3433 consequentem
1156 3365 1402 3420 ordinem
1422 3366 1682 3439 cujusque
1710 3376 1936 3425 naturae.

343 3452 476 3509 Nam
520 3464 573 3509 et
622 3456 779 3512 sedes
829 3459 965 3512 alias
1013 3458 1242 3513 humana
1285 3461 1461 3515 anima
1503 3462 1689 3518 sortita
1730 3475 1844 3529 est,
1886 3474 1941 3518 et

344 3545 536 3611 victus,
565 3557 618 3601 et
644 3548 952 3614 instructus,
983 3560 1037 3605 et
1063 3565 1273 3617 sensus,
1304 3562 1358 3607 et
1387 3552 1633 3621 affectus,
1663 3565 1719 3610 et
1746 3571 1943 3611 concu-

345 3635 518 3704 bitus,
551 3647 607 3692 ct
639 3638 832 3704 fretus;
870 3642 997 3696 item
1040 3645 1285 3712 ingenia;
1333 3654 1444 3699 tum
1484 3660 1647 3716 opera
1673 3687 1687 3713 ,
1725 3647 1937 3718 gaudia,

348 3727 526 3793 tazdia,
558 3729 704 3796 vitia,
733 3732 1036 3801 cupidines,
1068 3735 1394 3806 voluptates,
1425 3738 1759 3795 valetudines
1780 3782 1795 3806 ,
1830 3756 1941 3796 me-

347 3819 584 3888 diciuas;
640 3839 765 3879 suos
815 3835 1121 3896 postremo.
1165 3839 1219 3884 et
1253 3830 1375 3884 vita:
1426 3831 1649 3898 modos,
1682 3842 1735 3889 et
1769 3834 1945 3889 exitus

347 3915 555 3969 mortis.
590 3917 666 3987 (b)
711 3914 993 3985 Quomodo
1052 3919 1212 3990 igitur
1259 3922 1348 3976 illa
1399 3925 1576 3979 anima
1623 3940 1744 3995 quae
1785 3926 1944 3982 terris

349 4006 667 4073 inhaerebat,
697 4010 898 4065 nullius
926 4013 1306 4073 sublimitatis.
1338 4016 1538 4071 nullius
1570 4018 1947 4087 profunditatis

350 4100 610 4169 intrepida
638 4143 653 4165 ,
681 4116 906 4157 ascensu
945 4105 1105 4158 etiam
1149 4108 1413 4161 scalarum
1453 4107 1776 4179 fatigabilis,
1808 4109 1942 4164 sub-

270 4208 319 4227 ιο
350 4206 532 4248 mersu
576 4193 737 4248 etiam
781 4194 1106 4263 piscinarum
1153 4197 1581 4268 strangulabilis,
1615 4202 1726 4257 aeri
1761 4210 1944 4270 postea

2042 3268 2258 3339 quidam
2282 3266 2527 3321 homines
2550 3264 2735 3319 bestiis
2761 3264 3139 3334 ad:cquantur,
3169 3277 3267 3334 pro
3293 3260 3643 3334 qualitatibus

2044 3370 2337 3427 morum,et
2355 3359 2772 3430 ingeniorum,et
2790 3355 3247 3427 adfectuum,quia
3268 3365 3320 3410 ct
3343 3355 3480 3409 Deus
3503 3354 3642 3410 :As-

2041 3455 2292 3509 similam;
2321 3463 2412 3516 est,
2438 3453 2628 3522 inquit,
2653 3450 2803 3505 homo
2821 3448 3252 3504 irrationabilibus
3270 3448 3516 3521 jumeutis
3537 3448 3641 3519 (e);

2045 3565 2150 3605 non
2175 3548 2296 3603 ideo
2320 3547 2465 3623 milvi
2492 3562 2557 3601 ex
2582 3545 2864 3616 rapacibus
2893 3543 3041 3610 licnt,
3064 3553 3120 3600 et
3137 3556 3300 3598 canes
3320 3557 3386 3598 ex
3404 3543 3641 3614 spurcis,

2045 3652 2100 3698 et
2127 3642 2400 3713 panthera:
2425 3656 2491 3696 ex
2519 3640 2748 3706 acerbis,
2772 3647 2865 3693 aut
2891 3652 3021 3693 oves
3045 3652 3110 3696 ex
3135 3636 3337 3707 probis,
3367 3644 3425 3692 et
3450 3635 3611 3691 hirun
3628 3664 3644 3677 ο

2046 3733 2200 3789 diues
2232 3747 2298 3787 ex
2340 3732 2603 3802 garrulis,
2631 3741 2686 3784 et
2714 3729 2977 3784 columba:
3006 3744 3070 3783 ex
3116 3727 3355 3798 pudicis;
3387 3726 3459 3802 (ι’)
3488 3729 3645 3798 quasi

2047 3827 2237 3882 eadem
2283 3823 2579 3881 substantia
2619 3824 2811 3877 anima:
2865 3821 3065 3893 ubique
3108 3828 3354 3876 naturam
3397 3834 3552 3875 suam
3592 3820 3647 3876 in
3672 3827 3712 3859 ⁵

2049 3919 2360 3974 animalium
2403 3914 2818 3988 proprietatibus
2857 3922 3086 3985 repetat.
3144 3912 3303 3967 Aliud
3341 3921 3424 3967 est
3464 3920 3649 3967 autem

2049 4011 2376 4077 substantia,
2416 4009 2560 4063 aliud
2600 4019 2789 4064 natura
2826 4006 3158 4062 substantiae.
3190 4003 3465 4075 Siquidem
3513 4004 3646 4060 sub-

2048 4103 2247 4159 atantia
2292 4101 2500 4174 prepria
2529 4109 2613 4157 est
2651 4100 2724 4155 rei
2761 4099 3017 4171 Cujusth
3042 4139 3058 4165 ,
3092 4109 3280 4153 natura
3312 4112 3441 4152 vero
3468 4104 3651 4168 potest

2052 4212 2172 4254 esse
2212 4196 2535 4253 communis.
2576 4195 2798 4266 Suscipe
2853 4193 3181 4265 exemplum.
3220 4192 3533 4249 Substantia
3565 4202 3651 4248 est

1585 4313 1881 4371 LECTION
1888 4313 1967 4371 ES
2009 4311 2425 4370 VARIANTES.

417 4426 488 4491 (Ι)
520 4426 667 4491 Aqua!
688 4434 799 4478 Jun.

418 4427 460 4489 (Ι
520 4426 667 4491 Aqua!
688 4434 799 4478 Jun.

418 4425 490 4618 #2;
514 4489 742 4543 Noverim
768 4487 935 4541 Puris.
962 4488 1125 4540 Galen.
1151 4491 1273 4540 Jun.

440 4557 492 4618 5)
518 4554 671 4616 Aqua:
698 4554 849 4605 Fron.

440 4557 492 4618 5)
518 4554 671 4616 Aqua:
698 4554 849 4605 Fron.

1972 4428 2025 4487 1)
2145 4426 2164 4472 ι
2219 4423 2413 4487 Redige
2428 4422 2581 4476 Rhea.
2604 4419 2754 4473 Seml.
2779 4416 2978 4473 Oberth.

2114 4424 2190 4554 is;
2212 4487 2582 4539 Extenderetur
2604 4491 2685 4535 aut
2709 4483 2978 4535 contrahert

2212 4477 2582 4539 Exteiideretur
2604 4491 2685 4535 aut
2709 4483 3082 4535 contraheretur
3105 4482 3244 4532 Pam.
3280 4477 3432 4533 Rhea.

1744 4665 2305 4724 COMMENTARIUS.

356 4777 662 4834 strinxissc.
698 4778 904 4833 Etenim
937 4786 1043 4834 tam
1074 4779 1295 4835 ridicula
1323 4787 1468 4847 sunt,
1501 4786 1558 4834 ut
1579 4778 1661 4833 vel
1695 4780 1744 4834 iu
1776 4790 1946 4835 trans-

357 4858 761 4922 cursu_taututn
815 4849 1044 4922 iudicata
1094 4852 1223 4906 satis
1273 4850 1597 4922 refellantur.
1644 4850 1738 4922 Sic
1789 4851 1949 4922 igitur

358 4920 763 4976 etncudavimus
791 4921 932 4992 quod
963 4923 1116 4989 vulgo
1156 4922 1431 4992 legebatur
1463 4940 1476 4975 :
1513 4921 1703 4976 Licebit
1731 4933 1777 4978 et
1805 4920 1953 4990 lapa-

361 4994 453 5046 thi.
503 4992 558 5046 In
613 4991 1116 5064 codice’Agobat-di
1172 4991 1417 5064 legitur;
1464 4992 1745 5119 Licebitht
1798 4994 1944 5063 (apti.

1697 5081 1767 5119 IG.

1697 5081 1767 5121 IG.

436 5133 521 5208 (a7)!
561 5132 944 5208 Vesperugines.
993 5134 1107 5208 Hoc
1158 5134 1744 5208 estuvespertilioncs,
1789 5136 1878 5208 qui
1919 5152 1949 5193 a

367 5206 614 5262 Lucifero
643 5205 738 5259 sco
770 5205 1135 5277 Vesperugine
1163 5206 1318 5262 stella
1362 5205 1583 5262 veneris
1624 5205 1821 5263 nomen
1859 5207 1958 5263 ha-

366 5278 617 5349 buerunt,
639 5291 705 5332 eo
726 5277 867 5347 quod
890 5280 1068 5332 caveis
1089 5279 1200 5334 suis
1228 5294 1331 5349 non
1357 5277 1620 5334 excedere
1647 5280 1956 5349 priusquam

366 5348 519 5402 stella
551 5348 635 5402 illa
658 5355 916 5417 appareat
938 5348 1096 5416 vulgo
1120 5348 1430 5405 credantur.
1459 5349 1535 5405 Ls
1561 5348 1664 5405 Pa.

441 5419 523 5490 (h)
558 5418 820 5485 Quomodo
846 5419 999 5490 igitur
1027 5418 1139 5485 illa,
1174 5429 1279 5476 etc.
1332 5420 1409 5476 Ex
1441 5422 1697 5476 varietate
1717 5420 1959 5477 ciborum

366 5488 717 5566 demonstrat,
745 5488 1212 5566 transumtatipues
1234 5493 1534 5548 animarum
1561 5502 1616 5548 et
1636 5501 1961 5566 metempsy-

367 5560 704 5632 choscsdlieri
732 5575 837 5616 non
864 5577 1041 5632 posse.
1074 5563 1148 5619 Ls
1179 5563 1278 5619 Pa.
1314 5586 1323 5597 ο
1825 5560 1829 5565 ’

439 5630 932 5705 (ςῌίφὶαηιᾼῃεηιξῂα
959 5636 1253 5690 ruminabit.
1305 5634 1429 5692 Ideo
1459 5634 1597 5691 forte
1620 5677 1636 5701 ,
1668 5635 1790 5705 quia
1819 5635 1955 5691 scri-

367 5700 444 5756 bit
470 5702 694 5771 Plinius,
726 5701 814 5758 Iib.
847 5703 916 5774 Χ,
944 5720 994 5760 c.
1022 5705 1095 5762 25
1127 5724 1138 5759 :
1171 5707 1488 5763 Coturnices
1511 5700 1717 5833 vleucgo
1739 5707 1953 5763 nutriri.

741 5805 744 5808 ~
1580 5794 1612 5833 ε
1687 5793 1740 5833 a.

741 5805 744 5808 ’
1534 5793 1612 5834 LE
1644 5793 1740 5833 l’ll.

2121 4780 2202 4849 (d)
2220 4777 2482 4846 Quomodo
2502 4791 2622 4847 ergo
2647 4776 2818 4829 anima
2844 4771 3064 4828 hominis
3106 4772 3375 4839 complebit
3402 4772 3654 4849 elephan-

2051 4846 2200 4906 tum?
2257 4846 2635 4905 Difficultatem
2688 4853 3224 4901 metemsotnatOseos
3282 4860 3355 4900 ex
3408 4846 3654 4914 corporis

2052 4922 2415 4993 inrequalitate
2432 4928 2486 4974 et
2507 4916 2964 4993 disconvenientia
2988 4916 3489 4993 arguitZQuonlodo
3508 4916 3655 4974 enim

2052 4994 2146 5066 qui
2169 4986 2486 5066 elephantus
2510 4989 2610 5044 fuit
2632 4989 2784 5066 culex
2816 5002 2937 5066 esse
2969 4986 3205 5066 poterit?
3261 4986 3339 5066 Ls
3360 4987 3463 5066 Pu.

2129 5062 2205 5136 (e)
2241 5058 2561 5136 .dssirttilrtlus
2604 5071 2675 5115 est
2705 5101 2719 5123 ,
2755 5059 2948 5136 inquit,
2983 5058 3133 5112 homo
3162 5058 3540 5136 irrationalibus
3561 5059 3654 5136 ᾔεις

2055 5128 2257 5190 mentis.
2282 5133 2470 5188 Grznce
2493 5140 2575 5187 est
2599 5128 2840 5200 ὡμςιώθηῖ
2869 5128 3062 5184 Noster
3089 5139 3264 5184 autem
3294 5130 3561 5199 interpres
3588 5129 3655 5185 ad

2060 5207 2285 5262 verbum
2315 5204 2491 5274 potius
2519 5202 2789 5274 transtulit
2813 5200 3170 5269 insipientibus
3195 5242 3208 5265 ,
3240 5215 3404 5274 quam
3431 5200 3655 5267 Auctor,

2058 5270 2440 5332 irrationalibus
2472 5289 2490 5329 :
2517 5289 2637 5328 nam
2664 5272 2851 5328 Grmce
2871 5280 2954 5327 est
2979 5287 3073 5335 τοῖς
3101 5270 3337 5337 sinito—cc.
3370 5270 3511 5326 Ρη.

2132 5347 2197 5422 (D
2248 5346 2405 5414 Quasi
2443 5348 2620 5422 eadem
2661 5343 2964 5422 substantia
3011 5344 3220 5398 animae.
3255 5342 3466 5422 _Utrum
3498 5341 3656 5398 Plato

2064 5413 2554 5475 tnétensomatosim
2596 5413 2999 5470 substantialem
3048 5414 3331 5481 statuerit,
3358 5429 3425 5468 au
3453 5421 3657 5477 tantum

2062 5490 2343 5557 moralem,
2373 5488 2440 5544 lis
2467 5497 2568 5544 est.
2624 5485 2925 5557 Defendunt
2954 5484 3103 5557 illum
3147 5483 3414 5557 plerique
3436 5483 3658 5554 platonl-

2062 5576 2269 5623 eorum,
2305 5554 2362 5615 ut
2401 5568 2605 5615 tantum
2653 5556 2909 5611 moralem
2943 5555 3293 5626 intelligeret;
3324 5554 3419 5610 sed
3446 5565 3658 5626 contra-

2060 5634 2201 5703 rium
2231 5631 2473 5703 pluribus
2498 5639 2724 5703 conatur
2766 5628 3013 5703 evincere
3052 5623 3297 5703 Crispus,
3330 5625 3542 5703 distrib.
3568 5623 3653 5690 III,

2059 5704 2154 5759 lib.
2185 5695 2480 5769 I,'omnioo
2528 5697 2791 5769 videndus
2822 5715 2834 5752 :
2865 5699 2956 5768 qui
2990 5695 3210 5769 tamen,
3267 5698 3389 5754 licet
3436 5695 3658 5753 damnet

2061 5767 2362 5839 Platonem,
2384 5770 2622 5828 defendit
2648 5767 3024 5843 Pythagoram.
3055 5767 3187 5824 Lac.
