4042 6288
405 226 513 284 709

1739 237 1943 302 unua
1984 237 2072 294 or.
2109 219 2340 298 suum;

3610 264 3714 327 710

403 347 715 412 compotem
767 342 986 449 extitisse
1043 344 1113 402 de
1139 353 1313 420 patre,
1343 345 1482 448 ct.in
1529 345 1786 449 inferiora
1826 349 2015 449 desul-
2042 356 2094 414 Α
2121 365 2218 449 gas
2240 393 2256 416 ,
2285 352 2360 426 (e)
2382 356 2580 426 pariter
2595 356 2952 434 fornicarius,
2985 366 3084 422 etsi
3104 366 3304 426 Helena
3332 372 3530 442 minus;
3559 376 3714 449 quid-

406 439 588 497 tassc;
622 439 787 502 atque
815 433 924 490 illic
963 446 1238 507 praevento
1282 434 1450 508 patris
1478 438 1776 509 proposito,
1806 441 2012 513 angeli-

400 537 500 578 cas
571 533 868 593 potestates
915 528 1170 607 genpisse
1201 570 1214 596 ,
1266 527 1481 600 ignaras
1529 530 1744 614 .patris,
1795 533 2016 592 artificis

399 615 590 672 mundi
635 615 828 688 hujus;
861 619 930 675 ab
969 619 1053 676 his
1083 635 1212 676 vero
1241 635 1336 692 per
1389 620 1640 680 invidiam
1689 623 1770 696 (i)
1838 634 2015 682 reten-

401 717 514 763 tam
549 707 649 780 (η),
681 725 749 767 ne
779 709 1095 782 digressaea
1123 713 1346 770 alterius
1373 713 1640 784 genimina
1673 714 2011 787 viderentur;

399 811 458 856 ct
513 798 714 857 idcirco
767 803 913 858 omni
943 805 1284 860 contumelia:
1331 805 1625 870 addictam,
1661 815 1717 860 ut
1747 822 2010 880 nuSquain

397 892 684 950 discedere
711 883 1065 966 depretiatam
1111 895 1342 966 liberet,
1373 898 1620 953 humanae
1659 915 1874 971 quoque
1903 899 2013 956 l‘or-

397 1001 503 1041 nae
525 987 842 1052 succidisse,
874 987 1022 1043 velut
1051 988 1282 1044 vinculis
1308 989 1489 1046 carnis
1511 991 1904 1058 coercendam;
1940 995 2010 1048 ita

395 1078 584 1134 multis
612 1078 742 1134 aevis
771 1095 869 1150 per
895 1079 1029 1136 alios
1069 1089 1229 1152 atque
1258 1079 1392 1135 alios
1442 1079 1656 1137 habitus
1701 1082 2010 1140 fminininos

397 1171 716 1238 volutatam,
764 1171 926 1228 ctiam
955 1172 1104 1228 illam
1155 1171 1411 1228 Helenam
1454 1173 1639 1240 fuisse,
1690 1174 2008 1230 exitiosissi-

401 1279 547 1318 matu
581 1251 816 1330 Priamo,
837 1271 902 1319 et
939 1261 1235 1319 Stesichori
1283 1272 1466 1336 postea
1499 1265 1672 1322 oculis
1701 1264 1801 1339 (li),
1843 1283 2003 1338 quem

393 1367 450 1411 et
481 1364 808 1411 exc-.ecasset
845 1355 916 1411 ob
945 1356 1254 1414 convicium
1287 1357 1546 1413 carminis
1575 1400 1591 1425 ,
1621 1358 1818 1414 dehinc
1864 1359 2006 1415 relu-

391 1449 661 1504 minasset
705 1449 776 1504 ob
806 1449 1232 1506 satisfactionem
1272 1449 1479 1518 laudis;
1510 1452 1737 1523 proinde
1767 1454 2002 1524 migran-

393 1550 503 1598 tem
555 1553 674 1596 eam
705 1539 774 1598 de
799 1543 1121 1613 corporibus
1150 1543 1202 1597 in
1234 1557 1460 1614 corpora
1487 1585 1500 1610 ,
1538 1553 1806 1613 postrema
1833 1545 2001 1602 dede-

399 1635 680 1690 cui-alioue
727 1630 833 1707 (2),
872 1633 974 1690 sub
1015 1634 1168 1690 titulo
1209 1635 1512 1708 prostitisse
1556 1635 1812 1692 llelcnam
1843 1639 1998 1693 vilio-

2123 443 2212 498 ni?
2239 459 2359 500 cum
2382 459 2602 519 propter
2627 451 2990 512 omnimodam
3007 455 3213 515 divina:
3233 469 3287 516 et
3318 443 3713 526 ltumante'dis-

2119 534 2332 608 ciplina:
2355 543 2690 600 eversionem
2745 549 3195 622 constituendam,
3228 561 3563 628 recorporari
3590 562 3711 618 ani-

2119 643 2235 684 mas
2260 629 2695 692 adseveraverit:
2726 639 2857 694 nulli
2886 640 3028 698 enim
3053 635 3212 702 vitam
3246 647 3399 704 istam
3429 661 3546 708 rato
3572 653 3708 722 fieri,

2118 721 2218 776 nisi
2243 723 2538 794 universis,
2569 745 2690 800 quae
2743 745 3158 808 arguunteam,
3212 728 3531 814 expunctis,
3585 748 3709 820 quia

2117 829 2221 868 non
2250 819 2437 872 natura
2459 819 2586 890 quid
2613 823 2810 880 malum
2833 825 3092 885 habeatur
3111 871 3126 898 ,
3159 833 3254 888 sed
3285 835 3538 906 opinione
3561 881 3578 908 ,
3602 819 3707 896 ita-

2115 922 2218 978 que
2273 914 2759 986 metcmpsychOsin
2801 924 3447 998 necessarieitmniuere,
3501 932 3546 988 si
3600 949 3707 992 non

2115 999 2166 1054 in
2191 1003 2367 1072 primo
2398 1022 2610 1076 quoque
2636 1009 2757 1065 vitae
2786 1011 2943 1084 lmjus
3002 1031 3301 1076 commeatu
3348 1023 3598 1081 omnibus
3626 1026 3708 1082 in-

2114 1091 2275 1148 licitis
2314 1097 2580 1155 satisfiat:
2612 1101 2818 1158 scilicet
2845 1103 3080 1163 facinora
3122 1111 3318 1168 tributa
3371 1125 3500 1172 sunt
3543 1117 3704 1174 vitae:

2113 1193 2366 1242 caeterum
2395 1189 2590 1246 totiens
2629 1193 2863 1250 animam
2890 1201 3130 1256 revocari
3177 1203 3373 1262 habere
3397 1249 3412 1272 ,
3459 1209 3708 1280 quotiens

2112 1277 2288 1332 minus
2333 1281 2458 1351 quid
2488 1281 2748 1351 intulerit,
2784 1289 3176 1361 reliquatricem
3204 1277 3530 1356 delictorum
3556 1343 3572 1370 ,
3600 1301 3703 1359 do-

2110 1385 2213 1424 nec
2231 1373 2474 1426 exstilvat
2501 1375 2850 1434 novissimum
2873 1381 3221 1451 quadrantem
3247 1386 3424 1458 (Matt.
3475 1389 3544 1465 V)
3569 1435 3584 1462 ,
3612 1394 3708 1450 de-

2111 1467 2254 1515 trusa
2284 1461 2574 1520 identidem
2623 1466 2676 1521 in
2724 1483 2998 1526 carcerem
3044 1478 3306 1546 corporis.
3364 1461 3534 1538 Hunc
3557 1461 3702 1544 enim

2109 1559 2374 1624 temperat
2396 1564 2560 1611 totam
2585 1557 2732 1615 illam
2761 1561 3073 1634 allegoriam
3101 1567 3342 1637 Domini,
3401 1575 3565 1632 certis
3615 1577 3702 1634 in-

2108 1647 2580 1714 terpretationibus
2609 1649 2938 1710 relucentem
2971 1673 2985 1712 :
3015 1667 3070 1712 et
3093 1661 3266 1728 primo
3315 1665 3530 1735 quidem
3571 1669 3702 1726 sim-

391 1741 508 1782 retn
542 1744 556 1782 :
585 1721 723 1782 lianc
750 1726 910 1798 igitur
936 1741 1058 1783 esse
1085 1742 1240 1783 ovem
1268 1726 1547 1800 perditam,
1581 1728 1648 1784 ad
1698 1743 1856 1800 quam
1903 1729 1998 1786 de-
2024 1759 2072 1818 Β
2105 1735 2314 1805 pliciter
2345 1739 2746 1811 intelligendam
2773 1761 2786 1808 ;
2821 1762 2943 1802 nam
2972 1758 3025 1804 et
3047 1721 3295 1809 ethnicus
3320 1721 3700 1818 timidae}:

393 1818 666 1876 scenderit
697 1817 778 1893 (5)
819 1830 974 1892 pater
1017 1835 1276 1890 summus,
1311 1819 1496 1878 Simon
1527 1822 1753 1888 scilicet,
1786 1832 1840 1878 et
1885 1824 1996 1894 pri-

400 1927 547 1968 mum
577 1925 886 1982 recuperata
913 1929 976 1969 ea
997 1923 1052 1970 et
1073 1925 1308 1980 revecta,
1332 1915 1514 1971 nescio
1537 1915 1777 1972 humeris
1800 1933 1866 1971 an
1901 1919 1996 1974 fua-

398 2003 633 2059 minibus
665 2001 758 2078 (c),
784 2005 980 2062 exinde
1018 2006 1084 2060 ad
1113 2007 1390 2062 hominum
1419 2009 1714 2080 respexerit
1743 2009 1992 2080 salutem,

395 2098 550 2170 quasi
605 2115 699 2170 pcr
743 2098 1033 2156 vindictam
1067 2099 1464 2157 liberandorum
1507 2117 1572 2157 ex
1610 2103 1712 2158 illis
1739 2105 1995 2174 angelicis

389 2194 1004 2265 potestatibus;qnibus
1033 2193 1304 2260 fallendis,
1357 2203 1411 2251 et
1465 2197 1580 2267 ipse
1632 2195 1994 2268 configuratus

385 2300 562 2356 mque,
593 2297 649 2340 et
677 2285 985 2341 hominibus
1031 2284 1304 2342 hominem
1358 2291 1671 2356 ementitus,
1705 2289 1757 2352 in
1807 2287 1992 2347 Judtea

384 2379 604 2452 quidem
651 2381 840 2448 lilium,
905 2381 957 2435 in
1011 2381 1252 2437 Samaria
1309 2397 1439 2438 vero
1479 2393 1688 2452 patrem
1741 2387 1990 2454 gesserit.

385 2471 430 2526 0
473 2471 730 2528 Helenam
777 2473 918 2529 inter
947 2483 1132 2543 poetas
1171 2481 1225 2530 et
1275 2472 1558 2530 haereticos
1615 2475 1988 2531 laborantem!

391 2575 522 2620 tunc
561 2565 852 2633 adulterio,
887 2581 1029 2622 nunc
1058 2576 1245 2638 sIUpro
1293 2565 1581 2624 infamem!
1618 2568 1718 2622 nisi
1755 2569 1900 2641 quod
1925 2569 1992 2626 de

388 2654 552 2728 Troja
592 2657 881 2730 gloriosius
912 2649 1332 2730 eruitu‘ri'quau'i
1387 2660 1454 2717 de
1495 2659 1798 2732 iupan'arh
1836 2662 1991 2719 mille

381 2751 608 2806 navibus
635 2751 702 2806 de
755 2750 935 2822 Troja,
978 2767 1078 2808 nec
1105 2751 1250 2808 mille
1281 2751 1516 2808 denariis
1556 2752 1783 2808 forsitan
1809 2753 1876 2810 de
1903 2755 1987 2810 lu-

385 2844 593 2914 panari.
653 2843 963 2910 Erubesce,
1017 2845 1224 2912 Simon,
1277 2843 1476 2900 tardior
1522 2844 1574 2899 in
1627 2845 1986 2916 requirendo,

380 2936 778 2993 inconstantior
832 2937 886 2993 in
944 2937 1290 2995 retrahendo.
1343 2939 1411 2993 At
1477 2938 1748 2995 Menelaus
1807 2941 1988 2996 statim

376 3030 682 3102 insequitur
738 3031 994 3086 amissam
1029 3073 1044 3098 ,
1087 3033 1268 3086 statim
1318 3033 1511 3100 repetit
1561 3043 1799 3104 ereptam
1838 3076 1853 3101 ,
1895 3033 1990 3090 de-

376 3121 541 3176 cenni
580 3121 769 3193 pra-lio
824 3133 1126 3193 extorquet,
1171 3139 1277 3178 non
1329 3125 1540 3191 latens,
1594 3141 1701 3180 non
1754 3125 2057 3220 lallens,C

375 3231 487 3272 non
517 3215 945 3272 cavillabundus.
981 3217 1187 3274 Vereor
1216 3233 1284 3274 ne
1315 3215 1404 3274 illc
1426 3218 1594 3290 magis
1622 3227 1774 3287 pater
1801 3217 1982 3286 fuerit,

381 3305 478 3378 qni
504 3307 644 3364 circa
669 3307 887 3364 Helena:
917 3309 1381 3380 recuperationem
1406 3318 1462 3366 et
1487 3310 1791 3382 vigilantius
1817 3321 1870 3367 et
1889 3326 1986 3367 au-

369 3397 594 3455 dentius
621 3411 675 3455 et
701 3400 900 3457 diutius
928 3401 1271 3458 laboraverit.

935 3491 1164 3550 CAPUT
1202 3493 1422 3550 XXXV.

450 3579 557 3640 Sed
585 3599 693 3640 non
722 3581 1430 3660 tibisolimetempsychosis
1469 3585 1607 3644 hanc
1649 3587 1880 3646 fabulam
1900 3587 1980 3644 in-

366 3677 590 3733 struxit.
628 3675 759 3734 Inde
783 3680 946 3736 etiam
972 3677 1332 3752 Carpocratcs
1356 3681 1519 3738 utitur
1548 3679 1844 3754 (d)pariter
1865 3697 1980 3738 ma-

2100 1829 2272 1885 sarius
2302 1841 2486 1887 nos-ter
2511 1844 2592 1889 est
2615 1875 2630 1900 ,
2664 1836 2915 1895 incedens
2941 1843 3187 1900 eamdem
3213 1847 3350 1903 viam
3380 1849 3500 1908 vitae
3551 1869 3701 1910 com-

2099 1924 2296 2022 munis:
2323 1923 2622 1997 Caeterum,
2671 1934 2952 2000 oportebat
2998 1953 3100 1993 nos
3129 1937 3196 1994 de
3241 1932 3440 2000 tintndo
3489 1951 3638 2006 exire
3655 1949 3700 2022 (Ι

2100 2009 2216 2068 Cor.
2257 2013 2320 2086 V)
2342 2058 2358 2084 ,
2394 2018 2438 2072 si
2463 2034 2583 2074 cum
2613 2021 2717 2078 illis
2746 2030 3056 2084 conversari
3091 2047 3194 2087 non
3218 2034 3426 2095 liceret.
3461 2009 3694 2099 Huicer-

2097 2119 2168 2206 -go'
2206 2105 2402 2206 bonum
2427 2111 2589 2167 animi
2636 2127 2859 2184 praestes
2903 2118 3059 2190 jubet
3108 2121 3257 2196 (Luc.
3307 2127 3436 2201 VI):
3487 2131 3698 2206 Diligite

2097 2195 2328 2254 inimicos
2351 2212 2540 2257 vestros
2567 2245 2582 2270 ,
2629 2207 2836 2278 inquit,
2868 2222 2915 2265 et
2961 2195 3234 2288 oratepra
3283 2195 3696 2284 maledicentilms

2099 2305 2204 2357 vos,
2233 2307 2302 2347 ne
2328 2294 2506 2366 aliquo
2537 2302 2866 2357 commercio
2893 2307 3233 2377 negotiorum
3262 2313 3456 2383 injuria
3501 2334 3698 2389 provo-

2097 2393 2271 2453 catu-,
2296 2387 2572 2444 abstrahat
2593 2399 2642 2446 te
2667 2393 2732 2447 ad
2761 2409 2914 2452 suum
2932 2398 3165 2470 judicem
3191 2444 3208 2471 ,
3233 2415 3286 2460 et
3316 2407 3370 2462 in
3397 2387 3695 2472 custodiam

2097 2475 2376 2550 delegatus
2403 2482 2468 2537 ad
2485 2485 2875 2544 exsolutionem
2909 2495 3068 2550 totius
3089 2495 3255 2554 debiti
3281 2506 3524 2562 arcteris.
3553 2507 3690 2566 Tum

2099 2570 2144 2624 si
2175 2571 2227 2625 in
2249 2571 2520 2630 diabolum
2547 2579 2864 2639 transfertur
2877 2581 3170 2646 adversarii
3195 2595 3399 2651 mentio
3423 2615 3488 2653 ex
3510 2599 3696 2660 obser-

2100 2662 2315 2719 vatione
2337 2667 2774 2738 comitante,cum
2799 2675 2888 2730 illo
2913 2693 3126 2752 quoque
3144 2690 3382 2748 moneris
3408 2704 3526 2746 eam
3557 2694 3694 2752 inire

2095 2757 2438 2813 concordiam
2468 2801 2484 2825 ,
2539 2777 2660 2831 qua:
2683 2762 2976 2847 deputetur
3013 2787 3079 2826 ex
3128 2773 3250 2832 lidei
3281 2785 3646 2843 conventione
3673 2803 3688 2844 :

2096 2859 2366 2949 pactttses
2396 2851 2538 2906 enim
2570 2858 2879 2916 renuntiare
2908 2861 3040 2932 ipsi,
3073 2874 3128 2920 ct
3153 2883 3382 2940 pompae,
3415 2884 3468 2929 et
3487 2879 3691 2949 angelis

2093 2937 2231 3007 ejus.
2260 2939 2525 2999 Convenit
2553 2945 2691 3002 inter
2739 2966 2836 3007 vos
2867 2952 2934 3008 de
2976 2955 3105 3012 isto.
3153 2937 3296 3016 Haec
3328 2937 3430 3020 erit
3453 2937 3689 3028 amicitia

2095 3029 2471 3090 observatione
2511 3037 2592 3110 (4)
2624 3043 2928 3110 sponsionis
2963 3088 2978 3114 ,
3027 3065 3094 3105 ne
3146 3053 3271 3120 quid
3327 3057 3445 3128 ejus
3501 3067 3691 3130 postea

2093 3139 2338 3182 resumas
2363 3142 2426 3182 ex
2457 3128 2539 3184 his
2564 3147 2684 3202 quae
2708 3133 2947 3205 ejerasti,
2978 3156 3095 3211 qua:
3117 3141 3191 3198 illi
3209 3128 3518 3218 reddidisti,
3541 3170 3608 3210 ne
3635 3165 3690 3212 te

2095 3229 2147 3271 ut
2181 3217 2543 3277 fraudatorem
2573 3267 2586 3289 ,
2613 3237 2668 3280 ut
2699 3229 2838 3297 pacti
2889 3239 3318 3306 transgessorem
3359 3217 3526 3312 judici
3575 3247 3688 3306 Deo

2089 3311 2346 3384 objiciet,
2377 3317 2515 3372 sicut
2557 3335 2678 3374 eum
2744 3322 2972 3394 legimus
3019 3327 3143 3384 alibi
3201 3311 3560 3406 (Apoeal.Xll,
3592 3340 3686 3413 10)

2088 3417 2397 3462 sanctorum
2423 3410 2828 3468 criminatorem
2854 3457 2870 3483 ,
2898 3426 2950 3472 et
2993 3416 3064 3475 de
3103 3420 3220 3490 ipso
3261 3425 3422 3482 etiam
3466 3410 3688 3489 nomine

2088 3495 2296 3594 diaboli
2333 3497 2414 3594 (ᾇ)
2478 3500 2808 3594 delatorem,
2849 3516 2904 3562 et
2950 3507 3116 3578 judex
3161 3520 3214 3570 te
3267 3517 3440 3573 tradat
3491 3523 3684 3594 angelo

2087 3589 2442 3657 cxccutionis,
2473 3600 2527 3648 et
2555 3592 2647 3651 ille
2675 3595 2806 3652 tein
2837 3612 3112 3658 carcerem
3145 3594 3364 3664 mandet
3390 3589 3680 3684 infernum,

2086 3681 2228 3738 unde
2252 3697 2357 3738 non
2388 3683 2698 3754 dimitteris,
2741 3685 2814 3760 (Ι)
2845 3691 2945 3749 nisi
2987 3695 3201 3754 modico
3229 3715 3443 3774 quoque
3485 3681 3683 3767 delicto

1625 3813 2008 3874 LECTIONES
2037 3815 2452 3875 VARIANTES.

360 3931 514 4049 8‘93
528 3931 608 3984 Ah
629 3933 694 3984 iis
715 3947 805 3998 per
840 3933 1070 3986 invidiam
1092 3934 1198 3986 Lat.
1226 3935 1290 3986 ab
1310 3935 1390 3986 his
1410 3933 1620 4000 perinde
1641 3937 1800 4014 animo
1823 3938 1968 3986 Pam.

431 4055 507 4124 (2)
531 4057 791 4112 Postremo
809 4058 876 4113 de
899 4057 1216 4136 decoratione
1239 4059 1350 4112 cod.
1387 4059 1574 4112 Wouw.

2163 3932 2214 4004 ξ)
2239 3933 2509 4004 Pescendit
2531 3936 2644 4004 Βία.
2675 3949 2794 4004 Ven,

2165 3997 2216 4060 4)
2238 3997 2527 4060 Oliservatio
2546 3997 2692 4052 Ρῖιηι.
2719 4001 2872 4056 Rhen.

2163 4059 2213 4124 5)
2237 4059 2429 4111 Diaboli
2452 4061 2602 4115 antiit.
2623 4063 2736 4131 Rig.
2765 4077 2882 4120 Ven.

1718 4166 2282 4228 COMMENTARIUS.

441 4283 522 4358 (a)
564 4285 640 4358 Ab
667 4287 746 4341 his
791 4301 910 4342 vero
959 4302 1050 4357 per
1085 4286 1332 4342 invidiam
1377 4294 1643 4358 retentam.
1696 4271 1934 4342 Irenaeus
1959 4303 1973 4340 :
2000 4287 2054 4346 D
2086 4303 2108 4338 ς

360 4355 508 4430 Haec
552 4355 754 4414 detenta
800 4369 874 4414 est
901 4355 968 4414 ali
997 4359 1124 4430 ipsis
1162 4367 1374 4430 propter
1422 4356 1688 4425 invidiam,
1731 4359 1974 4430 quoniam

359 4427 564 4502 nollent
611 4431 876 4502 progenies
919 4427 1130 4502 alterius
1163 4427 1458 4502 cujusdam
1489 4430 1663 4498 putari
1713 4445 1840 4502 esse.
1888 4427 1968 4502 E_x

357 4497 560 4570 quibus
591 4497 1084 4570 manifestissimum
1115 4505 1173 4556 lit
1197 4497 1447 4570 corrupta
1475 4497 1596 4556 esse
1636 4517 1754 4570 qua:
1777 4501 1829 4554 in
1858 4500 1972 4554 vul-

359 4569 510 4640 gatis
551 4569 900 4638 editionibus,
921 4585 1084 4641 atque
1109 4573 1272 4626 etiam
1312 4569 1376 4624 in’
1399 4569 1796 4640 exemplaribus
1833 4570 1966 4625 anti-

359 4641 500 4713 quis,
517 4641 786 4713 leguntur,
815 4642 889 4696 Ab
918 4643 998 4698 Itis
1027 4659 1143 4698 vero
1167 4641 1376 4713 perinde
1394 4641 1566 4696 animo
1589 4651 1852 4696 retentam.
1879 4642 1965 4709 Et,

359 4700 442 4766 λι
468 4700 688 4785 -ᾔὶεῖροη
711 4700 922 4785 perinde
943 4700 1457 4785 animam'relentagi.
1497 4713 1615 4770 lite.

437 4781 525 4854 (7b)
574 4781 855 4840 Stesichori
909 4794 1083 4854 postea
1135 4785 1314 4840 oculis.
1369 4783 1566 4839 Fabula
1642 4783 1728 4838 illa
1784 4785 1967 4852 multis

359 4853 587 4923 scripta.
618 4855 670 4910 ls
695 4856 844 4911 enim
865 4853 988 4912 cum
1015 4857 1186 4910 oculis
1214 4856 1450 4924 privatus
1475 4865 1622 4910 esset
1650 4867 1868 4924 propter
1885 4857 1967 4911 vi-

361 4925 730 4996 tuperationes
754 4941 880 4988 suas
906 4926 959 4980 in
987 4926 1262 4990 llelenani,
1289 4925 1417 4981 falsa
1451 4941 1570 4982 esse
1599 4943 1717 4996 qua:
1747 4927 1814 4980 de
1851 4928 1965 4995 ipsa

358 4995 594 5059 diierat,
617 4997 764 5054 edito
793 5007 1038 5067 poemate
1067 4997 1208 5068 quod
1243 4997 1564 5068 palinodiam
1596 4995 1826 5068 vocavit,
1858 5009 1964 5054 tes-

360 5075 508 5138 tatus
526 5077 631 5138 est,
651 5066 942 5138 statimque
959 5066 1130 5124 visum
1160 5070 1514 5138 recuperavit.
1543 5067 1617 5122 Ls
1651 5066 1746 5122 Pu.

433 5135 510 5210 (ρ)
554 5131 746 5210 Nescio
797 5131 1022 5196 humeris
1047 5157 1112 5196 an
1154 5131 1466 5210 Ifmliti'm'bus.
1491 5139 1694 5210 Alludit
1714 5139 1962 5207 Septimii

357 5209 534 5281 stylus
552 5209 622 5267 ad
653 5211 962 5283 parabolant
991 5211 1113 5266 boni
1155 5209 1413 5276 Pastoris,
1445 5209 1637 5265 ludens
1666 5209 1718 5265 iti
1765 5211 1962 5268 llclena

358 5282 668 5338 meretrice.
702 5282 819 5338 lito.

407 5349 1961 5440 QAP;Xxxv,-tltllferi¥erMuell"?!terrebiqu

362 5423 524 5480 latius
541 5423 784 5481 Irenaius
801 5422 874 5494 de
893 5422 1214 5494 Carpoerate
1231 5422 1294 5494 et
1313 5422 1426 5494 ejus
1456 5423 1821 5494 discipulis,ac
1847 5431 1964 5491 post

353 5510 482 5549 cum
511 5495 780 5567 Eusebius
798 5491 965 5567 (Hist.
987 5491 1181 5550 Eecles.
1201 5494 1236 5548 l.
1256 5491 1352 5560 1V,
1372 5509 1421 5549 c.
1447 5494 1502 5564 7)
1525 5502 1580 5548 ct
1595 5493 1958 5567 Epiphanius:

361 5584 383 5615 α
431 5567 594 5623 Artes
619 5565 766 5624 enim
795 5565 817 5632 ,ἡ
839 5566 1010 5636 inquit
1033 5606 1048 5630 ,
1091 5567 1329 5636 magicas
1356 5565 1772 5636 operatum-ipsi
1796 5576 1851 5619 et
1880 5567 1960 5620 iit-

356 5655 380 5690 ι
415 5639 780 5710 cantationes,
811 5632 1005 5705 philtra
1045 5632 1261 5710 quoque
1279 5632 1549 5710 χαρότῆσιαε
1579 5632 1672 5708 [id
1695 5632 1778 5691 est
1807 5651 1956 5710 ania-

353 5725 378 5768 ι
425 5709 563 5772 toria
591 5749 610 5786 ,
637 5715 702 5768 ut
720 5704 1044 5782 interpretes
1064 5704 1550 5784 ’Eus'ebii'vertunt]
1562 5704 1599 5774 .'
1614 5714 1669 5766 et
1697 5707 1958 5782 paredros

2155 4283 2706 4382 [sivemassessores]l,
2763 4304 2816 4351 et
2860 4297 3242 4382 oniropom‘pos
3295 4307 3430 4382 [sive
3463 4317 3674 4375 somnia

2085 4374 2106 4448 ς
2517 4357 2844 4448 et_rélitjuas
2875 4357 3443 4448 ntaligjnati'onesl,‘

2085 4433 2432 4526 f,__‘_‘"‘,’,';l{{'*is,
2450 4433 2750 4526 ξξξιίιξιιίιιξίῖι
2783 4433 3102 4523 ρι’ωειῑεῧιε.
3151 4463 3170 4497 ι
3189 4433 3675 4526 ⁵Ριηῖίίρῇῗριιῦὶὲἷιεὶὶ

2075 4499 2344 4595 ﬁni."
2365 4499 2516 4595 addit
2551 4499 2752 4595 i’l'ttctor
2779 4499 2799 4570 ξ
2840 4499 3090 4595 quoniam
3121 4557 3136 4582 ,

2073 4569 2401 4657 IMarcclli'na,
2425 4588 2546 4654 qua:
2577 4569 2800 4657 Romam
2822 4569 2922 4634 sub
2947 4569 3166 4640 Aniceto

2075 4640 2806 4739 Erillus“qet'FrE|{;EI,-llll1l£0§
2849 4640 3668 4739 extermipavit:"Quod-ipsum

2074 4715 2653 4808 [fg-pleztitnlgpijdianius,
2686 4719 2890 4808 addens
2932 4740 3028 4781 eos
3074 4727 3125 4782 in
3170 4715 3668 4808 taxauit-{6732

2072 4785 2250 4882 minoia
2268 4783 2346 4882 ag
2361 4783 2610 4882 corporis.
2631 4791 2962 4876 voluptatein
2982 4783 3193 4867 operari
3230 4783 3662 4882 ἓὸιὲνὶξζίἷεᾶιῖἑ

2070 4854 2284 4946 adeunt
2308 4855 2570 4946 Eusebius
2585 4854 3114 4946 isticis-potissimum
3179 4854 3456 4946 deum];

2073 4931 2433 5012 ticisi'mptttct
2456 4931 2811 4999 suspieiooem
2836 4935 2975 4990 illam
3008 4977 3022 5003 ,
3055 4957 3210 5010 quam
3233 4931 3330 5000 de.
3347 4931 3664 5012 Christianis

2071 4997 2320 5078 omnibus
2339 4997 2572 5081 ipsorum
2597 5018 2786 5056 caussa
2819 4997 3176 5087 conceperant
3194 4997 3444 5087 ethnici:

2073 5072 2648 5162 ἔξιθι
2670 5079 2973 5162 exerratnlo
2989 5072 3334 5162 infanticidio
3349 5105 3363 5154 ;

2068 5139 2387 5226 ςΐὲιξξὲιηέηξὲ,
2413 5141 2672 5226 latissime
2689 5161 2852 5214 supra
2897 5148 2948 5202 in
2971 5139 3446 5226 Apologeticois'es‘e

2069 5209 2144 5266 (“Iv
2171 5210 2548 5265 ΊίῚΊΙΙΙΙίῑδηιιε,
2581 5215 2718 5270 PA".
2761 5209 2774 5214 ⁷
3019 5209 3030 5220 '
3137 5209 3188 5226 V’
3246 5209 3288 5212 "
3325 5209 3446 5217 ----
3473 5209 3616 5234 “mw,

2141 5280 2216 5352 (e)
2250 5279 2453 5365 Pariter
2479 5285 2805 5365 [ornicatliun
2831 5289 2931 5365 ets_i_
2951 5287 3152 5365 Helena
3177 5297 3360 5354 atinas.
3409 5302 3522 5358 Etsi
3555 5307 3660 5365 lle-

2066 5351 2240 5442 lunam
2271 5367 2374 5434 non
2402 5351 2652 5434 haberet.
2673 5353 2995 5415 RtG.—Etsi
3017 5351 3659 5442 Heleneutinusjljitaiu-

2067 5422 2676 5517 Yl-Snfql‘:ll'l'f‘la‘r.llls.,milii"
2711 5437 2885 5517 tamen
2927 5437 3164 5517 :mquavit
3220 5422 3656 5517 lleleiiaiittn‘jua:

2065 5492 2506 5577 ex‘cidiiTrtijani.
2523 5509 2708 5577 caussa
2743 5495 2858 5577 fuit,
2886 5501 2956 5554 ob
2983 5492 3099 5577 vita:
3128 5492 3510 5577 turpitudinen;

2063 5560 2424 5635 calzttttilatunt
2457 5565 2802 5635 plurimarum
2835 5560 3010 5628 funus.
3047 5575 3121 5631 l.t-:
3157 5560 3504 5634 ei;"“"""'
3531 5560 3546 5584 ’

2139 5637 2202 5704 (1⁸)
2235 5633 2358 5719 Nisi;
2378 5633 2798 5719 ittodicoguoque
2845 5641 3028 5719 delicto
3069 5665 3212 5704 mora
3248 5633 3654 5716 resurrectionis

2065 5703 2304 5780 expenso.
2337 5703 2394 5764 Id
2423 5716 2506 5765 est
2529 5748 2544 5776 ,
2589 5703 2803 5767 interim
2843 5712 2924 5770 vel
2955 5703 3240 5794 antequam
3289 5703 3649 5804 {esui-tibi;
