4042 6288
367 274 498 360 7η.

1705 243 1717 257 ’
1785 268 2247 332 TERTULLIANI

3564 276 3682 335 719.

383 414 536 456 mora
564 399 975 456 resurrectionis
993 410 1251 469 expenso.
1280 395 1416 465 Quid
1448 394 1532 451 his
1576 392 1824 452 sensibus
1875 409 1966 462 ap-
1994 393 2049 453 A
2076 393 2146 445 ita
2174 397 2228 446 et
2247 391 2523 448 transferri
2554 392 2606 448 in
2637 392 2863 450 alterum
2896 401 3121 465 possunt
3155 409 3221 451 ex
3251 394 3345 453 Dei
3374 395 3679 466 voluntate,

375 493 525 549 tius?
563 492 687 563 quid
718 494 800 548 bis
853 490 1382 563 interpretationibus
1428 488 1648 544 verius?
1673 486 1964 550 Caeterum,

370 588 512 659 apud
552 587 951 657 Carpocratem,
996 586 1043 642 si
1083 586 1320 640 omnium
1381 583 1678 639 facinorum
1726 580 1958 635 debitrix

373 680 548 735 anima
569 688 673 743 est,
703 679 822 749 quis
843 680 946 734 erit
966 677 1213 733 inimicus
1241 685 1295 732 et
1317 675 1663 731 adversarius
1715 673 1832 744 ejus
1874 672 1961 725 in-
2012 712 2019 719 .

373 770 725 842 lelligendus?
750 769 942 836 Credo,
970 784 1122 825 mens
1154 769 1362 831 melior,
1381 782 1503 838 qua:
1525 765 1737 821 illatniu
1768 763 1970 835 aliquid

375 863 698 919 innocentia:
720 863 1018 934 impegerit,
1048 859 1365 932 adigendam
1397 872 1583 914 rursus
1608 872 1671 912 ac
1700 870 1884 911 rursus
1914 855 1965 909 in

370 972 588 1026 corpus,
617 955 790 1011 donec
811 956 862 1009 in
895 954 1039 1010 nullo
1056 970 1146 1009 rea
1174 952 1610 1024 deprehendatur
1636 950 1789 1005 bona:
1821 948 1963 1003 vitm.

377 1048 492 1104 Hoc
511 1058 684 1103 estex
711 1046 865 1103 malis
902 1045 1161 1100 fructibus
1202 1045 1397 1100 bonam
1449 1043 1696 1097 arborem
1745 1040 1992 1125 intelligi'

387 1139 488 1213 (ο),
518 1140 567 1195 id
599 1149 701 1206 est,
731 1155 794 1194 ex
814 1139 1059 1209 pessimis
1090 1139 1373 1208 princeptis
1401 1136 1700 1192 doctrinam
1732 1133 1970 1190 veritatis

379 1234 812 1305 agnosci.Spero
843 1232 1149 1303 liujusmodi
1203 1230 1488 1286 bmreticos
1541 1229 1709 1285 Ilelite
1757 1241 1972 1298 quoque

375 1326 628 1383 invadere
648 1326 978 1396 exemplum,
1014 1335 1263 1396 tauquam
1294 1325 1344 1378 iu
1394 1323 1601 1379 Joanne
1654 1322 1733 1377 sic
1788 1317 1868 1394 (ι)
1898 1334 1973 1375 re-

375 1419 708 1489 pr:csentati,
745 1428 801 1472 ut
831 1415 1285 1487 tuetempsycbosi
1317 1415 1681 1485 patrocinetttr
1731 1430 1969 1483 pronun-

375 1510 522 1564 tiatio
553 1507 631 1580 (‘2)
666 1509 872 1564 Domini
917 1506 1092 1581 (Matt.
1124 1506 1287 1576 XVII)
1334 1524 1345 1558 :
1379 1504 1561 1573 Helias
1587 1507 1702 1576 jum
1731 1504 1883 1572 venit,
1926 1514 1972 1558 et

374 1618 476 1656 non
497 1610 839 1672 cognoverunt
863 1617 996 1654 eum.
1024 1600 1089 1654 Et
1110 1598 1234 1652 alibi
1265 1597 1446 1670 (Matt.
1473 1597 1569 1666 X1)
1596 1615 1607 1650 :
1656 1596 1719 1649 Et
1747 1597 1791 1651 si
1822 1596 1973 1651 uultis

380 1693 581 1760 audire,
605 1692 687 1747 hic
705 1701 779 1746 est
807 1689 982 1745 Helias
1018 1692 1103 1761 qui
1133 1697 1368 1744 venturus
1387 1698 1481 1743 est.
1528 1686 1791 1757 Numquid
1832 1703 1961 1757 ergo

2076 494 2133 540 ut
2161 483 2360 542 factum
2393 496 2475 542 est
2504 496 2650 543 retro
2677 486 2745 542 de
2770 486 2969 559 Moysis
2992 488 3204 556 spiritu.

2607 579 2832 637 CAPUT
2896 578 3142 635 XXXVI.

2148 668 2205 723 lu
2234 668 2331 724 lias
2378 670 2706 739 quiestiones
2749 670 2895 736 inde,
2929 671 3145 740 opinor,
3174 674 3503 729 excessimus
3524 713 3541 740 ,
3572 690 3686 745 quo

2075 777 2219 818 nunc
2248 764 2625 819 revertendum
2665 772 2764 818 est.
2796 764 2874 835 (ά)
2923 764 3390 822 Constitueramus
3432 767 3674 821 animam

2076 853 2127 908 in
2158 854 2294 922 ipso,
2328 866 2381 910 et
2403 855 2519 926 ipso
2535 857 2640 911 seri
2676 855 2916 924 homine,
2947 865 3004 912 et
3032 872 3196 912 unttm
3225 873 3345 913 esse
3385 874 3415 912 a
3447 859 3686 931 primor-

2074 946 2165 1001 dio
2186 962 2375 1003 semen
2402 990 2418 1014 ,
2451 947 2590 1004 sicut
2616 957 2670 1003 et
2691 948 2867 1003 carnis
2895 949 2946 1002 in
2978 958 3147 1003 totum
3166 950 3380 1020 generis
3414 965 3676 1014 examen,

2088 1038 2164 1108 (el
2197 1048 2415 1111 propter
2442 1041 2666 1095 aemulas
2692 1041 2896 1096 scilicet
2922 1040 3202 1111 epiniones
3234 1043 3685 1115 philosophorum

2074 1140 2129 1186 et
2158 1131 2554 1195 haereticorum.
2585 1143 2639 1187 et
2680 1133 2745 1205 (Γ)
2767 1133 2913 1188 illum
2953 1149 3258 1191 sermonem
3303 1136 3541 1192 Platonis
3589 1152 3688 1193 vc—

2077 1228 2375 1279 teruosum.
2410 1223 2561 1280 Nunc
2590 1225 2834 1281 ordinem
2864 1227 3203 1297 sequentium
3226 1228 3426 1284 exinde
3472 1239 3679 1284 tracta-

2078 1326 2223 1371 tuum
2254 1317 2504 1373 teximus.
2533 1318 2727 1374 Anima
2751 1320 2803 1374 in
2836 1327 2988 1375 utero
3015 1321 3275 1377 seminata
3327 1324 3528 1394 pariter
3554 1341 3684 1379 cum
3726 1379 3742 1390 ,

2076 1426 2237 1468 carne
2261 1453 2276 1479 ,
2311 1413 2507 1483 pariter
2537 1429 2658 1469 cum
2683 1415 2794 1485 ipsa
2818 1416 3044 1470 sortitur
3072 1426 3139 1491 et,
3163 1432 3392 1482 sexum,
3451 1419 3522 1473 ita
3568 1434 3672 1489 pa-

2078 1505 2208 1560 riter
2236 1506 2492 1561 iucaussa
2522 1521 2683 1562 sexus
2730 1516 2918 1563 neutra
2953 1509 3244 1563 substantia
3299 1521 3563 1567 teneatur.
3613 1512 3675 1568 Si

2076 1599 2217 1654 enim
2237 1598 2289 1654 in
2307 1599 2598 1656 seminibus
2617 1602 2895 1673 utriusque
2913 1602 3064 1659 subst
3081 1603 3221 1659 uitia:
3243 1605 3473 1676 aliquam
3504 1608 3681 1664 inter-

2080 1691 2396 1762 capedinem
2420 1705 2605 1747 eorum
2633 1702 2927 1763 conceptus
2952 1694 3279 1763 admitteret,
3308 1709 3367 1752 ut
3393 1708 3485 1753 aut
3530 1716 3687 1767 caro,

381 1797 437 1843 et
466 1786 641 1843 Juda-i
669 1800 735 1841 ex
764 1784 1017 1855 opinione
1040 1782 1383 1855 pytliagorica
1410 1780 1762 1837 consulebant
1809 1780 1976 1835 Joau-
2009 1786 2057 1845 B
2085 1793 2175 1838 aut
2200 1786 2376 1837 anima
2394 1783 2542 1852 prior
2566 1784 2948 1852 seminaretur,
2981 1796 3127 1841 esset
3157 1787 3318 1842 etiam
3345 1802 3506 1843 sexus
3559 1805 3689 1859 pro-

380 1896 505 1937 nem
532 1879 710 1951 (Joan.
737 1876 779 1947 I)
811 1875 926 1931 :Ttt
969 1893 1018 1931 es
1051 1874 1271 1931 Helias?
1292 1885 1344 1930 et
1371 1891 1474 1929 non
1502 1889 1564 1929 ex
1600 1873 1978 1943 praedicatione

380 1969 842 2040 divina(.llalaclt.
898 1967 1038 2038 IV):
1090 1966 1155 2021 Et
1183 1983 1294 2022 ecce
1342 1966 1535 2019 mittam
1582 1966 1721 2020 robis
1771 1963 1977 2020 Heliam

380 2065 624 2120 tltesbiten
653 2065 676 2115 '.’
728 2062 981 2119 Setlenim
1011 2057 1490 2131 metempsycltosis
1515 2058 1726 2113 illorum
1759 2099 1772 2120 ,
1818 2073 1975 2113 reru-

385 2157 528 2212 catio
555 2163 640 2210 est
664 2154 856 2209 animo:
883 2152 1202 2223 jampridem
1226 2162 1397 2207 morte
1416 2151 1629 2217 Iunctae,
1664 2160 1721 2207 et
1749 2151 1800 2205 in
1831 2151 1976 2206 aliud

378 2263 576 2320 corpus
598 2249 821 2304 iterala'.
858 2244 933 2317 (b)
967 2246 1144 2301 Helias
1184 2254 1360 2299 autem
1404 2260 1508 2299 non
1556 2259 1624 2299 ex
1663 2242 1977 2299 decessione

382 2342 527 2407 vitae,
554 2340 648 2395 sed
675 2354 739 2394 ex
789 2338 1140 2393 translatione
1166 2348 1422 2392 venturus
1456 2346 1539 2391 est
1566 2352 1582 2399 ;
1635 2350 1732 2391 nec
1764 2337 1978 2406 corpori

376 2433 751 2488 restituendus
781 2471 795 2496 ,
838 2428 906 2485 de
936 2444 1040 2499 quo
1083 2443 1186 2483 non
1217 2436 1300 2481 est
1319 2426 1706 2497 exemptusUV
1740 2427 1864 2498 Reg.
1888 2426 1975 2497 ll);

385 2529 480 2581 sed
505 2524 705 2582 mundo
730 2522 1061 2589 reddendus,
1088 2521 1157 2576 de
1182 2536 1289 2593 quo
1310 2530 1393 2576 est
1422 2521 1740 2583 translatus;
1768 2535 1874 2575 non
1905 2535 1973 2576 ex

380 2618 714 2689 postliminio
764 2617 906 2679 vitae,
963 2614 1057 2670 sed
1089 2629 1155 2669 ex
1204 2612 1585 2683 supplemento
1641 2610 1974 2682 prepltetim;

379 2713 523 2769 idem
548 2721 603 2767 et
628 2712 744 2771 ipse
765 2753 780 2778 ,
808 2718 861 2764 et
886 2708 965 2763 sui
1001 2706 1231 2762 nominis
1252 2715 1305 2762 et
1334 2706 1413 2760 sui
1436 2705 1684 2760 hominis.
1716 2705 1820 2761 Sed
1848 2720 1980 2776 quo-

385 2804 552 2861 modo
581 2802 761 2859 Helias
782 2798 1110 2871 Joannes(c)
1134 2799 1157 2853 ?
1189 2798 1367 2853 Ilabes
1395 2798 1567 2868 angeli
1598 2813 1783 2854 vocem
1820 2797 1975 2867 (Luc.

388 2897 435 2969 1)
461 2897 523 2952 Et
544 2898 669 2966 ipse,
700 2894 892 2966 inquit,
927 2892 1173 2963 prwcedet
1200 2908 1375 2946 coram
1404 2891 1593 2962 papula
1636 2893 1689 2946 in
1711 2894 1890 2947 virtute
1933 2905 1978 2949 et

380 2989 564 3059 spiritu
588 2986 754 3042 Helia:
782 3028 795 3052 ,
828 3000 932 3039 non
960 2984 1211 3039 inanima
1242 2981 1380 3054 ejus,
1442 2997 1542 3039 nec
1567 2982 1618 3037 in
1669 2999 1852 3039 carne.
1888 2985 1980 3041 lla:

389 3084 534 3139 enim
558 3079 871 3136 substantia:
892 3078 975 3134 sui
997 3076 1256 3147 cujusque
1281 3084 1406 3131 sunt
1444 3073 1696 3130 hominis.
1745 3076 1979 3148 Spiritus

2084 1875 2364 1945 prietatem
2392 1874 2543 1930 alteri
2570 1875 2884 1931 substantia:
2925 1875 3237 1935 adscribere
3270 1895 3365 1949 per
3411 1887 3691 1950 tempora-

2082 1967 2186 2024 lem
2215 1967 2668 2038 intercapediuem
2696 1968 2995 2033 seminum;
3049 1979 3220 2025 utaut
3269 1985 3398 2026 caro
3444 1973 3684 2042 animm,

2083 2070 2173 2114 aut
2243 2060 2418 2114 anima
2471 2060 2616 2115 carni
2674 2060 2998 2128 iuseulperet
3044 2076 3237 2117 sexum
3289 2064 3586 2133 :quoniam
3634 2076 3691 2121 et
3744 2096 3747 2097 ν

2081 2153 2318 2225 Apelles,
2351 2168 2454 2206 non
2482 2153 2653 2223 pictor
2676 2193 2691 2218 ,
2721 2152 2812 2207 sed
2841 2153 3126 2209 lucreticus
3152 2155 3250 2225 (g),
3278 2163 3405 2209 ante
3455 2172 3685 2226 corpora

2080 2246 2413 2302 constituens
2437 2247 2644 2301 animas
2666 2245 2848 2301 viriles
2873 2262 2936 2301 ac
2961 2247 3281 2313 muliebres,
3304 2248 3445 2303 sicut
3463 2249 3533 2303 ab
3565 2249 3685 2304 Plii-

2081 2339 2292 2394 lumena
2310 2336 2711 2408 didicit,utique
2732 2348 3039 2405 carnem,ut
3063 2340 3437 2409 posteriorem,
3469 2341 3537 2395 ab
3566 2344 3689 2395 ani-

2081 2447 2167 2487 ma
2200 2430 2325 2486 facit
2347 2429 2593 2501 accipere
2619 2445 2824 2486 sexum.
2857 2430 2923 2486 Et
2950 2433 3038 2501 qui
3069 2433 3303 2488 animam
3325 2445 3443 2505 post
3466 2446 3685 2506 partum

2081 2522 2229 2578 carni
2258 2521 2619 2601 superducunt
2648 2563 2662 2588 ,
2690 2525 2872 2593 utique
2891 2534 3015 2578 ante
3046 2525 3306 2590 formata},
3355 2532 3562 2582 marem
3591 2538 3691 2584 aut

2082 2616 2356 2673 immittam
2387 2616 2629 2671 decarne
2654 2632 2843 2671 sexum
2865 2617 3214 2688 prmjudicant
3237 2622 3449 2675 animm.
3476 2621 3694 2678 Utrius-

2082 2724 2185 2780 que
2202 2718 2376 2765 autem
2395 2710 2708 2765 substantia:
2728 2709 3015 2767 indiscreta
3044 2715 3250 2769 semina
3279 2755 3294 2781 ,
3316 2725 3370 2771 et
3402 2716 3548 2771 unita
3574 2719 3693 2773 suf-

2085 2803 2220 2858 l'usio
2249 2817 2437 2857 eorum
2461 2843 2476 2868 ,
2511 2816 2854 2857 communem
2884 2804 3114 2859 subeunt
3156 2808 3372 2876 generis
3402 2820 3687 2878 eventum,

2083 2912 2183 2967 qua
2213 2896 2382 2952 lineas
2408 2895 2620 2951 duxerit
2640 2895 3123 2971 (lt),qprecumque
3150 2898 3237 2953 illa
3261 2910 3344 2954 est
3368 2900 3503 2956 ratio
3530 2912 3694 2957 natu-

2085 3006 2177 3045 m.
2206 2990 2363 3046 Certe
2392 2999 2446 3045 et
2472 2988 2557 3044 hic
2603 3003 2663 3043 se
2704 2988 3115 3059 primordiorum
3167 2989 3336 3047 forma
3393 3002 3622 3049 testatur
3665 3037 3681 3060 ,

2086 3098 2207 3137 cum
2261 3082 2530 3136 masculus
2593 3080 2930 3151 temporibus
2983 3081 3274 3154 effingitur.
3337 3083 3488 3139 Prior
3536 3087 3689 3141 enim
3774 3090 3789 3099 ‘

379 3191 509 3232 vero
530 3185 585 3231 et
617 3175 784 3229 virtus
812 3172 1148 3228 extrinsecus
1175 3168 1526 3226 conferuntur
1553 3184 1617 3224 ex
1650 3169 1742 3225 Dei
1782 3175 1971 3242 gratia.
2004 3172 2050 3237 C
2085 3179 2251 3232 Adam
2276 3191 2292 3240 ;
2317 3173 2535 3230 fmniina
2563 3173 2839 3245 aliquanto
2852 3176 3023 3231 serius
3051 3193 3066 3233 :
3093 3177 3359 3246 posterior
3383 3177 3525 3234 enim
3547 3178 3689 3235 Eia.

442 3362 514 3428 (ι)
539 3362 622 3414 Sic
644 3359 795 3413 omitt.
820 3355 930 3424 Rig.
960 3362 1073 3407 Ven.

1608 3262 1989 3329 LEC'I‘IONES
2027 3264 2441 3329 VARIANTISS.

2151 3358 2222 3425 (Ξ)
2252 3359 2625 3410 Patrocineutur
2648 3360 2923 3421 prtenuntio
2944 3354 3054 3423 Rig.
3086 3366 3200 3408 ren.

1727 3458 2286 3520 COMMENTARIUS.

379 3578 486 3621 non
506 3559 780 3631 quodipsa
806 3553 989 3631 dilatio
1019 3546 1426 3631 resurrectionis
1464 3547 1576 3631 sola
1621 3547 1699 3631 sit.
1717 3553 1972 3631 expiatio,

382 3617 716 3704 etptirgatio
745 3625 1029 3682 venialium
1057 3621 1333 3702 culparum
1360 3633 1377 3700 ξ
1411 3617 1505 3672 sed
1559 3619 1701 3704 quod
1734 3617 1804 3675 in'
1842 3617 1971 3704 pur;

378 3688 623 3776 ἐδὼτμῖ,
686 3710 971 3770 purgentur
1018 3688 1404 3776 vat-iisnptenis
1461 3688 1587 3776 post
1624 3688 1972 3776 lianc-.vitatn

384 3761 442 3833 Et
473 3761 757 3843 antequam
787 3761 1161 3843 resurgamus.
1184 3761 1450 3816 Caeterum
1477 3762 1973 3843 interpretationem

380 3831 538 3904 istam
563 3831 980 3900 teitulliauicnni
1003 3836 1179 3889 facere
1201 3847 1307 3904 pro
1321 3831 1644 3904 purgatione
1667 3833 1970 3904 animarum

379 3902 503 3990 post
533 3916 669 3971 hanc
727 3913 885 3966 vitam
914 3923 943 3962 a
972 3904 1199 3990 modicis
1222 3902 1973 3990 (litiblt‘sqqlltltttidelictis,al-

381 3973 488 4059 aut:
515 3987 634 4059 ideo
663 4000 763 4059 pro
786 3978 1112 4059 purgatorio,
1135 3973 1413 4059 adnotavit
1439 3973 1722 4059 l’atuclius,
1751 3975 1972 4047 adjunc-

383 4043 615 4115 t'isialiis
647 4043 964 4109 testititoniis
987 4050 1042 4105 S.
1075 4046 1346 4119 Cypriani.
1393 4043 1501 4099 Lac
1523 4083 1536 4096 .

457 4130 532 4200 (a)
559 4125 670 4200 Hoc
686 4135 831 4178 estex
861 4120 1020 4200 multa
1041 4114 1284 4200 fructibus
1315 4115 1494 4200 bonan:
1525 4114 1755 4200 arbor-em
1778 4117 1971 4172 intelli-

377 4186 475 4273 gi.‘
499 4186 678 4273 I'rouia
698 4205 796 4259 est,
818 4208 920 4272 qua
945 4190 1082 4273 ridet
1116 4186 1639 4273 interpretationem
1667 4186 1968 4273 II-arpocra-

379 4261 488 4333 Iis;
521 4279 572 4326 et
610 4269 768 4323 etiam
795 4261 1051 4331 aeeipitur
1068 4272 1167 4313 vox
1202 4272 1370 4337 spero,
1399 4271 1519 4325 qua:
1549 4261 1790 4337 sequitur
1816 4300 1829 4317 ,
1874 4274 1969 4326 pro

379 4328 568 4406 linteo;
602 4338 753 4393 sicuti
785 4328 943 4406 supra
977 4346 1080 4385 non
1110 4328 1314 4389 semel;
1353 4338 1614 4406 tanquam
1757 4329 1970 4406 ti_meret

379 4398 456 4471 ne
487 4398 668 4484 posset
716 4398 1041 4475 respondere
1068 4398 1396 4484 argumentis
1448 4398 1753 4484 propositis.
1781 4398 1915 4484 Plut.

459 4468 538 4555 (b)
576 4480 752 4536 Helias
780 4468 944 4555 autem
970 4468 1586 4555 ttoit_exdec£ssi01te,ctc.
1619 4468 1849 4555 tretttetts
1873 4473 1964 4527 lib.
1995 4492 2049 4552 D

385 4556 430 4610 ν
458 4538 577 4625 éa’p.
613 4555 666 4618 7,
697 4550 784 4606 ubi
811 4548 876 4603 de
918 4543 1163 4625 paradiso
1186 4538 1412 4625 inlltldcn
1431 4580 1455 4625 _,
1485 4539 1585 4593 ltoc
1612 4539 1698 4625 de"
1722 4541 1835 4623 Elia
1862 4558 1964 4625 “re-

382 4609 487 4684 I'ert
511 4609 786 4694 acceptum
810 4637 837 4673 a
870 4609 1194 4694 presbyteris
1227 4610 1615 4694 Apostolorqu
1649 4609 1925 4694 discipulis
1951 4655 1967 4682 ,

381 4681 698 4753 translatum
731 4707 850 4746 esse
872 4681 923 4742 in
967 4681 1266 4757 paradisum
1289 4681 1450 4751 justis
1477 4681 1799 4757 ltotninibus
1827 4681 1969 4752 prae?

382 4752 649 4838 paratum,
683 4765 733 4818 in
771 4752 1032 4838 quamet
1088 4754 1279 4838 Paulus
1313 4753 1584 4838 apostolus
1629 4752 1969 4838 adsportatus

380 4824 588 4895 audivit
622 4824 919 4891 sermones
943 4824 1348 4888 inenarrabiles,
1398 4831 1650 4895 quantum
1682 4827 1746 4879 ad
1792 4840 1889 4880 nos
1918 4827 1968 4880 in

380 4908 676 4982 pnesenti;
708 4916 762 4960 et
791 4905 858 4957 ibi
906 4912 1212 4954 mansurum
1253 4910 1419 4975 usque
1448 4894 1512 4946 ad
1551 4897 1969 4982 consummatio-

386 4967 510 5037 iteut
560 4967 739 5035 Smcttli
776 4993 788 5028 :
823 4976 1020 5026 interea
1052 4972 1355 5037 conservari
1386 4967 1772 5033 incorruptum.
1810 4968 1925 5022 llic.

462 5054 537 5125 (ς)
567 5051 671 5125 Sed
699 5044 948 5125 quomodo
974 5036 1438 5125 Ileliastloanttesn?
1462 5037 1722 5125 Similiter
1751 5055 1971 5125 prorsus

386 5104 537 5179 locus
568 5104 722 5175 «bos.
747 5117 1037 5187 Scriptura:
1093 5112 1480 5187 interpretatur
1518 5104 1589 5187 ‘8:
1645 5104 1972 5187 Augustinus

386 5176 620 5251 ξΤῖ-ῌΧιν
650 5176 885 5244 ξηλοαηῖ
909 5201 955 5240 c.
985 5186 1037 5249 l,
1094 5193 1141 5237 et
1168 5183 1204 5236 ι.
1328 5179 1390 5233 de
1438 5176 1708 5246 Trinitate,
1731 5176 1781 5235 ἓ.
1832 5181 1898 5235 14
1928 5179 1969 5253 ]t

375 5245 983 5340 Quiliiaierittrueutribi
1005 5245 1132 5340 legit
1159 5245 1305 5340 illud,
1329 5245 1731 5340 c'oratnd’populo
1750 5294 1797 5340 7,
1829 5245 1972 5340 quod

383 5322 604 5396 auctori
633 5331 858 5404 proinde
887 5322 1154 5404 peculiare
1205 5332 1302 5404 est.
1334 5322 1806 5404 .I’ostcrioriaero
1855 5324 1973 5404 loco

384 5390 548 5475 3.15...
578 5390 961 5473 inicrpretat'ur
983 5396 1221 5475 spiritum
1243 5392 1430 5460 Helice,
1466 5408 1561 5462 pro
1583 5394 1818 5475 spiritum
1856 5390 1975 5475 ﬁlo-

384 5471 478 5544 sei,
502 5481 641 5532 sicut
669 5466 754 5530 hic
776 5478 994 5530 Auctor.
1028 5468 1115 5538 qui
1146 5480 1411 5544 unavoce
1459 5466 1969 5544 translatnutnspirie

387 5535 496 5605 tum
527 5548 688 5604 Mosci
729 5546 891 5607 dicit,
932 5557 997 5596 eo
1032 5535 1173 5609 quod
1218 5538 1414 5592 dicitur
1442 5535 1639 5590 auferri
1682 5552 1712 5590 a
1754 5536 1899 5590 Mose
1923 5543 1977 5589 ct

387 5623 503 5678 dari
534 5622 600 5675 70
632 5616 952 5673 senioribus.
984 5611 1118 5665 I'tut.

458 5677 613 5750 CAP.
637 5684 877 5744 XXXVI.
904 5712 975 5723 --
996 5680 1076 5753 (ιι)
1098 5679 1528 5753 Constitueramus
1549 5677 1844 5753 animantia
1866 5677 1977 5753 ipso

389 5776 435 5819 at
467 5746 658 5835 esi—p30
689 5800 702 5825 ,
725 5770 829 5835 etc“.
866 5756 976 5835 Hoc
998 5746 1151 5835 stium
1181 5751 1507 5835 paradoxum
1535 5750 1719 5831 statuit
1768 5746 1982 5835 Torta]:

390 5819 700 5904 ιιηιιιιδ⁶ρλινξ
759 5830 849 5899 2:5,
877 5828 968 5896 eti,
1011 5827 1099 5895 ’27,
1143 5819 1231 5879 ubi
1272 5821 1497 5876 asseruit
1532 5821 1764 5875 animam
1818 5819 1976 5873 simul

2081 3573 2204 3614 eum
2233 3570 2395 3613 carne
2425 3555 2476 3609 in
2507 3564 2661 3611 utero
2691 3555 3071 3624 proseminari,
3105 3565 3159 3611 et
3204 3572 3268 3612 ex
3299 3556 3517 3614 traduce
3538 3559 3692 3617 Ada-

2083 3630 2369 3701 miomnes
2393 3626 2628 3701 derivari
2672 3626 2879 3701 animas
2907 3642 3002 3697 per
3039 3642 3264 3695 semen,
3307 3629 3451 3701 quod
3493 3647 3693 3689 rursus

2081 3701 2134 3754 in
2158 3699 2260 3755 lioc
2290 3698 2463 3768 capite
2491 3697 2738 3752 inculcat.
2766 3696 2898 3754 Lac.

2151 3788 2717 3864 (e)_P50ptcr_wmulas
2765 3790 2958 3845 scilicet
3002 3791 3286 3864 opiniones
3314 3791 3604 3864 pltilosOpIi.
3642 3806 3695 3849 et

2081 3859 2260 3934 lueret.
2289 3859 2420 3931 Cap.
2453 3860 2546 3934 23,
2574 3869 2859 3934 antequam
2880 3859 3042 3934 suam
3059 3859 3383 3918 sententiam
3408 3862 3476 3919 de
3492 3859 3692 3934 prosc-

2083 3929 2379 4005 minatione
2407 3929 2736 4005 animarum:
2765 3929 2999 4005 ell‘utiret
3023 3975 3038 3998 ,
3092 3936 3361 3990 recensuit
3403 3929 3695 4005 opiniones

2081 4004 2464 4059 haereticorum
2494 4003 2671 4056 varias
2694 4002 2835 4056 circa
2869 4004 3130 4073 originem
3180 4007 3376 4061 anitum
3417 4002 3691 4063 stimulati-

2081 4075 2235 4146 tium,
2265 4073 2634 4146 philosophica
2656 4073 2877 4146 placita,
2919 4076 3151 4130 maxime
3173 4076 3456 4146 platouica,
3487 4093 3692 4133 conce-

2076 4144 2560 4200 dentia'animabus
2587 4145 2848 4214 originem
2872 4144 3283 4209 caelestum—ubi
3304 4147 3543 4203 ostendit
3574 4147 3691 4203 Va-

2078 4216 2372 4289 lentinum,
2405 4216 2776 4289 Saturninum,
2801 4215 3202 4289 Carpocratem,
3249 4218 3490 4289 Apellem
3516 4235 3696 4276 armu-

2075 4287 2157 4343 Ios
2181 4329 2197 4355 ,
2216 4298 2271 4351 et
2301 4286 2593 4355 discipulos
2623 4284 2864 4341 Platonis
2893 4284 3080 4343 fuisse.
3110 4287 3241 4343 Lac.

2149 4376 2389 4449 (l')lllnm
2431 4394 2711 4433 sermonem
2738 4376 2974 4433 Platonis
2994 4390 3328 4436 veternosum.
3361 4382 3475 4437 Non
3528 4394 3695 4440 vocat.

2075 4463 2390 4521 sermonem
2416 4450 2650 4504 Platonis
2678 4460 3044 4515 veternosum,
3068 4453 3210 4521 quod
3241 4452 3441 4509 dixerit
3468 4454 3692 4510 disceu-

2079 4519 2179 4575 tias
2205 4520 2634 4592 reminiscentias
2661 4563 2676 4585 ,
2701 4522 2861 4577 veluti
2884 4519 3155 4592 profect—as
3182 4540 3247 4578 ex
3285 4536 3508 4580 veterno
3533 4541 3689 4580 sou:-

2078 4606 2149 4647 no
2178 4633 2193 4657 ,
2218 4591 2314 4665 sed
2340 4591 2587 4665 alludens
2607 4591 3276 4665 atltveteretnsermonem
3326 4597 3463 4665 apud
3498 4597 3688 4651 Plato-

2081 4678 2203 4737 nem
2221 4662 2288 4737 de
2309 4663 2587 4732 reciproco
2611 4663 2908 4718 animarum
2934 4663 3199 4737 discursu,
3224 4665 3294 4720 de
3316 4662 3424 4737 quo
3444 4682 3566 4735 cap.
3587 4668 3687 4724 ‘28:

2077 4733 2459 4806 qttis_i_llennnc
2497 4745 2636 4806 uetus
2682 4749 2847 4806 sermo
2887 4736 3026 4804 apud
3074 4733 3373 4790 memoriam
3423 4733 3687 4806 Platonis,

2077 4812 2184 4861 etc.
2208 4803 2323 4858 Non
2365 4805 2482 4859 sine
2507 4805 2690 4873 lepore
2717 4804 2849 4859 ludit
2871 4803 3135 4861 vecaliulo
3159 4849 3174 4871 ,
3209 4816 3264 4861 ut
3285 4810 3529 4864 ostendat
3562 4803 3689 4865 ser;

2081 4890 2294 4929 nionem
2323 4875 2470 4929 illum
2499 4886 2731 4931 veterem
2782 4891 2930 4931 tuere
2959 4878 3227 4932 somnium
3257 4920 3273 4943 ,
3323 4889 3378 4932 et
3425 4881 3543 4935 sine
3571 4882 3689 4935 ullo

2080 4946 2305 5020 cerebro
2327 4961 2469 5020 esse,
2500 4956 2553 5000 et
2590 4962 2741 5017 inque
2791 4957 3132 5020 veternosum
3163 4962 3284 5003 esse
3302 4966 3365 5004 ac
3417 4961 3682 5007 veterem.

2081 5019 2348 5072 Arnobius
2375 5018 2585 5088 quoque
2615 5028 2960 5074 veternosum
2987 5018 3124 5073 dixit
3153 5036 3249 5089 pro
3280 5028 3483 5146 veltere,
3516 5022 3611 5077 lib.
3640 5023 3685 5078 ι.

3377 5108 3465 5146 ac.

3377 5108 3465 5148 AC.

2174 5176 2227 5250 g)
2255 5178 2457 5250 Apelles
2500 5195 2601 5234 non
2632 5180 2811 5250 pictor,
2843 5182 2931 5235 sed
2955 5181 3241 5237 litereticus.
3275 5191 3491 5246 Λπξλλης
3516 5227 3529 5250 ,
3566 5184 3694 5241 lati-

2086 5266 2153 5305 ne
2207 5250 2423 5320 Apelles
2475 5259 2531 5305 et
2563 5250 2783 5320 Apella.
2841 5253 3185 5309 Horatius...
3236 5252 3422 5309 Credat
3466 5253 3693 5313 Judwas

2082 5321 2290 5401 Apelta.
2319 5320 2370 5375 Is
2399 5337 2528 5376 vero
2551 5319 2755 5401 for’te‘au
2797 5325 3058 5383 recutitus
3079 5366 3093 5393 ,
3112 5327 3252 5401 quia
3288 5326 3498 5394 judmus
3524 5367 3559 5401 ,_
3587 5329 3689 5384 sed

2081 5393 2266 5462 Apella
2296 5406 2529 5463 grmcum
2564 5402 2645 5466 est
2668 5393 2907 5459 Arrii)“,
2941 5410 3037 5451 nec
3082 5393 3348 5466 significat
3395 5399 3691 5455 recutituut

2082 5474 2440 5557 aut‘vcrputtt.
2459 5464 2675 5557 Apelles
2699 5476 2753 5520 et
2774 5464 3462 5557 ῥιωιειιιᾳιιίὲῑιςιιὶιιιοὼιιη
3488 5469 3692 5557 [fretos

2081 5544 2135 5589 et
2162 5536 2322 5597 l’icta,
2383 5535 2678 5659 [itepltetes
2697 5548 2747 5592 et
2774 5535 3060 5608 Proplié'ta,
3088 5538 3378 5610 Evcrgetcs
3409 5549 3462 5594 et
3508 5535 3692 5598 Ever-

2082 5616 2204 5659 ecta
2226 5647 2239 5659 .
2272 5616 2374 5659 etc.
2462 5621 2530 5659 ιθ.

2119 5616 2239 5671 eia,
2272 5616 2374 5659 etc.
2411 5616 2530 5662 tuo.

2119 5622 2204 5660 cia
2272 5622 2374 5659 etc.
2411 5622 2530 5662 uio.

2082 5622 2113 5676 Β
2156 5647 2240 5748 (Ili
2274 5676 2388 5743 Qua
2433 5676 2591 5748 lineas
2614 5677 2834 5735 duxerit.
2890 5679 3020 5748 Quia
3079 5680 3295 5748 pictoris
3348 5684 3688 5738 mentionem

2087 5747 2246 5823 paulo
2275 5748 2422 5823 prius
2450 5747 2595 5823 fecit,
2620 5751 2782 5823 etiam
2807 5754 2942 5808 lianc
2960 5747 3351 5823 proverbialem
3384 5753 3683 5810 formulam

2084 5818 2151 5874 ab
2174 5818 2277 5873 illis
2297 5818 2613 5892 desumpsit.
2652 5822 2784 5877 Pan.
