4042 6288
426 270 533 328 715

1850 269 2052 329 LIBER
2082 270 2170 329 DE
2210 272 2445 333 ANIMA.

2452 189 2479 219 κ

3613 284 3719 342 7M

422 387 496 444 Ita
523 383 615 473 diu
639 398 767 440 caro
789 384 1030 441 informis
1058 392 1140 441 est
1162 426 1178 452 ,
1208 385 1383 458 qualis
1419 401 1485 442 ex
1527 384 1659 443 Adae
1711 383 1881 442 latere
1917 384 2015 442 de-
2040 387 2091 449 A
2118 401 2147 441 a
2177 402 2284 457 quo
2302 386 2468 444 forma
2493 390 2753 464 completa
2800 400 2900 447 ρει.
2930 392 3036 473 (ιι)
3095 391 3225 449 Nam
3267 399 3323 449 et
3377 394 3575 467 Moysis
3630 398 3716 454 lex

420 468 603 548 cerpta
627 484 711 533 est
743 494 758 544 ;
784 478 982 532 animal
1013 485 1190 534 tamen
1222 487 1277 534 et
1314 479 1426 550 ipsa
1481 478 1613 551 jam,
1644 477 1766 551 quia
1785 488 1840 534 et
1870 476 2014 532 illam

2119 477 2318 548 (Exod.
2347 479 2491 547 XXI,
2517 482 2610 555 22)
2640 494 2763 540 tunc
2797 484 3023 541 aborsus
3094 486 3177 557 (Ξ)
3221 502 3372 543 reum
3429 489 3714 546 talionibus

421 583 549 629 tunc
565 571 695 627 Adae
717 571 1018 641 portionem
1044 571 1329 627 animatam
1358 572 1438 644 (l)
1463 580 1771 643 agnoscant.
1800 569 2018 642 ((1)οω-
2110 570 2335 640 ‘jndieat,
2367 572 2574 643 (e)cum
2598 577 2709 645 jam
2742 575 2975 633 hominis
2999 587 3083 633 est
3111 593 3323 647 caussa,
3356 594 3476 634 cum
3499 581 3611 651 jam
3640 581 3714 636 illi

420 675 592 722 terum
618 705 633 732 ,
690 674 748 719 et
798 664 966 735 ipsam
1016 664 1112 720 Dei
1156 664 1386 721 adflatus
1426 666 1751 731 animasset,
1808 666 1853 719 si
1908 677 2014 719 non

422 766 478 813 ut
513 755 715 824 carnis,
743 755 815 811 ita
843 764 895 812 et
935 755 1130 811 anima:
1154 770 1222 812 ex
1275 755 1445 812 Adam
1490 754 1679 812 tradux
1725 754 1916 811 fuisset
1959 754 2014 810 in

420 849 660 908 ftemina.

948 939 1175 998 CAPUT
1216 940 1479 999 XXXVII.

490 1027 716 1087 Omnem
752 1041 932 1088 autem
959 1032 1191 1089 hominis
1212 1035 1262 1088 in
1287 1043 1440 1091 utero
1467 1032 1681 1092 serendi
1702 1074 1716 1097 ,
1746 1032 2011 1101 struendi,

418 1121 651 1193 fingendi
683 1133 987 1194 paraturam
1013 1125 1190 1194 aliqua
1216 1125 1400 1195 utique
1429 1133 1668 1198 potestas
1696 1124 1892 1180 divinae
1920 1139 2015 1180 vo-

418 1200 638 1267 luntatis
669 1214 916 1270 ministra
945 1216 1255 1271 modulatur
1280 1216 1355 1287 (b)
1388 1257 1403 1282 ,
1445 1231 1783 1288 quacumque
1805 1216 1894 1271 illa
1924 1231 2008 1270 ra-

419 1303 618 1360 tionem
642 1307 844 1378 agitare
863 1308 1072 1362 sortita.
1103 1307 1232 1364 Hme
1251 1308 1588 1371 :eStimando,
1612 1309 1775 1363 etiam
1825 1322 2013 1377 super-

306 1398 567 1454 ”‘stitio
594 1414 816 1455 romana
847 1400 1000 1455 deam
1048 1400 1204 1456 ﬁnxit
1251 1402 1565 1459 Alemonam
1595 1401 1667 1475 (c)
1703 1443 1722 1470 ,
1750 1400 1925 1458 alendi
1956 1401 2009 1457 iu

413 1502 567 1547 utero
595 1490 785 1558 fastus;
818 1491 887 1548 Et
915 1492 1120 1548 Nonam
1140 1502 1194 1549 et
1224 1493 1520 1563 Decimam,
1549 1509 1578 1547 a
1609 1493 2010 1550 sollicitioribus

410 1583 727 1652 mensibus;
761 1592 817 1641 et
840 1584 1137 1653 Partulam,
1166 1600 1285 1658 qua:
1332 1594 1542 1658 partum
1580 1585 1846 1657 gubernet
1892 1602 1907 1649 ;
1955 1594 2012 1641 et

416 1673 673 1732 Lucinam
695 1717 712 1744 ,
751 1692 871 1748 qua:
896 1677 1158 1749 producat
1183 1680 1235 1735 in
1257 1679 1454 1736 lucem.
1476 1677 1587 1735 Nos
1610 1677 1789 1735 officia
1820 1676 2000 1734 divina

407 1766 628 1845 angelos
656 1766 949 1824 credimus.
989 1767 1067 1824 Ex
1093 1784 1162 1826 eo
1189 1768 1350 1842 igitur
1368 1767 1531 1828 foetus
1556 1770 1611 1826 in
1641 1780 1794 1827 utero
1820 1770 2004 1836 homo,

2120 664 2241 720 vita!
2259 673 2313 722 et
2331 668 2516 723 mortis
2535 678 2705 725 status
2725 669 3157 741 deputatur,cnm
3181 682 3237 727 et
3260 672 3490 743 fatojatn
3514 674 3706 730 inscri-

2116 753 2280 824 bitur,
2313 757 2382 830 (1)
2408 760 2506 815 etsi
2533 759 2709 816 adhuc
2734 759 2814 834 (5)
2841 762 2892 816 in
2926 771 3096 817 matre
3134 763 3384 831 vivendo,
3433 781 3554 820 cum
3601 781 3714 821 ma-

2120 856 2201 904 tre
2228 850 2511 921 plurimum
2540 856 2899 911 communicat
2923 865 3146 911 sortem.
3175 856 3356 912 Dicam
3405 858 3604 929 aliquid
3652 870 3708 916 et

2118 937 2189 996 de
2220 943 2550 1010 temporibus
2587 945 2780 1000 anima:
2808 950 3104 1015 nascentis,
3141 956 3199 1002 ut
3225 947 3469 1005 ordinem
3513 951 3707 1007 decur-

2117 1047 2253 1088 ram.
2281 1032 2358 1106 (g)
2379 1034 2638 1106 Legitima
2670 1037 2917 1094 nativitas
2942 1039 3110 1095 ferme
3160 1038 3351 1096 decimi
3401 1044 3602 1097 mensis
3628 1045 3713 1097 in-

2114 1138 2336 1195 gressus
2364 1136 2467 1181 est.
2494 1126 2594 1195 Qui
2626 1143 2877 1184 numeros
2907 1131 3298 1187 ratiocinantur
3325 1174 3340 1197 ,
3371 1142 3426 1186 et
3469 1132 3713 1188 decuria-

2116 1216 2222 1273 Iem
2246 1232 2523 1273 numerurm
2547 1219 2627 1289 (Ιρ)
2655 1228 2711 1275 ιιι
2737 1221 2949 1277 exinde
2970 1222 3299 1294 reliquorum
3328 1236 3600 1295 parentem
3633 1228 3714 1297 (4)

2115 1310 2334 1375 colunt,
2379 1309 2610 1380 denique
2679 1310 3031 1382 perfectorem
3088 1315 3381 1371 nativitatis
3443 1317 3712 1374 human-.e.

2116 1398 2180 1470 (i)
2215 1399 2330 1470 Ego
2374 1396 2441 1455 ad
2475 1401 2641 1457 Deum
2675 1402 2850 1473 petitis
2877 1407 3292 1475 argumentabor
3313 1406 3453 1463 hunc
3494 1410 3710 1467 modum

2115 1490 2394 1560 temporis,
2422 1502 2478 1545 ut
2498 1490 2686 1548 decem
2729 1508 2942 1550 menses
2972 1495 3235 1573 Decalogo
3286 1501 3453 1571 magis
3493 1501 3714 1575 inaugu-
3752 1540 3767 1570 ,

2116 1590 2237 1638 rent
2266 1581 2561 1649 hominem,
2602 1592 2660 1639 ut
2684 1592 2832 1640 tanto
2861 1588 3120 1658 temporis
3147 1605 3374 1646 numero
3404 1608 3710 1660 nascamur,
3745 1577 3752 1584 ’

2113 1684 2314 1743 quanto
2362 1673 2658 1745 disciplina:
2706 1690 2934 1732 numero
2986 1678 3341 1736 renascimur.
3389 1680 3459 1752 (Ι)
3508 1683 3613 1740 Sed
3659 1697 3716 1742 et

2114 1778 2236 1818 cum
2296 1765 2528 1835 septimo
2598 1780 2785 1823 mense
2854 1768 3101 1826 nativitas
3181 1770 3262 1843 (5)
3334 1772 3489 1843 plena
3579 1786 3663 1833 est
3695 1822 3711 1848 ,

1617 1881 2001 1941 LECTIONES
2036 1875 2454 1935 VARIANTES.
2588 1889 2596 1893 ‘
3159 1889 3176 1919 ν

496 1992 540 2063 ι)
567 1992 753 2063 Animal
777 1997 921 2063 Pam.
948 1995 1101 2050 Itlten.
1125 2000 1336 2050 animam
1359 1996 1468 2050 cod.
1490 1996 1739 2063 Agobard.

466 1990 546 2183 Et?
567 1992 753 2044 Animal
777 1997 921 2046 Pam.
948 2001 962 2050 1

492 2056 523 2106 Ξ
570 2057 788 2108 (tborsus
809 2059 962 2110 Frun.

494 2120 523 2168 3
569 2116 632 2169 Et
647 2121 718 2170 sic
741 2120 899 2173 adhuc
921 2135 962 2172 ei

494 2116 546 2175 5)
569 2116 632 2169 Ει
647 2121 718 2170 sic
741 2120 899 2173 adhuc
921 2135 1032 2173 cum
1047 2125 1169 2175 Jun.

2030 1997 2080 2060 Β
2169 1990 2250 2122 (4))
2265 1961 2535 2066 Ραιιᾳιιίιιιι)
2558 1993 2702 2063 Pam.
2725 1990 2878 2046 Rhea.
2899 1996 3050 2048 sant.

2199 2056 2231 2105 ὃ
2276 2054 2553 2106 Nativrtatts
2573 2060 2683 2120 Rtg.
2718 2065 2831 2108 Ven.

2199 2052 2250 2119 5)
2276 2054 2553 2106 Nativitatis
2573 2052 2683 2120 Rig.
2718 2065 2831 2108 Ven.

1720 2227 2279 2290 COMﬂENTARIUS.

479 2344 556 2420 (ει)
576 2345 851 2423 pictarum,
874 2359 920 2423 et
970 2351 1134 2423 ipsam
1173 2351 1255 2407 dei
1282 2422 1285 2423 ν
1314 2350 1539 2422 adflatus
1579 2349 1871 2423 anintasset.
1921 2350 2001 2423 Ad

404 2419 552 2476 hunc
576 2419 753 2475 locum
806 2419 1019 2493 videtur
1059 2419 1392 2493 respondere
1435 2424 1659 2493 August.
1702 2421 1794 2476 lib.
1855 2423 1879 2476 l
1930 2422 1999 2478 de

405 2492 587 2546 anima
617 2505 775 2563 ,_cum
804 2492 878 2546 ait
907 2509 920 2545 :
955 2511 974 2544 ι
1002 2494 1101 2562 Qui
1127 2492 1472 2563 propaginem
1513 2492 1767 2547 adserunt
1795 2493 2000 2548 anima-

410 2581 432 2614 ι
471 2576 610 2625 rum,
642 2561 766 2617 hinc
792 2578 852 2619 se
878 2561 1063 2634 putant
1083 2561 1331 2618 invictius
1358 2578 1508 2618 suam
1546 2563 1755 2619 munire
1780 2573 1996 2618 senten-

409 2651 430 2685 ι
468 2635 617 2704 tiam,
646 2636 767 2703 quia
785 2648 904 2689 eum
922 2637 1175 2704 scriptum
1202 2634 1267 2688 sit
1286 2634 1583 2689 detraxisse
1603 2634 1766 2688 Deum
1794 2646 1996 2689 costam

409 2722 431 2754 ι
471 2705 539 2759 de
567 2703 733 2775 latere
763 2706 883 2772 viri,
917 2703 1142 2775 eamque
1163 2705 1465 2760 aedificasse
1494 2705 1544 2758 in
1566 2704 1870 2770 mulierem,
1896 2721 2001 2759 non

408 2793 434 2826 ι
466 2784 553 2831 est
581 2774 839 2840 additum,
869 2776 1009 2844 quod
1053 2774 1103 2831 in
1154 2777 1269 2846 ejus
1298 2776 1484 2829 faciem
1511 2775 1802 2829 sufflavcrit
1835 2776 1994 2846 spiri-

416 2865 439 2899 σ
479 2855 589 2900 ιιιιιι
621 2846 743 2900 vitae
771 2887 787 2908 ,
814 2847 955 2913 ideo,
991 2844 1266 2912 inquiunt,
1310 2847 1433 2916 quia
1459 2846 1526 2900 de
1552 2846 1668 2916 viro
1688 2846 1797 2912 jam
1825 2844 1998 2900 fuerat

409 2935 448 2988 si
470 2921 759 2970 animata.»
789 2916 890 2972 Pro
914 2935 1019 2988 quo
1044 2915 1380 2972 dixitauctor
1407 2915 1634 2970 :unimal
1647 2917 1761 2985 jam
1790 2926 1836 2970 et
1860 2919 1993 2987 ipsa.

401 2987 605 3042 Verum
624 2987 1069 3056 respondet,’nihil
1095 3004 1188 3057 per
1206 2989 1306 3043 hoc
1317 3002 1502 3043 eorum
1516 2988 1832 3057 sententiam
1845 2990 1998 3052 adiu-

402 3058 519 3130 vari
550 3077 561 3111 :
598 3077 616 3109 ι
650 3055 907 3130 δὶίθιιίιη,
939 3055 1130 3128 inquii.
1175 3058 1430 3130 scriptum
1451 3065 1594 3130 esset
1622 3098 1638 3123 ,
1699 3055 1997 3130 [mnf/lavit

408 3146 431 3181 α
479 3129 657 3197 [latum
683 3129 797 3183 vitta
820 3129 873 3182 in
913 3127 1093 3198 faciem
1121 3129 1374 3195 mulieris,
1428 3143 1530 3184 nee
1553 3127 1630 3182 sic
1653 3138 1796 3184 esset
1813 3127 2005 3185 cense-

411 3218 431 3251 s
480 3214 673 3270 quens,
705 3210 763 3253 ut
791 3216 897 3271 non
924 3209 1309 3271 propagaretur
1353 3215 1418 3254 ex
1450 3199 1760 3271 parentibus
1785 3201 1961 3271 anima
1984 3242 1999 3266 ,

410 3288 432 3321 ι
481 3269 581 3324 nisi
608 3271 768 3325 etiam
789 3269 858 3326 de
881 3269 992 3326 filio
1029 3269 1132 3325 hoc
1166 3271 1420 3340 scriptum
1464 3270 1815 3337 reperiretur.
1867 3270 2001 3340 Quia

410 3359 434 3393 ι
482 3356 611 3396 vero
659 3341 875 3466 tagilum
920 3355 1024 3408 est,
1056 3357 1161 3396 non
1222 3351 1469 3413 negatum
1527 3354 1701 3411 neque
1752 3341 2003 3397 adfirma-

418 3431 439 3464 ι
490 3421 620 3466 ιυιιι.
660 3430 678 3464 ι
755 3428 847 3466 an.

418 3431 439 3464 ι
490 3421 620 3467 ιυιιι.
660 3430 678 3464 ι
712 3421 847 3467 ΡΑιι.

479 3481 931 3555 ΟΑΡεΧΧΧνΙῐ.
957 3515 1030 3525 -
1049 3482 1131 3555 (Ii)
1157 3483 1342 3555 Aliqua
1358 3482 1535 3555 utique
1551 3490 1771 3555 potestas
1820 3481 2006 3538 divinae

404 3554 682 3608 voluntatis
709 3555 940 3609 ministra
965 3552 1277 3609 modulatur.
1311 3552 1455 3624 Qute
1494 3553 1565 3608 sit
1608 3552 1726 3609 hanc
1766 3563 2005 3624 potestas

404 3626 569 3696 patilo
587 3635 776 3696 postes
787 3625 966 3694 plicat.
982 3640 1101 3680 cum
1118 3626 1271 3680 dicit:
1292 3623 1403 3679 Nos
1424 3624 1598 3696 ofﬁcia
1609 3623 1781 3678 divina
1803 3623 1877 3695 (id
1898 3635 2000 3690 est,

406 3693 605 3766 phrasi:
622 3693 1133 3766 jureeonsultorum,
1163 3696 1434 3766 ministros
1453 3693 1568 3765 Dei)
1591 3693 1818 3765 angelos
1841 3698 2005 3751 credi.

405 3765 545 3819 inus.
569 3765 716 3820 Facit
744 3768 1081 3837 itaquelocns
1100 3766 1275 3821 iStead
1297 3765 1757 3837 confirmationem
1781 3766 2002 3836 dogma-

407 3837 481 3891 tis
499 3836 745 3891 catbolici
774 3835 846 3892 de
863 3837 1067 3908 angelis
1082 3835 1661 3908 peculiaritmghomini
1699 3835 1890 3908 cuique
1918 3837 2006 3893 de-

407 3910 630 3989 putatis,
659 3908 733 3989 _d_e
754 3905 1064 3989 qui-busiest
1086 3905 1303 3989 elegans
1327 3907 1383 3962 Β.
1410 3905 1721 3978 Hieronymi
1740 3909 2003 3989 sententia

405 3977 464 4035 in
495 3978 625 4049 illud
651 3977 801 4033 Matt.
833 3978 998 4034 XVIII
1027 3998 1040 4033 :
1080 3978 1259 4049 Augeli
1293 3994 1467 4031 eorum
1508 3992 1706 4044 semper
1735 3979 1900 4031 vident
1925 3979 2007 4048 [a-

405 4050 538 4102 ciem
565 4047 739 4104 Patris
760 4051 857 4103 mei
887 4069 901 4103 :
956 4068 976 4101 ι
1023 4047 1231 4120 Magna,
1265 4049 1433 4119 inquit
1466 4090 1481 4113 ,
1514 4048 1743 4116 dignitas
1795 4049 2004 4120 anima-

412 4138 435 4171 ι
470 4135 611 4186 ΙἸΙΙῘΙ,
636 4130 693 4174 ιιι
720 4136 1047 4192 unaquaque
1077 4120 1352 4192 liabeatah
1375 4127 1492 4173 ortu
1519 4119 1878 4192 nativitatisin
1907 4135 2002 4173 cu-

414 4208 436 4241 σ
470 4191 698 4245 stodiam
731 4193 811 4246 sui
842 4189 1087 4263 angelum
1114 4191 1445 4263 deputatum.
1486 4207 1502 4240 I
1525 4189 1807 4263 Deiisdeiu
1832 4199 2007 4245 exsrat

403 4273 600 4333 quaest.
636 4264 706 4318 50
734 4263 870 4331 apud
897 4260 1093 4318 Institi.
1126 4271 1345 4333 martyr.
1378 4262 1473 4333 lib.
1502 4260 1780 4333 Qngest._e_t
1799 4278 1958 4333 __r_e_s_p.
1985 4279 2000 4326 ;

409 4330 462 4386 et
490 4331 716 4399 idipsnm
738 4330 1019 4387 adfirmant
1065 4333 1166 4387 BB.
1224 4330 1456 4386 Hilarius
1494 4332 1545 4385 in
1578 4330 1666 4385 Ps.
1696 4330 1960 4386 CXXXIII
1990 4373 2003 4395 ,

406 4401 638 4457 Basilius
683 4405 735 4456 in
765 4402 856 4458 Ps.
884 4403 1090 4459 XLVIII
1116 4413 1170 4458 et
1197 4403 1342 4466 alibi,
1396 4403 1726 4471 AuguSIinus
1753 4404 1804 4457 in
1859 4401 2005 4456 Soli-

406 4477 516 4553 toq.
547 4489 594 4554 c.
743 4474 950 4559 lEodem
983 4475 1218 4559 pertinet.
1244 4473 1383 4559 (laud
1411 4473 1608 4559 miniter.
1626 4473 2003 4559 opera‘BLy-
2031 4499 2082 4559 D

407 4544 606 4613 priani,
635 4545 862 4615 I’rofogo
884 4542 1063 4614 operis
1090 4546 1150 4599 tle
1179 4544 1388 4599 Car-diu.
1418 4542 1614 4615 Christi
1637 4542 1886 4613 oneribus
1908 4542 2000 4615 νοτ

407 4624 601 4686 geritur
621 4613 812 4686 Angeli
835 4613 1020 4670 salutis
1056 4629 1254 4686 nostra:
1305 4613 1715 4686 ministeriales.
1749 4622 1806 4668 et
1857 4614 1999 4685 quod

408 4683 641 4757 Rufinus
666 4683 726 4740 iii
740 4684 1073 4755 Expositione
1100 4685 1329 4757 Symboli
1350 4685 1572 4752 scribit,
1599 4685 1668 4738 ab
1695 4686 1847 4740 initio
1868 4683 2003 4754 pra:-

408 4756 579 4811 lectas
602 4757 856 4827 quasdam
886 4756 1463 4812 virtutumeuzlestium
1510 4764 1802 4825 potestates
1833 4797 1849 4820 ,
1879 4757 1999 4827 qui-

408 4827 514 4881 bus
529 4825 802 4897 regeretur
826 4837 878 4883 ct
904 4828 1304 4898 dispensaretnr
1331 4828 1630 4898 mortalium
1650 4841 1838 4898 genus.
1875 4825 2004 4882 Vide

412 4897 576 4968 etiam
598 4896 906 4968 Origcnem,
937 4896 1095 4954 Ilum.
1127 4900 1196 4954 15
1216 4914 1285 4953 ou
1310 4898 1380 4954 '55
1409 4901 1463 4952 in
1510 4896 1639 4952 an.
1662 4896 1727 4953 et
1765 4897 1902 4952 hom.
1936 4899 1998 4953 II

409 4966 466 5020 in
486 4965 759 5024 Numeros.
791 4969 927 5023 Pan.
1272 4974 1275 4975 ⁷

489 5036 562 5110 (c)
591 5039 763 5095 Etiam
785 5056 1000 5094 romana
1019 5040 1304 5110 superstitio
1319 5039 1466 5110 deam
1492 5039 1644 5110 ﬁnxit
1683 5038 2002 5094 Alcmenam.

415 5108 505 5183 De
522 5108 777 5167 Alemona
796 5110 920 5183 gvide
943 5108 1256 5183 Gyraldnm,
1281 5110 1345 5165 de
1369 5108 1485 5183 Diis
1506 5108 1761 5183 Gentium.
1788 5110 1862 5165 De
1887 5110 2008 5183 aliis

412 5178 582 5249 tribus
627 5182 808 5249 (sicuti
857 5178 1016 5238 etiam
1063 5192 1188 5236 ante
1251 5197 1337 5237 me
1379 5181 1648 5235 adnotavit
1704 5179 2005 5245 Turnebus,

414 5247 554 5324 Adv.
583 5247 669 5308 lib.
696 5250 886 5324 XVIII,
916 5269 963 5324 c.
988 5252 1101 5324 34),
1134 5253 1188 5306 in
1216 5251 1329 5306 hinc
1360 5253 1523 5306 verba
1539 5251 1750 5324 Gellius
1774 5268 1788 5305 ;
1818 5270 1861 5324 _o_
1883 5251 2008 5306 Duae

419 5343 439 5377 ι
488 5323 669 5381 Parca:
696 5342 724 5378 ιι
756 5323 961 5379 Latinis
982 5366 995 5389 ,
1028 5320 1130 5377 una
1180 5338 1208 5376 a
1243 5332 1392 5392 partu
1426 5322 1551 5376 noni
1580 5320 1779 5377 mensis
1816 5321 1963 5377 Nona
1991 5364 2006 5389 ,

420 5413 441 5448 ι
488 5395 653 5450 altera
681 5399 750 5449 ab
793 5396 950 5450 enim
972 5394 1166 5449 decimi
1220 5395 1420 5448 mensis
1450 5392 1671 5447 Decima
1710 5393 2008 5449 dicebatur.

421 5487 441 5521 ι
480 5467 781 5523 Accedebat
829 5466 1005 5532 tertia,
1038 5481 1156 5535 qua:
1187 5464 1348 5519 Parca
1378 5464 1674 5535 dicebatur.
1692 5463 1855 5535 quasi
1878 5463 2013 5517 l’ur-

421 5558 442 5591 ι
483 5548 534 5590 ta
560 5577 578 5605 ,
602 5545 846 5593 mutatot
880 5536 930 5588 in
956 5552 1006 5594 ο,
1037 5533 1068 5587 ί
1088 5537 1215 5591 Eam
1244 5535 1329 5589 hic
1354 5534 1793 5605 autorPartnlam
1819 5533 2009 5605 'tfoeat,

413 5603 573 5734 93mg
581 5617 787 5676 partum
808 5608 1089 5677 gubernet.
1122 5607 1286 5662 I’orro
1302 5606 1371 5661 de
1386 5607 1585 5661 Lucina
1609 5604 1749 5660 infra
1774 5603 1934 5660 latius
1960 5620 2010 5658 c.

413 5698 450 5734 ο
494 5722 507 5734 .
576 5695 667 5734 an.

413 5680 507 5736 39.
533 5680 667 5735 Pu.

490 5750 568 5877 (ὁ)
600 5749 741 5804 Nam
768 5759 815 5804 et
840 5749 1035 5820 Moysis
1055 5748 1138 5803 (ea:
1175 5757 1292 5803 tunc
1311 5747 1519 5804 aborsus
1540 5763 1719 5812 reum,
1776 5743 2015 5817 etc.gLex

490 5837 511 5877 ι
563 5821 774 5877 labetur
796 5820 965 5876 Exodi
990 5819 1080 5877 21.
1107 5823 1253 5877 iusta
1283 5818 1446 5876 LXX.
1507 5820 1789 5877 Decretum
1831 5826 2015 5874 autem

414 5818 511 5881 illa
544 5818 774 5879 habetur
796 5818 965 5876 Exodi
990 5819 1080 5885 21,
1106 5823 1253 5890 juxta
1283 5818 1446 5876 LXX.
1507 5820 1789 5877 Decretum
1831 5826 2017 5874 autem

856 5919 1293 5981 Temenum
1349 5916 1400 5979 Ι.

2104 2346 2284 2429 ibiest
2309 2387 2325 2411 ,
2357 2355 2416 2429 ut
2441 2344 2485 2401 si
2515 2344 2634 2429 quis
2660 2344 3319 2429 mulieremprrcgnantem
3351 2362 3700 2429 percusserit,

2102 2420 2145 2474 si
2178 2418 2354 2489 infans
2378 2419 2629 2489 ﬁguratus
2658 2434 2762 2471 nam
2803 2417 3002 2481 fuerit.
3037 2417 3159 2477 reus
3209 2424 3311 2479 erit
3333 2417 3387 2480 et
3414 2417 3699 2489 damnatus,

2100 2488 2394 2545 secundum
2419 2487 2513 2541 viri
2547 2487 2687 2569 illius
2719 2489 2959 2572 mulieris
2986 2491 3465 2572 voluntatenkcum
3496 2518 3600 2572 quo
3630 2487 3698 2557 Ii:

2102 2569 2208 2632 tem
2235 2569 2557 2632 componet;
2585 2558 2627 2612 si
2652 2573 2780 2632 uero
2805 2560 3056 2630 ﬁguratus
3078 2562 3237 2619 fuerit
3266 2558 3460 2632 infans.
3488 2558 3590 2628 Iioe
3615 2585 3702 2629 est

2101 2629 2556 2692 animatus,dabit
2594 2629 2826 2684 animum
2849 2629 2955 2700 pro
2988 2632 3164 2688 anima
3200 2652 3214 2690 :
3246 2652 3370 2692 reus
3416 2629 3558 2696 enim
3604 2645 3708 2700 erit

2102 2700 2397 2784 homicidii.
2430 2700 2669 2784 Aborsns
2698 2712 2878 2784 autem
2907 2701 3118 2784 dicitur
3126 2706 3277 2773 juxta
3306 2711 3565 2779 quosdam
3590 2716 3703 2784 pri-

2101 2774 2202 2826 mis
2225 2771 2601 2842 praaguationis
2620 2771 2898 2842 mensibus
2919 2813 2934 2838 ,
2967 2771 3190 2831 abortus
3218 2771 3344 2832 vero
3365 2795 3487 2836 eum
3517 2771 3667 2840 imini
3683 2818 3697 2827 -
3714 2791 3727 2794 ’

2102 2853 2193 2898 net
2221 2840 2577 2910 puerperium.
2625 2841 2703 2896 Ls
2743 2840 2840 2896 Pu.

2170 2914 2419 2986 (etcum
2432 2913 2547 2986 jam
2572 2912 2789 2986 nominis
2832 2922 2905 2986 est
2952 2931 3150 2971 caussa.
3182 2917 3299 2973 Iloc
3324 2929 3428 2986 est,
3468 2922 3705 2983 hominis

2098 2981 2385 3054 appellatio
2412 2993 2467 3061 et
2493 2982 2693 3061 titulus.
2717 2981 2835 3037 Jam
2864 2982 3092 3061 formato
3113 2981 3491 3061 Rauennam
3513 2981 3698 3061 tgulas;

2107 3052 2339 3123 etapium),
2364 3064 2422 3108 ut
2441 3053 2551 3122 jam
2580 3052 2739 3106 homo
2765 3056 2970 3109 censeri
3003 3056 3215 3112 (ICbefIl.
3241 3059 3374 3114 Nam
3404 3052 3556 3119 utaut
3579 3067 3705 3124 Ilie-

2108 3140 2364 3204 ronynms
2390 3125 2457 3204 ad
2484 3124 2772 3204 Algasiam,
2800 3134 2986 3204 quiest.
3010 3128 3044 3181 4
3084 3144 3098 3180 :
3122 3126 3341 3185 Tamdiu
3363 3150 3465 3188 non
3489 3149 3701 3204 reputa-

2106 3206 2188 3274 tur
2208 3195 2379 3262 hoino,
2411 3195 2569 3274 donec
2591 3196 2834 3274 elgnerita
2860 3200 3076 3266 confusu
3117 3215 3237 3255 suos
3266 3204 3510 3274 imagines
3538 3195 3700 3264 inem-

2105 3267 2292 3337 braqne
2318 3268 2617 3337 suscipiant.
2650 3264 2765 3321 Illa.

2179 3337 2242 3408 (f)
2273 3337 2388 3392 Etsi
2413 3337 2662 3418 adliucin
2697 3338 3124 3418 matreﬂvivendo,
3155 3356 3270 3395 cum
3315 3354 3483 3418 matre
3527 3348 3698 3418 pluri-

2104 3406 2242 3485 mum
2265 3408 2599 3463 communicat
2619 3415 2822 3461 sortem.
2852 3406 2967 3463 Hoc
2997 3408 3155 3485 habet
3178 3426 3246 3465 ex
3295 3406 3574 3485 disciplina
3600 3420 3697 3476 .Iu-

2107 3482 2179 3534 ris
2204 3521 2217 3540 ,
2257 3496 2376 3550 qua:
2407 3488 2616 3557 partum
2646 3488 2946 3557 antequam
2978 3481 3469 3557 edatur,_rnul_ieris
3498 3493 3700 3557 portio-

2108 3566 2231 3624 ηοω
2250 3548 2372 3624 βεδε
2396 3548 2470 3624 τῇ(
2496 3550 2580 3604 vel
2612 3548 2898 3624 viscerum.
2931 3549 2970 3604 l.
3002 3554 3058 3624 1.Δ
3084 3550 3157 3624 De
3198 3551 3393 3624 inspic.
3423 3548 3543 3615 ven.
3576 3560 3697 3618 th.

2187 3622 2269 3699 (g_)
2296 3619 2547 3699 Legitima
2577 3619 2996 3699 natitit_as_fer_r_ne
3024 3621 3206 3699 decimi
3230 3619 3415 3699 nténsis
3444 3629 3701 3699 ingressus

2106 3688 2341 3768 esthtsi
2368 3688 2546 3747 nonus
2590 3691 2790 3768 mensis
2815 3688 2976 3745 hodie
3023 3692 3278 3760 partubus
3319 3688 3600 3768 trihnai'ur,
3631 3703 3696 3756 il-

2108 3764 2197 3818 lud
2228 3773 2404 3819 tamen
2459 3765 2734 3838 consentit.
2780 3773 3164 3838 eum_\'eteri_nn
3207 3766 3406 3835 regulis
3430 3772 3517 3838 qui
3551 3764 3699 3828 deci-

2108 3850 2253 3888 mum
2286 3831 2866 3888 mensemslatnebant.
2897 3832 3182 3889 Turnebus
3210 3831 3394 3891 no'ster
3420 3831 3548 3895 illud
3577 3845 3699 3898 ideo

2110 3905 2220 3984 fieri
2239 3904 2313 3957 ait
2336 3946 2352 3970 ,
2385 3905 2507 3975 quia
2540 3903 2812 3984 breviores
2835 3913 3249 3984 erant'veteruni
3279 3922 3512 3975 menses,
3543 3922 3699 3984 utpo-

2110 3985 2161 4028 te
2192 3972 2438 4038 Iunares,
2472 3972 2639 4028 nostri
2669 3988 2795 4026 vero
2820 3973 2884 4025 ad
2912 3974 3041 4028 solis
3071 3985 3272 4030 motum
3303 3972 3695 4040 accommodati

2107 4055 2264 4110 sunt,
2297 4056 2526 4114 suntque
2575 4043 2710 4097 adeo
2753 4043 3037 4115 longiores.
3093 4046 3247 4115 Apmf
3291 4047 3696 4111 Jureconsnltos

2109 4115 2299 4170 decimi
2326 4116 2524 4171 mensis
2552 4122 2734 4183 partus
2761 4114 3029 4182 legitimus
3056 4114 3300 4173 habetur.
3331 4120 3511 4178 Potest
3535 4126 3676 4180 etinu

2112 4188 2283 4261 Inertis
2305 4187 2508 4240 institui
2539 4200 2704 4252 nepos
2733 4199 2797 4239 ex
2821 4184 2931 4238 filio
2958 4192 3189 4250 mortuo,
3214 4191 3299 4243 vel
3319 4194 3513 4261 neptis,
3535 4198 3694 4251 modo

2110 4255 2317 4312 decium
2354 4270 2540 4327 niense
2586 4263 2837 4327 nascalur
2866 4270 2895 4308 a
2943 4266 3115 4311 morte
3153 4261 3318 4327 patris
3347 4255 3411 4317 ei
3446 4255 3694 4322 l.'Calltt5

2108 4328 2200 4393 29,
2228 4326 2295 4381 ι).
2328 4326 2391 4381 tle
2413 4325 2707 4387 liberis;ch
2733 4324 3030 4380 Post/tumis
3049 4324 3241 4382 nterea.
3281 4332 3402 4387 inst.
3428 4334 3464 4387 i.
3497 4337 3595 4390 ult.
3626 4339 3667 4392 (ἱ

2110 4399 2391 4472 depastum.
2417 4399 2544 4472 I’ost
2569 4397 2754 4472 decem
2779 4412 3000 4472 nienses
3026 4396 3077 4472 id
3121 4400 3233 4453 lieri
3267 4418 3370 4456 non
3405 4413 3596 4472 potest,
3629 4425 3694 4465 e.\

2110 4468 2148 4521 l.
2174 4465 2228 4523 6.
2258 4474 2321 4542 de
2343 4469 2406 4522 iis
2419 4469 2504 4538 qui
2519 4477 2635 4520 sunt
2656 4466 2755 4542 sui.
2778 4465 2924 4542 Licet
2944 4468 3220 4542 scripserit
3233 4465 3490 4542 Angelius
3502 4465 3696 4532 Adria-

2110 4537 2639 4618 num_imperatorem
2666 4537 2972 4618 decrevisse
2997 4538 3264 4595 undecimi
3317 4537 3517 4601 infensis
3573 4563 3697 4618 par-

2105 4619 2215 4665 tum
2243 4609 2541 4680 legitimum
2568 4622 2708 4664 esse.
2737 4607 2814 4663 LE
2858 4607 2956 4663 Pu.

2177 4679 2257 4751 (Ιι)
2288 4677 2607 4734 Decuriulem
2636 4695 2918 4734 numerum.
2950 4677 3235 4747 Decurialis
3257 4698 3394 4740 nove
3436 4686 3505 4741 ab
3553 4688 3694 4746 Anc-

2109 4759 2225 4829 tore.
2258 4766 2354 4821 pro
2381 4751 2601 4829 denario
2635 4752 3320 4829 numeroaccipitur._lluc
3348 4765 3525 4829 autem
3572 4775 3695 4829 per-

2109 4824 2238 4898 tinet
2259 4820 2404 4892 quod
2429 4821 2796 4898 Athenagoras
2820 4820 3127 4898 (Oratalpro
3160 4823 3477 4898 ,C/tristian.)
3535 4820 3696 4888 decc-

2109 4893 2315 4972 narium
2350 4909 2631 4972 numerum
2660 4894 2948 4972 maximum
2980 4892 3138 4972 dicat.
3164 4892 3467 4972 secundum
3493 4899 3661 4972 Pytha
3681 4932 3695 4942 -

2107 4966 2342 5035 gorieos,
2374 4966 2465 5034 qui
2492 4974 2544 5019 et
2561 4963 2932 5035 quaternarius
2955 4966 3042 5029 sit,
3087 4976 3139 5020 et
3167 4976 3277 5021 tum
3296 4963 3693 5028 aritlnueiicum

2111 5032 2416 5100 uulnerum,
2440 5046 2549 5089 tum
2566 5032 2784 5089 musica:
2798 5032 3125 5091 harmonieae
3143 5045 3200 5091 ut
3219 5049 3514 5094 concentus
3529 5043 3697 5098 ratio-

2112 5107 2196 5182 nis
2222 5106 2627 5175 complectatur.
2658 5104 2910 5182 Contittel.
2951 5107 3093 5159 enim
3139 5110 3454 5182 uulnerandi
3498 5125 3695 5182 genera

2112 5173 2388 5251 uniuersa,
2422 5189 2763 5251 numerorum
2781 5180 2865 5229 est
2882 5173 3000 5251 fons
3028 5184 3081 5229 et
3099 5178 3436 5251 principium,
3468 5173 3532 5236 ei
3565 5198 3694 5249 uno,

2113 5248 2344 5307 duobus,
2373 5246 2562 5310 trilms,
2591 5256 2645 5299 et
2674 5244 3018 5313 quaternario
3042 5244 3313 5303 constans.
3346 5244 3484 5305 ΡΑιι.

2190 5318 2252 5443 (2
2289 5315 2399 5386 Ego
2426 5316 2494 5368 ad
2542 5317 2701 5367 Deum
2748 5314 2913 5382 potius
2963 5318 3370 5385 argumentubor.
3419 5321 3701 5392 Ingeniose

2191 5391 2203 5443 i
2247 5406 2327 5440 ent
2357 5428 2371 5443 .
2418 5385 2512 5440 sed
2541 5385 2974 5443 superstitionem
3003 5390 3469 5443 superstitionibus
3521 5400 3699 5443 revin-

2114 5385 2371 5460 quidem,
2418 5385 2512 5440 sed
2541 5385 2974 5454 superstitionem
3003 5385 3699 5455 superstitionibus'revin-

2116 5459 2209 5515 cit.
2242 5459 2364 5514 Rto.
3252 5480 3287 5519 ο
3611 5488 3627 5502 .

2193 5531 2258 5600 (j)
2287 5526 2411 5601 Sed;
2436 5536 2480 5581 et
2507 5542 2623 5579 cum
2661 5523 2872 5595 septimo
2892 5540 3076 5601 mense.
3118 5526 3489 5596 Septimestris
3516 5544 3704 5601 partus

2116 5596 2253 5656 adeo
2270 5599 2540 5670 legitimus
2561 5606 2650 5670 est
2672 5607 2729 5650 ut
2753 5596 2909 5670 ntatri
2934 5597 3129 5670 prosit,
3152 5613 3272 5670 cum
3301 5601 3371 5654 sit
3398 5596 3537 5669 pleni
3569 5614 3703 5661 tem-

2117 5672 2266 5742 poris
2295 5666 2355 5726 II.
2381 5670 2613 5742 septimo.
2634 5667 2695 5742 D_.
2726 5666 2789 5742 de
2808 5675 2906 5720 stat
2931 5666 3048 5719 bon.
3078 5668 3189 5736 Qua
3239 5667 3306 5723 de
3354 5666 3540 5742 caussa
3571 5678 3707 5730 nui-

2118 5736 2335 5797 inestris
2362 5736 2467 5795 non
2497 5738 2637 5793 idem
2666 5736 2825 5793 faciat
2878 5746 3062 5807 partus
3094 5780 3107 5802 ,
3159 5739 3445 5806 septenarii
3492 5750 3705 5801 numeri

2120 5813 2304 5870 virtuti
2332 5808 2672 5868 tribuendum
2690 5819 2916 5866 censent
2942 5808 3180 5877 quidam;
3212 5808 3307 5864 sed
3335 5807 3581 5866 adeunda
3602 5819 3710 5872 erit

2874 5901 2896 5984 (
2914 5902 3337 5984 νέηαι-(νοῶ.)

3660 5998 3729 6032 ἐκ
