4042 6288
444 227 548 282 715

439 450 543 505 quo
598 431 678 505 (Ι)
733 434 817 488 die
867 430 1106 486 dedicata
1150 438 1232 484 est
1279 427 1360 499 (2)
1409 426 1498 481 Dei
1548 425 1803 490 conditio,
1849 439 1915 481 eo
1952 424 2032 496 (5)

443 543 626 583 mense
663 524 926 580 interdum
980 521 1303 590 producatur
1348 519 1440 574 Dei
1489 516 2032 588 imago.Concessum

447 630 529 675 est
574 632 861 687 properare
900 614 1159 670 nativitati
1187 654 1200 677 ,
1252 622 1306 667 et
1356 620 1463 665 tam
1512 609 1704 663 idonee
1747 622 2036 664 occurrere

444 713 494 764 in
527 708 938 768 bebtlomadem,
980 706 1032 760 in
1083 703 1313 774 auspicia
1367 699 1771 757 resurrectionis
1799 742 1813 765 ,
1844 710 1899 755 et
1942 714 2034 756 re-

436 803 631 873 quietis
649 812 702 857 et
728 802 895 872 regni.
921 799 1045 855 Ideo
1070 797 1148 871 (α)
1171 798 1368 868 ogdoas
1413 810 1509 849 nos
1548 803 1860 849 noncreat:
1912 803 2037 849 tunc

440 897 581 949 enim
633 895 831 963 mtptltt:
878 907 993 963 non
1057 899 1233 945 erunt.
1290 889 1612 945 Societatem
1669 886 1846 942 carnis
1875 896 2035 957 atque

437 991 631 1040 anima:
652 985 964 1057 jamdudum
989 981 1487 1037 commendavimus
1530 995 1559 1034 a
1590 978 1933 1034 concretione
1948 979 2034 1051 (4)

435 1078 698 1133 seminum
734 1077 971 1146 ipsorum
1005 1090 1171 1145 usque
1220 1073 1287 1127 ad
1341 1072 1576 1142 ligmenti
1624 1070 2029 1139 perfectionem.

439 1170 667 1226 Perinde
707 1183 867 1234 nunc,
918 1175 972 1222 et
1018 1183 1045 1221 a
1097 1166 1369 1220 nativitate
1421 1163 1502 1235 (ῖς)
1546 1161 1901 1227 defendimus,
1932 1162 2033 1216 im-

430 1263 619 1333 primis
648 1259 787 1333 quod
813 1259 970 1313 simul
992 1268 1241 1312 crescunt
1264 1300 1278 1321 ,
1308 1256 1401 1312 sed
1458 1254 1664 1309 diversa
1710 1250 1786 1322 (6)
1830 1253 2035 1307 ratione

433 1371 529 1425 pro
550 1370 805 1428 generum
847 1352 1186 1416 conditione;
1235 1365 1362 1404 caro
1416 1347 1650 1409 modulo,
1683 1345 1858 1399 anima
1884 1346 2036 1418 inge—

432 1448 541 1509 nio,
563 1462 689 1501 caro
716 1446 922 1509 habitu,
956 1445 1130 1497 anima
1160 1457 1343 1497 sensu.
1372 1441 1634 1496 Craterum
1665 1485 1679 1509 ,
1702 1442 1776 1515 (b)
1802 1442 2032 1497 animam

438 1536 734 1592 substantia
765 1547 1011 1591 crescere
1039 1531 1337 1603 negandum
1364 1541 1481 1593 est.
1515 1548 1583 1587 ne
1612 1534 1773 1588 etiam
1817 1535 2035 1589 decres-

425 1645 551 1687 cere
583 1630 875 1684 substantia
927 1627 1156 1689 dicatur,
1190 1636 1349 1695 atque
1395 1626 1462 1679 ita
1493 1635 1548 1680 et
1600 1625 1875 1682 defectura
1903 1641 2025 1683 cre-

1868 213 2326 274 TERTULIJANI

442 341 647 396 facilius
674 354 833 409 quam
864 347 1073 402 octavo,
1103 334 1361 391 honorem
1394 331 1599 388 sabbati
1625 343 1947 401 agnoscam,
1976 339 2034 386 ut
2059 338 2111 398 Λ

3622 219 3718 277 716

2672 328 2896 387 CAPUT
2934 329 3222 387 XXXVIII.

2210 422 2542 494 Quamquam
2571 432 2748 478 autem
2782 432 2836 479 et
2862 432 3009 480 retro
3038 424 3527 494 prasstruxerimus;
3547 426 3719 483 omnia

2139 515 2222 587 (ά)
2248 517 2509 571 naturalia
2550 516 2744 571 animae
2766 516 2863 587 ipsi
2891 516 3201 571 substantia:
3230 516 3404 572 inesse
3451 518 3720 587 pertinen-

2141 607 2210 662 tia
2225 607 2289 662 ad
2314 623 2528 663 sensum
2548 606 2965 672 etintellectum,
2986 617 3038 663 et
3054 625 3122 665 ex
3141 609 3372 679 ingenito
3389 611 3578 665 anima:
3603 626 3723 667 cen-

2138 715 2200 756 su
2220 742 2236 767 ,
2268 701 2360 756 sed
2392 701 2647 771 paulatim
2674 716 2775 771 per
2796 702 2971 755 artatis
2999 700 3171 771 spatia
3210 702 3535 771 procedere,
3566 712 3617 757 et
3636 720 3723 759 va-

2139 793 2216 848 rie
2240 809 2333 864 per
2359 793 2656 849 accidentia
2677 793 2925 860 evadere,
2958 809 3053 863 pro
3074 793 3302 860 artibus,
3332 810 3428 864 pro
3451 795 3720 861 institutis,

2139 899 2236 955 pro
2264 883 2397 939 locis
2418 926 2432 951 ,
2465 899 2560 955 pro
2587 884 3033 939 dominatricibus
3062 885 3416 955 potestatibus
3440 904 3453 939 :
3487 886 3620 955 quod
3652 896 3724 941 ta-

2140 991 2261 1032 men
2284 974 2446 1031 faciat
2473 975 2538 1031 ad
2565 977 2742 1031 carnis
2783 978 3080 1046 animmque
3116 977 3440 1048 propesitam
3474 994 3609 1033 mtnc
3643 993 3726 1033 so-

2138 1070 2407 1134 cietatem,
2443 1069 2774 1139 pubertatem
2824 1086 3037 1142 quoque
3075 1070 3360 1126 animalem
3384 1089 3504 1126 cum
3536 1073 3724 1130 carnali

2139 1162 2369 1218 dicimus
2418 1162 2746 1229 convenire,
2811 1162 3119 1233 pariterque
3171 1174 3224 1217 et
3280 1164 3423 1217 illam
3484 1175 3724 1236 suggestu

2138 1269 2412 1315 sensuum.
2447 1264 2501 1309 et
2528 1256 2682 1310 istam
2719 1269 2974 1325 processu
3006 1255 3370 1312 membrorum
3425 1272 3722 1329 exsurgere,

2138 1362 2165 1400 a
2186 1357 2374 1417 quarto
2399 1347 2608 1402 decimo
2630 1346 2743 1404 fere
2769 1364 2941 1402 anno:
2970 1365 3075 1402 non
3092 1350 3214 1420 quia
3239 1351 3582 1421 Asclepiades
3612 1351 3725 1407 inde

2138 1440 2455 1510 sapientiam
2510 1449 2809 1512 supputat,
2870 1441 2945 1513 (e)
2996 1457 3095 1498 nec
3139 1442 3259 1512 quia
3292 1443 3415 1512 jura
3457 1443 3625 1497 civilia
3664 1444 3803 1499 ab.»

2139 1530 2263 1587 bino
2292 1532 2515 1602 agendis
2567 1532 2726 1591 rebus
2775 1533 3180 1602 adtemperant;
3235 1534 3329 1588 sed
3382 1536 3631 1605 quoniam
3674 1544 3725 1590 et

2139 1623 2254 1679 batc
2278 1624 2345 1680 de
2373 1624 2667 1694 primordio
2698 1614 2834 1679 ratio
2859 1635 2960 1680 est.
2992 1626 3045 1680 Si
3073 1626 3215 1680 enim
3250 1626 3419 1681 Adam
3454 1636 3509 1681 et
3542 1627 3643 1681 Eva
3663 1640 3723 1683 ex

424 1722 713 1779 αυιυιιδει]
746 1722 823 1775 νίς
851 1725 987 1790 ejus,
1015 1720 1065 1773 in
1094 1734 1197 1788 qua
1247 1718 1518 1773 naturalia
1554 1719 1764 1787 peculia
1816 1726 2026 1779 consita
2063 1729 2107 1788 Β
2136 1716 2409 1786 agnitione
2441 1717 2562 1771 boni
2591 1728 2644 1772 et
2670 1718 2793 1772 mali
2827 1717 3072 1788 pudenda
3111 1728 3287 1789 tegere
3310 1728 3635 1784 senserunt,
3662 1735 3721 1774 ex

428 1817 750 1880 retinentur,
775 1812 923 1867 salvo
951 1811 1260 1865 substantia!
1292 1809 1511 1865 modulo
1551 1826 1658 1882 quo
1685 1829 1713 1867 a
1746 1813 2037 1883 primordio

432 1906 611 1960 inﬂata
632 1913 734 1972 est,
770 1904 1019 1974 paulatim
1048 1918 1167 1957 cum
1200 1917 1361 1957 carne
1398 1903 1726 1972 producitur.
1756 1904 1826 1978 (c)
1861 1906 2034 1961 Cons-

434 1999 566 2053 titue
593 2008 795 2053 certum
834 1996 1045 2067 pondus
1076 1995 1188 2049 auri
1234 1995 1317 2049 vel
1351 1995 1596 2065 argenti,
1646 1996 1833 2052 rudent
1857 1997 2034 2053 adhuc

432 2092 979 2157 massam;eollectus
1005 2088 1221 2144 habitus
1242 2098 1324 2144 est
1374 2090 1483 2152 illi,
1515 2089 1771 2145 etl'uturo
1814 2092 2029 2148 interim

426 2188 602 2241 minor
632 2226 645 2250 ,
680 2195 857 2239 tamen
886 2184 1168 2238 continens
1200 2182 1337 2236 intra
1368 2181 1567 2237 lineam
1598 2182 1800 2238 moduli
1856 2195 2027 2244 totum

424 2279 568 2350 quod
601 2287 790 2332 natura
824 2287 908 2330 est
929 2276 1043 2329 auri
1070 2275 1153 2329 vel
1182 2274 1386 2343 argenti
1419 2290 1432 2339 ;
1464 2274 1680 2337 deliine,
1714 2290 1833 2330 cum
1868 2278 1917 2330 in
1948 2278 2028 2331 la-

425 2371 624 2426 minam
656 2384 830 2423 massa
862 2368 1073 2422 laxatur
1096 2409 1109 2430 ,
1144 2365 1316 2435 major
1335 2363 1567 2421 el‘licitur
1598 2366 1749 2421 initio
1780 2384 1900 2434 suo,
1934 2384 2028 2439 per

422 2462 792 2516 dilatationem
823 2458 1079 2528 ponderis
1108 2458 1275 2521 certi,
1330 2470 1437 2510 non
1485 2472 1581 2526 per
1630 2457 2021 2527 adjectionem;

422 2552 547 2606 dum
574 2550 881 2606 extenditur
902 2591 916 2614 ,
943 2564 1045 2602 non
1073 2547 1198 2602 dmn
1230 2560 1475 2616 augetur.
1507 2548 1620 2602 Etsi
1680 2550 1757 2603 sic
1805 2564 2021 2620 quoque

424 2654 681 2716 augetur,
712 2643 838 2698 dum
866 2641 1207 2706 extenditur;
1239 2638 1362 2695 licet
1410 2640 1553 2695 enim
1607 2639 1791 2696 habitu
1814 2644 2018 2713 augeri,

421 2755 543 2795 cum
570 2747 709 2793 statu
739 2752 845 2792 non
873 2735 1014 2789 licet.
1043 2731 1193 2789 Tunc
1221 2742 1275 2789 et
1316 2732 1572 2802 Splendor
1624 2733 1702 2804 (7)
1753 2735 1866 2804 ipse
1891 2751 2019 2805 pro-

425 2831 635 2888 rebitur
683 2830 763 2901 (8)
821 2832 934 2883 auri
977 2827 1057 2882 vel
1100 2826 1332 2897 argenti,
1365 2826 1455 2895 qui
1504 2826 1677 2880 luerat
1723 2826 1936 2897 quidem
1965 2838 2020 2883 et

423 2926 476 2979 in
507 2938 702 2988 massa,
736 2922 828 2977 scd
862 2920 1174 2987 obscurior,
1200 2933 1304 2973 non
1345 2928 1523 2975 tamen
1558 2919 1756 2988 nullus,
1809 2930 1935 2976 tunc
1964 2929 2019 2977 et

421 3018 509 3073 alii
540 3027 703 3087 atque
726 3015 811 3069 alii
837 3014 1048 3069 babitus
1070 3010 1335 3068 accedunt
1361 3026 1456 3079 pro
1484 3010 1741 3066 facilitate
1771 3013 2010 3068 materiae

419 3123 522 3179 qua
563 3107 775 3162 duxerit
829 3121 947 3162 eam
993 3104 1084 3175 qui
1126 3104 1256 3172 agit,
1286 3101 1368 3174 (9)
1404 3102 1537 3157 nihil
1575 3103 1856 3158 conferens
1900 3120 2013 3161 mo-

421 3202 550 3257 dulo
575 3201 676 3255 nisi
707 3200 960 3270 etligiem.
985 3196 1060 3253 Ita
1103 3207 1158 3253 et
1175 3200 1370 3253 anima:
1391 3208 1665 3254 crementa
1689 3199 2009 3269 reputando,

422 3313 530 3355 non
554 3297 905 3361 substantiva,
930 3295 1026 3351 sed
1054 3295 1358 3366 provectiva
1382 3292 1522 3367 (10).

2140 1823 2247 1877 quo
2274 1808 2502 1878 idipsunt
2529 1810 2790 1865 sentimus
2815 1851 2828 1875 ,
2863 1811 3188 1880 agnitionem
3218 1810 3423 1873 bouLet
3455 1812 3573 1865 mali
3605 1825 3720 1881 pro-

2141 1899 2376 1956 litemur.
2411 1903 2492 1957 Ab
2524 1902 2797 1958 hisautem
2818 1905 2993 1969 annis,
3026 1913 3081 1959 et
3102 1905 3357 1959 sull‘usior
3407 1917 3462 1961 et
3490 1907 3721 1961 vestitior

2142 2008 2312 2050 sexus
2336 2004 2437 2057 est.
2469 2004 2521 2050 et
2572 1997 3005 2067 concupiscentia
3053 1996 3224 2053 oculis
3272 1999 3492 2054 arbitris
3546 2000 3717 2064 utitur,

2134 2096 2187 2141 et
2216 2086 2287 2158 (Γ)
2329 2088 2693 2144 communicat
2716 2089 2990 2159 placitum,
3019 2090 3100 2161 (g)
3121 2102 3169 2144 et
3196 2092 3446 2161 intelligit
3465 2109 3580 2162 qua:
3600 2091 3716 2157 sint,

2133 2186 2188 2233 et
2215 2181 2293 2252 (lt)
2326 2182 2459 2235 lines
2476 2196 2606 2236 suos
2657 2182 2722 2237 ad
2749 2184 2917 2237 instar
2940 2183 3181 2239 ﬁculnea:
3201 2187 3537 2255 contagionis
3562 2185 3719 2256 pruri-

2129 2272 2253 2341 gine
2278 2273 2527 2343 accingit,
2581 2283 2636 2328 et
2683 2274 2952 2330 hominem
3008 2277 3075 2330 de
3120 2276 3369 2346 paradiso
3414 2278 3718 2348 integritatis

2129 2362 2327 2429 educit,
2361 2364 2553 2420 exinde
2598 2364 2811 2420 scabida
2847 2367 3008 2421 etiam
3044 2366 3096 2421 in
3126 2378 3357 2423 c:eteras
3404 2370 3586 2439 culpas
3610 2411 3624 2435 ,
3667 2378 3717 2425 et

2128 2453 2470 2524 delinquendi
2510 2454 2624 2528 (11)
2665 2472 2771 2511 non
2826 2457 3132 2525 naturales,
3182 2475 3303 2515 cum
3345 2461 3456 2531 jam
3509 2479 3607 2517 non
3651 2478 3714 2519 ex

2129 2546 2372 2601 instituto
2394 2556 2619 2613 natum,
2650 2550 2743 2603 sed
2775 2564 2842 2605 ex
2862 2551 3013 2605 vitio.
3049 2552 3313 2607 Czeterum
3339 2596 3354 2620 ,
3398 2556 3607 2626 proprie
3632 2570 3716 2609 na-

2126 2638 2312 2693 turalis
2342 2641 2781 2710 concupiscentia
2813 2643 2968 2697 unica
2986 2653 3068 2698 est
3087 2684 3101 2707 ,
3126 2644 3506 2702 alimentorum
3530 2648 3717 2702 solum-

2126 2732 2309 2799 modo,
2334 2749 2492 2802 quam
2528 2735 2667 2789 Deus
2694 2745 2748 2789 et
2773 2737 2823 2790 in
2852 2737 3147 2806 primdrdio
3174 2740 3408 2795 contulit
3437 2758 3450 2794 :
3482 2739 3562 2795 Ex
3586 2739 3716 2794 omni

2122 2827 2280 2923 lig‘no,
2312 2827 2480 2896 inquit
2502 2825 2654 2899 (Gen.
2678 2826 3007 2899 III),edetis;
3044 2831 3379 2887 etsecunda:
3430 2844 3547 2905 post
3590 2833 3717 2888 dilu-

2119 2920 2261 2975 vium
2283 2921 2541 2990 genitnra:
2572 2936 2953 2992 supermensus
2979 2934 3062 2979 est
3105 2925 3259 2995 (lien.
3294 2925 3361 2996 ll)
3395 2945 3407 2981 :
3449 2925 3582 2982 Ecce
3625 2927 3715 2982 de-

2118 3014 2171 3068 di
2186 3013 2320 3069 vobis
2345 3001 2515 3069 omnia
2537 3016 2588 3069 in
2612 3032 2798 3081 escam,
2830 3017 3237 3087 tanquamolera
3261 3020 3387 3091 [mni
3405 3039 3423 3086 ;
3468 3033 3715 3090 prospec-

2119 3115 2235 3159 tans
2278 3105 2394 3178 (1⁵3)
2457 3121 2561 3161 non
2593 3116 2699 3162 tam
2740 3109 2933 3163 aninue
2957 3111 3282 3179 quamcarni
3308 3153 3321 3175 ,
3357 3112 3462 3167 etsi
3511 3120 3716 3183 propter

2120 3198 2373 3262 animam.
2425 3198 2728 3255 Auferenda
2760 3211 2842 3256 est
2898 3201 3042 3256 enim
3074 3204 3530 3273 argumentatoris
3566 3218 3714 3260 oeca-

2122 3292 2225 3356 sio,
2252 3290 2340 3361 qui
2398 3292 2539 3361 quod
2572 3292 2745 3347 anima
2792 3292 3100 3351 desiderare
3140 3295 3389 3353 videatur
3445 3297 3707 3364 alimenta,

1664 3387 2043 3447 LECTIONES
2067 3382 2479 3444 VARIANTES.

510 3484 557 3542 1)
584 3484 742 3542 Quoto
766 3484 917 3535 Fran.

484 3482 559 3667 (1}
584 3484 742 3542 Quoto
766 3484 917 3556 ἔνιαι.

507 3549 536 3596 2
584 3546 671 3597 Est
690 3553 840 3598 onnu.
865 3545 1018 3599 Seml.

504 3613 534 3659 5
583 3609 706 3659 Toto
721 3610 875 3659 Frun.

504 3609 556 3659 ὅ)
583 3609 706 3659 Toto
721 3610 875 3659 Frun.

582 3672 975 3782 (Ethgregatione
996 3669 1106 3720 eod.
1130 3665 1383 3733 Agebat-tt.

669 3739 976 3784 nativitatem
1000 3728 1110 3782 cod.
1136 3728 1289 3793 Agob.

486 3782 559 3859 (6)
586 3782 752 3845 musa
774 3782 889 3860 mg;
910 3797 1031 3845 Ven.
1182 3782 1190 3793 '

2213 3473 2266 3536 7)
2290 3474 2602 3536 ExSplendor
2624 3473 2733 3536 Βία.
2766 3481 2887 3528 Ven.

2213 3488 2266 3592 id
2290 3488 2602 3588 artata:

2212 3599 2420 3665 inﬁget
2439 3602 2563 3651 Par.
2589 3600 2676 3653 alii
2696 3609 2851 3665 auget
2871 3610 2987 3654 Jun.

2219 3662 2294 3727 10)
2320 3662 2634 3727 Erovoeativa
2650 3662 2812 3717 omnes
2830 3672 3009 3727 prater
3038 3668 3159 3717 Jun.

2219 3724 2294 3789 11)
2320 3724 2641 3789 pelinquenti
2663 3728 2786 3777 Jun.

2221 3785 2294 3851 12)
2321 3785 2643 3851 PrOSpéctum
2667 3792 2812 3840 Pam.
2832 3788 2984 3843 Rhea.

1796 3869 2352 3929 COMMENTARIUS.

423 3983 484 4037 Β.
516 3979 780 4036 Ambrosii
811 3973 1065 4048 epiStLS‘.)
1092 3968 1587 4048 adIIorontianum.
1640 3964 2015 4048 Hippocrates,

426 4054 520 4106 lib.
548 4052 603 4103 2.
638 4051 776 4116 epid.
799 4037 931 4101 seet.
961 4047 1014 4108 5.
1045 4044 1109 4099 ad
1138 4042 1353 4096 vitalem
1410 4047 1619 4110 partum
1672 4037 1788 4091 dies
1823 4053 2015 4094 nume-

426 4132 509 4177 rat
526 4122 652 4177 280.
685 4122 762 4175 LP.
792 4119 888 4173 Ρη.
1345 4164 1350 4169 .

496 4193 573 4265 (a)
597 4192 933 4265 Ogdoas_ttos
978 4202 1076 4238 non
1106 4191 1260 4265 creat.
1290 4180 1488 4265 Alludit
1525 4181 1592 4236 ad
1641 4193 2014 4265 mensemhoc-

437 4250 612 4317 tavu'm
636 4250 669 4325 ξ’
685 4276 789 4330 quo
812 4260 924 4330 fere
947 4269 1133 4330 mense
1152 4263 1332 4322 partus
1357 4252 1546 4330 vitales
1571 4266 1674 4305 non
1699 4260 1841 4305 sunt.
1868 4250 2014 4305 Prie-

426 4344 572 4391 terea
600 4322 728 4388 vero
766 4329 956 4385 alludit
993 4326 1057 4379 ad
1086 4334 1329 4379 octavum
1376 4322 1517 4375 diem
1547 4363 1562 4387 ,
1592 4338 1696 4391 quo
1745 4330 2013 4375 transacta

2194 3964 2274 4036 (c)
2295 3963 2582 4044 _Constitne_
2600 3977 2791 4022 certum
2817 3969 3017 4044 pondus
3036 3972 3150 4025 auri
3175 3973 3252 4026 vel
3271 3976 3486 4044 argenti.
3515 3974 3586 4030 De
3612 3973 3711 4029 boc

2126 4036 2243 4090 loco
2264 4036 2341 4090 sic
2370 4040 2727 4106 Augustinus:
2758 4056 2778 4089 ι
2820 4036 2953 4105 Quis
2980 4040 3124 4098 hunc
3157 4036 3401 4099 crederet
3447 4062 3564 4100 cum
3613 4045 3710 4098 isto

2124 4106 2289 4161 corde
2338 4119 2443 4162 tam
2489 4108 2747 4163 disertum
2794 4125 2914 4165 esse
2959 4114 3239 4178 potuisse?
3294 4117 3399 4171 Sed
3443 4114 3709 4172 tremenda

2124 4190 2249 4231 sunt
2292 4178 2388 4232 ista
2418 4219 2437 4257 _,
2478 4195 2586 4257 non
2618 4180 2835 4257 ridenda
2863 4197 2878 4245 ;
2910 4182 2974 4236 ad
3024 4182 3124 4236 hoc
3148 4187 3291 4257 enim
3324 4202 3591 4257 nunquam
3617 4202 3707 4242 co-

2122 4258 2357 4317 geretur,
2386 4249 2431 4304 si
2477 4249 2676 4327 aliquid
2702 4253 2956 4327 cogitare
3010 4256 3158 4324 potui
3191 4268 3292 4321 Set,
3345 4249 3485 4327 quod
3518 4260 3603 4322 sit,
3656 4264 3706 4311 et

2124 4334 2318 4389 corpus
2359 4322 2749 4400 non-sit._Quiil
2774 4333 2951 4400 autem
2979 4322 3285 4400 absurdius.
3330 4322 3487 4399 quam
3530 4339 3705 4400 putare

423 4399 996 4460 hebdommlcmourrit
1024 4397 1138 4450 dies
1168 4394 1308 4471 Solis
1329 4434 1343 4457 ,
1367 4407 1534 4471 quem
1556 4393 1892 4471 Qotninicum
1918 4392 2009 4460 ju-
2040 4409 2093 4469 Ι)
2122 4405 2371 4471 massam_
2401 4392 2692 4471 cujnspiam
2741 4395 2951 4471 metalli
2979 4411 3043 4450 ex
3066 4398 3239 4466 aliqua
3284 4392 3435 4471 parte
3471 4392 3706 4471 crescere

423 4492 484 4531 re
511 4477 737 4532 dicimus
757 4516 772 4541 ,
804 4473 875 4527 ob
902 4467 1348 4541 resurrectionem
1386 4464 1592 4541 liomini
1642 4463 1810 4541 nostri
1840 4505 1852 4524 ,
1903 4477 2011 4532 quo

424 4549 689 4603 etiamdie
712 4534 945 4600 futurum
976 4538 1209 4608 supremi
1232 4534 1418 4606 judicii
1442 4577 1457 4600 ,
1487 4542 1551 4589 ac
1582 4534 1806 4608 proinde
1830 4549 2015 4608 resur-

424 4620 675 4675 rectionis
705 4626 902 4671 nostra}
931 4604 1094 4665 diem.
1140 4604 1291 4661 Tunc
1320 4619 1450 4659 vero
1473 4646 1489 4671 ,
1545 4605 1687 4675 quod
1735 4604 2017 4659 Mattbteus

422 4688 701 4753 adfirmat,
732 4687 886 4741 nulla:
915 4683 1056 4753 nobis
1081 4678 1301 4753 amplius
1343 4677 1553 4744 nuptiaz.
1586 4675 1706 4753 lito.

504 4764 583 4836 (b)
626 4747 858 4814 Animam
898 4747 1177 4836 substantia
1233 4761 1453 4836 crescere
1478 4747 2017 4836 neganda»:

421 4816 580 4894 etimit,
603 4833 884 4887 decrescere
908 4823 1192 4894 substantia
1217 4816 1617 4894 dicatur,_at_qne
1656 4818 1729 4870 ita
1755 4816 2016 4894 defectura

420 4887 675 4965 eradatur.
727 4897 1053 4970 Augustinus
1084 4909 1097 4947 :
1133 4891 1322 4945 Timuit
1369 4888 1735 4970 videtiamque
1779 4887 2015 4970 deficeret

602 4958 873 5030 minuendo
913 4968 955 5021 si
983 4971 1242 5041 cresceret,
1269 4970 1315 5041 et
1355 4975 1458 5013 non
1489 4958 1653 5041 timuit
1684 4969 1754 5041 aL
1777 4958 2013 5041 deﬁceret

419 5028 722 5106 rare-scendo
750 5057 863 5096 cum
888 5044 1149 5093 cresceret.
1178 5032 1282 5088 Sed
1312 5045 1435 5086 cum
1463 5030 1692 5113 animam
1721 5028 2012 5113 Septimius

648 5112 941 5171 substantia
974 5117 1367 5185 non_cresc_ere,
1397 5110 1555 5185 atque
1585 5100 1656 5154 ita
1698 5115 1798 5155 nec
1823 5099 2012 5155 decre-

419 5173 694 5249 .Ec'éis'nec
717 5184 971 5241 deficere.
1004 5178 1131 5233 satis
1157 5176 1362 5249 cavisse
1388 5173 1597 5227 videtur
1634 5186 1702 5227 ne
1732 5186 2010 5249 rarescen-

420 5242 801 5322 ilovd-eliccrct,
838 5267 957 5308 cum
998 5246 1290 5322 substantia
1323 5260 1430 5298 non
1461 5251 1714 5322 rarescat,
1748 5242 2008 5322 quemad-

421 5312 801 5388 .iibtiiitiihec'
827 5320 1121 5378 substantia
1175 5319 1469 5379 decrescat,
1511 5313 1611 5388 sed
1661 5328 1757 5388 pro
1789 5312 2008 5388 modulo

420 5384 658 5472 ,ξδῆςσῇε
699 5399 1003 5472 γει-υςὲυηε
1029 5398 1261 5472 exierat,
1288 5396 1342 5442 et
1372 5386 1575 5472 peculia
1606 5384 1859 5472 proferat.
1883 5385 2009 5472 Be—

417 5456 580 5541 nip'te
606 5482 801 5535 corpus
826 5456 1017 5518 :ﬁiimcc
1060 5462 1263 5541 tribuit,
1310 5460 1405 5511 sed
1434 5471 1630 5540 corpus
1658 5456 2003 5541 suigeneris,

421 5546 453 5598 It
478 5531 523 5598 te
548 5554 650 5607 est,
681 5531 837 5612 quale
861 5535 1145 5612 conveniat
1171 5531 1385 5612 animm,
1415 5531 1520 5593 cui,
1544 5542 1663 5580 cum
1696 5531 2004 5612 sitniu‘tmoro

418 5596 571 5679 talis,
592 5596 714 5669 non
738 5605 1020 5679 conveniat
1042 5600 1333 5659 substantia
1361 5613 1605 5679 crescere
1629 5605 1722 5650 aut
1750 5596 2002 5679 deligere.

420 5668 711 5739 Vcrmttde
743 5679 824 5735 bis
854 5676 1130 5740 hactenus,
1161 5685 1386 5753 quorum
1410 5684 1525 5753 AIIQS
1549 5668 1665 5724 dies
1701 5683 1815 5753 una
1846 5668 2004 5753 faciet

411 5737 704 5831 compotes
728 5760 779 5811 ct
814 5754 1020 5818 certos,
1051 5737 1312 5819 quke'Deo
1329 5741 1480 5800 sistet
1507 5739 1852 5799 immortales.
1878 5737 1998 5798 Rm.

2132 4476 2310 4539 posse,
2340 4462 2466 4539 dum
2500 4464 2757 4539 tunditur.
2785 4466 2882 4539 nisi
2918 4462 3191 4523 decrescat
3221 4462 3478 4526 ex'altem
3520 4466 3701 4539 parte?

2120 4533 2205 4587 vel
2227 4537 2407 4602 augeri
2441 4533 2737 4597 latitudine,
2769 4535 2870 4589 nisi
2900 4540 3253 4594 crassitudine
3284 4533 3550 4596 minuatur
3582 4542 3707 4593 ?aut

2122 4603 2281 4683 ullum
2308 4617 2428 4683 esse
2454 4620 2649 4674 corpus
2697 4617 2945 4683 manente
2992 4621 3192 4664 natura:
3233 4628 3343 4665 sua:
3392 4612 3700 4683 quantitate3

2118 4674 2258 4752 quod
2290 4674 2524 4752 undique
2544 4689 2769 4752 crescat,
2805 4679 2910 4752 nisi
2940 4684 3215 4736 rarescat?
3261 4702 3279 4734 ι
3329 4674 3434 4739 εἰς’.
3479 4695 3492 4752 (
3526 4681 3632 4736 Lib.
3656 4677 3703 4735 Χ

2117 4745 2182 4800 de
2208 4744 2337 4799 Gen.
2369 4747 2436 4797 ad
2464 4747 2561 4799 litt.
2608 4763 2655 4799 c.
2685 4748 2783 4801 ult.
2810 4750 2848 4813 ).
2894 4750 3027 4804 Pun.

2374 4816 2859 4891 XXXVIII._-(il)
2900 4819 3181 4878 Naturat'ia
3236 4828 3442 4881 animai.
3498 4825 3699 4882 Peculia

2117 4887 2355 4957 scilicet.
2376 4896 2433 4941 ut
2462 4903 2639 4957 supra.
2676 4887 2793 4946 tua.

2187 4958 2267 5029 (c)
2310 4956 2418 5030 Nec
2445 4961 2565 5026 quia
2601 4962 2725 5030 jura
2754 4963 2941 5027 civilia,
2972 4973 3072 5019 etc.
3116 4966 3314 5023 Rerum
3359 4984 3572 5026 suarum
3613 4967 3700 5022 ad-

2116 5028 2561 5083 ministrationem
2597 5028 2801 5101 legibus
2830 5034 3072 5090 civilibus
3103 5039 3344 5107 impubes
3374 5040 3567 5097 habere
3596 5053 3698 5095 non

2117 5109 2551 5181 poterattnequne
2577 5112 2954 5181 testamentum
2986 5108 3237 5164 condere.
3271 5111 3503 5181 'I‘empns
3528 5126 3697 5165 autem

2112 5171 2703 5255 pubertatis.(lclinitur.
2728 5174 2765 5229 l.
2795 5173 2835 5237 I,
2865 5193 2895 5230 α
2919 5193 3019 5247 qua
3043 5190 3191 5233 aetate
3222 5182 3273 5238 1.
3305 5184 3364 5236 D.
3393 5171 3476 5255 qui
3504 5194 3693 5238 testam.

2111 5242 2211 5309 (ac.
2249 5259 2380 5307 pass.
2416 5243 2491 5297 LE
2522 5244 2614 5297 Pu.

2183 5312 2250 5384 (l)
2284 5313 2630 5395 communicat
2666 5317 3073 5395 placitunt._.lam
3101 5324 3371 5380 communi
3395 5326 3697 5395 complexus

2111 5392 2163 5438 et
2192 5386 2580 5455 conubistionis
2616 5387 2885 5455 cupidine.
2931 5390 3050 5447 Rto.
3517 5386 3530 5395 ’
3702 5422 3717 5425 -

2182 5452 2262 5536 (g)
2306 5452 2371 5508 Et
2393 5456 2635 5536 intelligit
2656 5452 2768 5528 quin
2788 5462 2910 5514 sint.
2939 5462 3057 5536 .lam
3102 5475 3325 5536 uterque
3362 5480 3520 5523 sexus
3548 5464 3692 5520 intcl-

2110 5525 2224 5595 ligit
2246 5542 2364 5592 qua}
2393 5527 2477 5606 illa
2507 5525 2791 5606 sint_agere
2816 5540 2870 5606 et
2897 5534 3000 5606 pati
3032 5543 3170 5588 nata.
3202 5525 3399 5591 Desunt
3423 5539 3692 5606 utriusque

2108 5610 2271 5676 sexus
2291 5597 2580 5676 semiruta.
2604 5597 2956 5676 Etlconsim'ili
2979 5607 3280 5676 spasiopcsi
3306 5616 3456 5676 turpe
3481 5597 3686 5662 verln'tm

2107 5666 2326 5723 involvit
2371 5668 2474 5723 sub
2509 5669 2666 5726 linem
2701 5672 2818 5729 libri
2880 5666 3118 5730 adversus
3148 5666 3543 5735 Valentinianus.
3576 5676 3685 5734 llic.

2179 5738 2262 5815 (ll)
2303 5736 2461 5799 Fines
2484 5756 2601 5799 suos
2629 5743 2699 5799 ad
2722 5744 2881 5805 instar
2926 5745 3159 5818 ﬁculnea:
3182 5750 3497 5825 contagionis
3530 5746 3688 5827 pruri-
