4042 6288
400 292 507 348 717

1730 284 1935 342 LIBER
1974 280 2064 341 DE
2102 283 2338 342 ANIMA.

3591 283 3696 341 718

400 410 528 465 hinc
553 424 771 484 quoque
798 411 1078 466 mortalem
1108 424 1225 466 eam
1255 407 1474 481 intelligi
1502 406 1649 478 cupit
1673 448 1687 474 ,
1706 421 1825 477 quze
1869 404 2002 460 cibis
2028 403 2081 465 Α
2111 414 2194 459 tus
2221 446 2235 471 ,
2278 404 2352 475 (η)
2381 411 2487 458 tota
2523 403 2605 458 illa
2639 402 2905 474 puerperii
2938 402 3355 473 superstitione?
3382 401 3458 458 lla
3509 418 3698 460 omnes

400 501 759 566 sustineatur,
801 503 1031 573 denique
1079 502 1349 573 derogatis
1387 501 1465 555 eis
1504 500 1774 570 evigcscat
1799 540 1814 566 ,
1869 510 1997 568 pos-

403 603 574 648 tremo
601 593 1236 649 substractisintercidat.
1270 593 1438 647 Porro
1466 605 1569 646 non
1598 590 1768 643 solum
1801 603 1997 660 propo-

404 684 639 740 nendum
679 696 761 741 est
785 687 1031 757 quisiizun
1062 700 1123 740 ea
1156 683 1445 749 desidt-ret,
1491 681 1585 737 sed
1620 690 1674 738 et
1693 682 1777 737 cui
1806 697 1820 747 ;
1863 688 1917 736 et
1953 678 1999 734 si

402 784 622 846 propter
646 791 726 841 se,
757 776 849 831 Sed
883 786 936 832 ct
957 791 1051 848 cur
1078 819 1091 841 ,
1113 773 1419 845 etquando,
1452 782 1506 829 et
1537 785 1765 843 quonam
1806 786 1997 841 usque;

404 880 512 923 tum
535 869 676 938 quod
709 868 850 922 aliud
871 880 1057 922 natura
1093 866 1361 922 desideret
1410 865 1514 936 (l),
1569 863 1711 918 aliud
1765 862 2000 918 necessi-

403 968 532 1025 tate,
561 961 701 1015 aliud
735 960 1025 1015 secundum
1049 960 1447 1030 pmprictatem,
1472 956 1615 1012 aliud
1650 958 1699 1011 in
1722 971 1996 1011 caussam.

402 1050 740 1107 Deriderabit
767 1051 926 1123 igitur
951 1052 1099 1105 cibos
1119 1050 1296 1105 anima
1313 1092 1327 1115 ,
1357 1047 1457 1103 sibi
1478 1046 1690 1118 quidem
1713 1040 1778 1101 ei
1809 1061 1997 1102 caussa

401 1143 743 1197 neces~itatis
770 1186 785 1207 ,
818 1144 963 1198 carni
987 1158 1115 1197 vero
1141 1159 1207 1197 cx
1251 1153 1437 1196 natura
1465 1140 1821 1210 proprietatis.
1841 1138 2001 1194 Certe

401 1237 544 1290 enim
573 1234 990 1289 doinusanimm
1018 1251 1144 1290 caro
1197 1244 1319 1297 est,
1375 1243 1429 1290 et
1476 1233 1772 1304 inquilinus
1820 1233 2000 1289 carnis

399 1330 598 1383 anima.
627 1327 960 1383 Desiderabit
988 1330 1164 1397 itaque
1187 1328 1498 1404 inqyilinus,
1529 1343 1591 1383 ex
1623 1343 1808 1382 caussa
1835 1337 1999 1382 etne-

400 1421 649 1476 ccssitatc
676 1420 837 1491 hujus
882 1421 1138 1486 nmninis,
1182 1421 1454 1491 profutura
1486 1419 1706 1484 domui,
1752 1427 1862 1474 toto
1915 1420 2000 1472 in-

399 1513 689 1583 quilinatus
718 1514 797 1566 sui
822 1523 1080 1582 tempore;
1102 1528 1207 1566 non
1253 1521 1308 1567 ut
1336 1513 1451 1582 ipse
1465 1512 1879 1579 substruendus,
1905 1526 2003 1567 nec

398 1612 456 1657 ut
506 1604 620 1672 ipse
665 1603 973 1659 loricaiidus
1020 1602 1122 1675 (ἓ),
1149 1618 1245 1659 nec
1291 1602 1871 1673 utipsctihicinandus;
1903 1603 1998 1658 sed

399 1705 601 1749 tantum
634 1694 795 1749 modo
824 1696 1179 1751 continendus
1212 1713 1225 1748 :
1261 1694 1381 1764 quia
1413 1710 1516 1749 non
1554 1695 1708 1750 aliter
1734 1694 1997 1751 contineri

2105 497 2401 553 idololatria
2418 498 2704 554 obstetricc
2730 506 3042 564 nascuntur,
3071 497 3196 552 dum
3222 496 3345 568 ipsi,
3365 496 3540 553 adhuc
3562 499 3698 553 uteri

2105 572 2285 643 infulis
2310 589 2446 659 apud
2495 588 2632 644 idola
2678 587 3250 659 coniectistredimiti,
3279 589 3544 659 genimina
3599 602 3694 644 sua

2105 679 2491 734 dzcnioniorum
2519 680 2798 735 candidata
2833 679 3152 750 proﬁtentur
3181 696 3194 743 ;
3225 679 3300 754 (ὁ)
3324 680 3449 735 dum
3484 680 3535 734 in
3565 696 3692 751 par-

2107 781 2159 824 ιιι
2181 770 2395 826 Lucina:
2420 781 2474 826 ct
2505 771 2681 826 [liniue
2705 771 2972 842 ejulatur;
3008 769 3075 843 (c)
3095 771 3221 827 dum
3259 787 3352 841 per
3376 781 3538 826 totam
3558 772 3693 826 beh-

2102 862 2795 919 douiadamJunonimensa
2820 852 3174 935 prepouitur;
3207 865 3332 919 dum
3386 866 3568 920 ultima
3609 866 3696 920 die

2102 954 2239 1010 facta
2280 954 2564 1011 scribunda
2622 954 2703 1028 (4)
2755 956 3115 1022 adt-cemitur;
3148 956 3274 1011 dum
3324 957 3492 1027 prima
3533 958 3695 1013 etiam

2102 1047 2411 1104 constitutio
2456 1047 2533 1119 (5)
2577 1047 2791 1103 infantis
2842 1064 3001 1117 super
3054 1058 3249 1105 terram
3328 1049 3404 1121 (ά)
3473 1048 3749 1104 Statium-

2104 1138 2219 1194 dea:
2250 1155 2460 1195 sacrum
2488 1152 2590 1197 est.
2626 1132 2886 1209 Quisnon
2919 1140 3111 1196 exinde
3137 1142 3208 1212 (ε)
3233 1149 3324 1195 aut
3372 1151 3539 1196 totum
3602 1141 3694 1197 ﬁlii

2105 1228 2174 1303 (Γ)
2206 1242 2364 1302 caput
2390 1232 2559 1288 reatui
2578 1241 2756 1298 voret,
2778 1241 2871 1287 aut
2896 1232 3123 1303 aliquem
3152 1233 3591 1302 cxcipitcriucm,
3610 1243 3703 1288 aut.

2106 1332 2213 1376 tcta
2272 1323 2353 1394 (6)
2429 1322 2685 1378 novacula
2747 1334 3010 1394 prosecat,
3059 1335 3149 1377 aut
3174 1323 3436 1378 sacriﬁcio
3479 1324 3698 1394 obligat,

2104 1425 2197 1469 aut
2219 1431 2371 1471 sacro
2398 1417 2678 1488 obsignat,
2701 1415 2778 1489 (g)
2824 1431 2921 1487 pro
2948 1416 3157 1487 gentica
3185 1457 3197 1481 ,
3238 1430 3335 1486 pro
3373 1402 3537 1475 avita.
3599 1422 3697 1485 pro

2105 1508 2316 1581 publica
2343 1519 2433 1564 aut
2464 1511 2669 1580 privata
2700 1509 3025 1564 devotiOne?
3063 1507 3154 1563 Sic
3185 1508 3342 1578 igitur
3397 1516 3451 1562 et
3506 1506 3702 1563 Socra-

2110 1611 2213 1657 tein
2231 1617 2454 1673 puerum
2481 1602 2657 1658 adhuc
2703 1603 2924 1673 spiritus
2970 1601 3299 1657 dannonicus
3355 1602 3576 1657 invenit.
3610 1602 3700 1659 Sic

2105 1702 2158 1748 et
2183 1694 2431 1748 omnibus
2485 1695 2625 1766 genii
2663 1693 3031 1765 deputantur,
3078 1693 3219 1764 quod
3273 1688 3699 1750 dicmonumnoé

400 1789 588 1858 possit,
617 1804 775 1858 quam
802 1788 960 1843 domo
983 1789 1129 1843 fulta.
1163 1788 1407 1859 Alioquin
1431 1789 1608 1843 licebit
1634 1788 1846 1851 animm,
1865 1787 1997 1842 dila-
2027 1797 2074 1857 Β
2106 1800 2229 1838 men
2257 1795 2359 1839 est.
2389 1785 2540 1841 Adeo
2563 1786 2701 1841 nulla
2740 1785 2908 1842 ferme
2938 1786 3187 1841 nativitas
3212 1787 3407 1841 munda
3436 1798 3519 1842 est
3549 1830 3564 1854 ,
3598 1789 3702 1841 uti-

397 1895 491 1949 psa
517 1879 700 1945 domo,
731 1895 798 1934 ex
848 1879 1194 1935 destitutione
1256 1878 1596 1949 propriorum
1637 1879 1997 1934 subsidiorum

396 1971 648 2024 inciiluini
700 1960 871 2036 abire,
911 1970 1128 2024 habenti
1162 1985 1257 2024 sua
1294 1972 1651 2036 ﬁrmamenta,
1684 1981 1736 2024 et
1764 1971 1995 2040 propria:

396 2060 715 2117 conditionis
739 2063 1016 2126 alimenta,
1045 2063 1523 2127 innnmtalitatetn,
1557 2063 1991 2130 rationalitatem,

394 2140 815 2221 sensualitatem,
850 2156 1359 2211 intellectualitatem
1387 2196 1404 2223 ,
1430 2155 1635 2211 arbitrii
1677 2155 1995 2212 libertatein.

942 2246 1172 2304 CAPUT
1214 2247 1457 2303 XXXIX.

465 2341 593 2406 ρυλε
623 2341 803 2394 omnia
831 2325 1090 2394 nativitus
1123 2342 1315 2395 animzc
1351 2340 1559 2395 conlata
1586 2382 1601 2407 ,
1633 2338 1772 2395 idem
1816 2339 1903 2411 qui
1936 2341 1990 2396 in

395 2431 687 2501 primordio
708 2432 905 2495 invidit
928 2433 946 2498 ,’
977 2449 1117 2487 nunc
1139 2448 1348 2503 qucque
1378 2433 1659 2489 obumbrat
1686 2442 1845 2504 atque
1899 2434 1992 2488 de-

397 2535 611 2595 pravat,
640 2527 927 2594 quominus
959 2533 1051 2579 aut
1096 2525 1237 2579 ultro
1280 2525 1674 2595 prospiciantur
1699 2566 1713 2589 ,
1744 2535 1835 2578 ant
1887 2541 1989 2595 qua

393 2627 606 2688 oportet
624 2616 1083 2672 administrentur.
1117 2617 1213 2671 Cui
1255 2619 1398 2673 enim
1432 2617 1706 2672 hominum
1765 2634 1868 2673 non
1895 2618 1990 2672 ad-

396 2711 861 2781 bazrebitspiritus
889 2727 1117 2782 nequam
1153 2753 1168 2778 ,
1192 2711 1260 2766 ab
1290 2712 1400 2781 ipsa
1434 2711 1594 2767 etiam
1644 2711 1806 2781 janua
1845 2711 1986 2765 nati-

391 2802 572 2859 vitatis
623 2803 829 2870 animas
879 2802 958 2875 (5)
1009 2802 1474 2875 aucupabundus,
1521 2802 1603 2858 vel
1654 2819 1759 2874 qua
1798 2803 1990 2858 invita-

2105 1892 2209 1947 que
2237 1876 2596 1933 ethnicorum.
2624 1876 2759 1933 Iiinc
2788 1878 2929 1934 enim
2963 1888 3016 1933 et
3055 1876 3340 1947 Apostolus
3364 1895 3433 1932 ex
3466 1867 3733 1963 sanctilié'

2104 1977 2224 2023 cato
2268 1968 2526 2025 alterutro
2575 1985 2711 2026 sexu
2761 1981 2974 2034 sanctos
3020 1970 3285 2040 procreari
3335 1971 3442 2037 ait,
3496 1980 3600 2025 tam
3631 1988 3699 2027 ex

2104 2060 2323 2115 seminis
2376 2063 2745 2132 praerogativa.
2802 2062 2879 2133 (7)
2933 2077 3089 2133 quam
3113 2078 3179 2117 ex
3213 2062 3558 2118 institutionis
3590 2064 3698 2120 dis-

2102 2154 2297 2224 ciplina
2328 2172 2340 2210 :
2371 2155 2654 2223 therum,
2681 2157 2850 2227 inquit
2891 2155 2934 2230 (1
2965 2156 3084 2212 Cor.
3108 2156 3198 2212 VII
3225 2198 3241 2224 ,
3274 2156 3361 2219 M)
3386 2200 3402 2224 ,
3451 2160 3702 2213 immundi

2102 2257 2431 2300 miscerentur
2462 2264 2480 2311 ;
2510 2245 2591 2319 (Ii)
2624 2246 2776 2317 quasi
2825 2246 3131 2318 designatos
3173 2257 3348 2304 tamen
3393 2250 3698 2315 sanctitati,

2100 2352 2164 2392 ac
2194 2354 2288 2407 per
2319 2336 2421 2393 hoc
2439 2339 2598 2395 etiam
2631 2338 2790 2395 saluti
2821 2381 2836 2406 ,
2884 2340 3104 2411 intelligi
3138 2342 3324 2396 volens
3378 2343 3612 2398 ﬁdelium
3643 2342 3703 2397 ﬁ-

2096 2426 2237 2496 lios;
2269 2443 2324 2484 ut
2363 2429 2520 2501 hujus
2560 2430 2675 2500 spei
2731 2432 2955 2503 pignore
3009 2433 3090 2502 (8)
3135 2432 3488 2488 matrimoniis
3515 2477 3530 2501 ,
3583 2452 3704 2505 qua:

2096 2524 2372 2580 retinenda
2427 2536 2750 2590 censuerat,
2809 2529 3231 2598 patrocinaretur
3287 2527 3390 2600 (9).
3450 2528 3699 2603 Alioquin

2096 2617 2409 2672 meminerat
2459 2617 2742 2673 dominica)
2803 2619 3132 2676 deﬁnitionis
3178 2620 3361 2693 (Joan.
3416 2622 3503 2693 111)
3539 2642 3549 2676 :
3586 2624 3702 2678 Nisi

2094 2710 2205 2779 quis
2220 2719 2530 2765 nusccturea:
2553 2728 2685 2780 aqua
2713 2720 2759 2765 ct
2787 2713 2992 2781 spiritu,
3017 2731 3118 2770 non
3148 2714 3238 2771 ibit
3266 2718 3317 2771 in
3345 2733 3555 2790 regnum
3584 2716 3699 2786 Dei,

2096 2802 2146 2856 id
2177 2811 2280 2869 est,
2308 2800 2368 2874 (i)
2392 2816 2496 2857 non
2526 2804 2629 2858 erit
2654 2814 2890 2860 sanctus.
3496 2810 3501 2811 “

1643 2895 2022 2957 LECTIONES
2049 2892 2252 2954 VAlilA
2264 2892 2462 2952 NTES.

486 2987 531 3114 1;
556 2987 698 3039 Aliud
726 2997 804 3040 est
826 2995 1000 3039 natura

480 3052 511 3101 2
558 3051 850 3103 Gloriandus
866 3052 1019 3103 Fran.

479 3117 531 3165 ὅ)
555 3115 743 3164 Animae
764 3116 887 3165 Jun.

479 3122 511 3165 ὅ
555 3122 743 3164 Animae
764 3122 887 3165 Jun.

479 3122 532 3305 ἐξ
552 3176 829 3251 Scribuudo
852 3186 965 3227 Jun.

479 3258 510 3290 υ
558 3245 915 3291 Lonstttuttone
935 3248 965 3289 J

486 2987 529 3054 1)
556 2987 698 3054 Aliud
726 2997 804 3040 est
826 2995 1000 3054 natura
1021 2990 1296 3042 desiderari
1318 2990 1472 3042 Fran.
1501 2989 1653 3054 Gagn.

486 2987 531 3114 1;
556 2987 698 3039 Aliud
726 2997 804 3040 est
826 2995 1000 3039 natura
1021 2990 1050 3040 d

480 3052 511 3101 2
558 3051 850 3103 Gloriandus
866 3052 1019 3103 Fran.

479 3117 511 3165 5
555 3115 743 3164 Animae
764 3116 887 3165 Jun.

479 3178 507 3226 4
552 3176 829 3227 Scribuudo
852 3186 965 3227 Jun.

479 3242 510 3290 ὅ
558 3240 915 3291 (ῖοιιθιίῑυιὶοηθ
935 3248 1050 3292 Jun.

2018 3001 2061 3064 ρ
2159 2983 2233 3108 £6)
2257 2985 2433 3036 Totum
2454 2988 2578 3037 Jun.

2182 3049 2208 3096 7
2215 3057 2231 3108 )
2258 3049 2570 3099 Procreativa

2182 3046 2231 3115 7)
2258 3049 2570 3115 Erocreatiya
2591 3046 2678 3115 lib.
2703 3051 2952 3115 Agobard.

2181 3110 2233 3162 8)
2260 3111 2473 3162 Pignora
2495 3110 2647 3162 Seml.

2159 3057 2207 3108 (7
2258 3057 2570 3099 Procreativa
2591 3057 2678 3099 tib.
2703 3057 2855 3115 Agam

2181 3114 2212 3160 8
2260 3111 2316 3159 l’i
2355 3123 2473 3160 nera
2495 3110 2647 3162 Seml.

2158 3057 2233 3241 191
2257 3125 2690 3225 Ραῗτοςὶιιειτθυωτ
2702 3174 2855 3227 Semt.

1761 3318 2319 3381 COMMENTARIUS.

388 3420 509 3492 gine
532 3420 768 3490 accingit.
791 3419 1075 3492 Signiﬁcat
1100 3420 1319 3492 pubem,
1364 3426 1421 3476 et
1445 3429 1639 3475 castora
1679 3419 1729 3474 in
1761 3431 1988 3488 corpore

393 3490 632 3545 humano
662 3491 835 3558 spatia
882 3500 1122 3545 contecta
1183 3490 1444 3546 velamine
1476 3493 1824 3546 ticulneorum
1854 3514 1987 3561 περι-

390 3568 645 3630 ζωμάιτων.
667 3562 828 3629 Quasi
860 3563 1015 3632 primi
1045 3571 1311 3629 parentes,
1357 3562 1595 3616 Adamus
1639 3572 1691 3616 et
1720 3561 1852 3627 Eva,
1884 3578 1984 3616 un-

388 3650 525 3701 gues
573 3632 850 3703 usquead
909 3643 1181 3687 extremos
1207 3634 1689 3703 perpruriscerent,
1743 3648 1863 3688 cum
1920 3647 1985 3687 ex

392 3707 499 3758 ticu
529 3702 667 3758 folia
692 3719 943 3771 carpsere
967 3744 981 3768 ,
1011 3714 1169 3772 atque
1198 3702 1319 3758 inde
1351 3712 1516 3757 totam
1541 3704 1791 3758 arborem
1842 3705 1987 3759 virus

391 3775 643 3831 inl‘eccrit
664 3816 677 3836 ,
708 3774 852 3829 succi
876 3773 1144 3839 videlicet,
1174 3775 1287 3829 sive
1313 3776 1552 3829 humoris
1578 3774 1717 3828 illius
1731 3774 1984 3842 exalbidi,

388 3862 554 3914 quem
582 3845 645 3900 de
670 3845 833 3899 fracta
867 3846 967 3898 ticu
997 3845 1200 3899 stillare
1229 3845 1518 3900 cernimus.
1549 3845 1638 3900 Sic
1666 3845 1760 3900 lib.
1792 3843 1856 3899 de
1877 3844 1987 3898 Pu-

388 3917 570 3970 dicitia
599 3934 612 3969 :
642 3914 819 3970 Facile
846 3916 967 3984 quid
994 3917 1273 3985 speciosum
1314 3917 1503 3969 viderat
1531 3918 1907 3986 concupiscens,
1944 3925 1989 3970 et

389 3987 1042 4111 ndinferioaa'respiciens,
1072 3996 1118 4041 et
1153 3986 1219 4040 de
1243 3986 1476 4056 ﬁculneis
1508 3986 1647 4059 [aliis
1675 3989 1989 4060 pruriginem

389 4068 631 4111 retinens.
710 4074 779 4111 ιο.

387 4059 631 4112 retinens.
660 4058 779 4113 illi}.

463 4129 617 4185 CAP.
646 4126 1052 4199 XXXIX.—(a)
1067 4126 1311 4183 Totaiitla
1334 4130 1585 4199 puerperii
1610 4131 1987 4199 superstitione.

387 4200 833 4268 Superstitionem
858 4199 999 4254 illam
1028 4211 1082 4253 et
1097 4202 1370 4267 gentilium
1382 4202 1763 4257 absurditatem
1788 4203 1992 4258 descri-

388 4271 472 4344 bit
494 4274 550 4327 ὃ.
579 4273 803 4344 August.
821 4285 941 4344 cap.
954 4272 1014 4324 21
1030 4312 1042 4332 .
1061 4272 1153 4325 lib.
1169 4270 1257 4344 IV,
1274 4271 1339 4325 de
1352 4271 1459 4326 Civ.
1479 4272 1533 4344 in
1553 4273 1831 4344 puerperio
1844 4273 1987 4330 enim

387 4343 523 4413 deos
549 4341 880 4413 advocabant
900 4343 1208 4413 innumeros
1228 4341 1463 4410 deasque
1480 4363 1491 4394 :
1506 4341 1782 4407 Lucinam,
1796 4343 1987 4413 Opem,

387 4411 898 4483 deumVagicanum,
917 4411 1983 4481 deamCuninam,Rtnninam,Adeouam,

388 4482 689 4548 Abeonam,
718 4485 877 4540 deum
900 4483 1189 4548 Statilium,
1218 4482 1561 4549 Votumnum,
1589 4486 1742 4540 deam
1769 4484 1983 4539 Volum-

376 4569 537 4617 'lialli,
566 4554 807 4623 aliosque
833 4554 900 4609 de
919 4555 1124 4624 quibus
1157 4555 1241 4609 hic
1271 4556 1433 4610 silere
1466 4571 1624 4611 mens
1649 4567 1748 4610 est.
1779 4555 1857 4611 Le
1887 4558 1979 4610 l'n.

467 4625 546 4697 (b)
589 4624 723 4678 Dum
757 4627 810 4697 in
838 4636 992 4696 partu
1017 4624 1244 4680 aninw.
1273 4627 1470 4681 Lucina
1499 4628 1565 4680 ita
1593 4627 1753 4691 dicta,
1788 4629 1859 4680 titi
1889 4642 1983 4682 su-

391 4695 485 4764 pra
515 4710 633 4765 cap.
663 4697 730 4752 57
774 4695 909 4751 diuit
950 4698 1180 4760 Auctor,
1211 4698 1352 4765 quod
1397 4698 1652 4767 producat
1694 4697 1746 4752 in
1786 4698 1979 4752 lucem.

390 4768 506 4822 lluc
559 4768 786 4837 pertinet
832 4768 975 4837 quod
1027 4768 1186 4823 habet
1225 4768 1285 4822 D.
1318 4770 1640 4837 Augustinus
1683 4769 1776 4823 lib.
1809 4769 1876 4825 IV
1922 4770 1984 4824 de

391 4837 543 4895 Civil.
572 4836 688 4903 Dei,
722 4854 822 4906 cap
853 4841 920 4892 1'2.
951 4857 964 4895 :
1006 4837 1204 4892 Lucina
1233 4856 1345 4909 quin
1366 4836 1816 4907 a’pai'turientibus
1844 4842 1986 4894 inro-

391 4919 532 4964 cetur
549 4927 568 4975 ;
602 4919 662 4982 et
692 4910 819 4964 illud
847 4909 1090 4982 Terentii
1108 4911 1164 4982 in
1193 4912 1394 4982 Andria
1424 4927 1439 4966 :
1479 4910 1622 4964 Juno
1661 4910 1876 4978 Lucina,
1907 4913 1986 4982 fer

391 4998 560 5050 opem.
589 4980 780 5040 Cicero
805 4983 970 5045 enim,
998 4984 1041 5033 si
1076 4980 1193 5037 Vivi
1236 4981 1494 5048 creditur,
1522 4992 1577 5037 et
1614 4983 1877 5037 Juuonem
1908 4980 1986 5038 'et

394 5052 613 5105 Dianam
665 5052 830 5106 fuisse
866 5050 1123 5107 Lucinam
1168 5053 1484 5120 appellatalii
1529 5053 1716 5107 scribit
1765 5054 1983 5121 alicubi,

394 5140 492 5194 pro
511 5137 618 5193 quo
649 5122 772 5178 facit
797 5122 1104 5192 coniunctio
1130 5133 1198 5190 et,
1230 5124 1316 5178 hic
1344 5124 1682 5178 iutermedia.
1718 5124 1852 5179 Pu.

464 5215 540 5287 (ς)
581 5214 713 5268 Dum
740 5231 829 5284 per
856 5224 1012 5269 totum
1033 5214 1401 5269 hebdomadam
1428 5214 1624 5271 Junoni
1653 5232 1848 5282 mensa,
1876 5224 1982 5272 etc.

388 5286 634 5343 Tibullus
653 5286 719 5341 de
747 5289 906 5341 natali
924 5287 1132 5342 Junone
1156 5302 1169 5339 :
1476 5288 1480 5293 ’

516 5378 701 5429 Natalis
723 5376 868 5440 Juno,
893 5385 1086 5429 sanctos
1102 5392 1220 5443 cape
1247 5379 1401 5430 thuris
1422 5393 1638 5431 acervos.

394 5462 616 5519 Videtur
644 5466 842 5533 itaque,
870 5465 1022 5518 sicuti
1051 5464 1269 5533 genitis,
1316 5464 1387 5518 ita
1413 5466 1574 5521 etiam
1604 5464 1799 5518 lunoni
1833 5481 1983 5519 nicu-

392 5552 451 5591 Sa
484 5534 705 5604 proponi
736 5534 930 5588 solere.
961 5534 1129 5588 Sicuti
1164 5533 1329 5605 enim,
1365 5535 1436 5587 uti
1468 5551 1588 5591 mox
1618 5536 1860 5605 adiungit
1884 5540 1988 5591 Att-

392 5618 530 5671 ctor,
557 5606 790 5661 onmibus
826 5605 962 5675 genii
988 5604 1381 5674 deputabuntur,
1428 5605 1499 5663 ita
1535 5608 1697 5663 etiam
1716 5604 1985 5676 iuuenes;

395 5690 581 5749 Ctitttt'u
602 5693 764 5749 quam
791 5678 1025 5735 sentiunt
1044 5676 1274 5749 quidam
1299 5718 1313 5739 ,
1341 5678 1445 5749 qui
1463 5678 1595 5733 viris
1612 5682 1802 5749 genios
1820 5720 1836 5743 ,
1873 5694 1990 5749 nut-

397 5746 635 5817 lieribus'
654 5747 888 5825 juuones
921 5746 1139 5810 attribui
1168 5746 1373 5808 volunt.
1423 5747 1529 5811 Pro
1554 5746 1708 5811 nobis
1734 5757 1881 5811 certe
1908 5748 1988 5808 ﬁt-

2015 4381 2069 4441 D

2099 3413 2171 3493 cit.
2200 3412 2509 3493 illud._Plinii
2537 3413 2681 3493 lib_X
2707 3432 2722 3493 _:
2748 3415 2875 3470 Cum
2896 3416 3093 3493 singuli
3108 3437 3173 3475 ea:
3186 3429 3466 3493 semetipsis
3489 3434 3695 3490 totidem

2094 3487 2215 3564 deos
2257 3485 2466 3564 faciunt,
2487 3485 3008 3564 Δριξηὶριι,ίιιη-οηεδᾳιὼ
3027 3492 3321 3560 adoptando
3341 3485 3456 3564 sibi;
3488 3513 3537 3556 et

2091 3552 2312 3641 Seneca:
2339 3552 2536 3641 alicubi
2565 3572 2578 3610 :
2608 3552 2821 3629 singulis
2855 3552 2987 3612 enim
3015 3572 3062 3614 et
3095 3552 3298 3634 genium
3359 3579 3404 3622 et
3442 3552 3695 3641 Militi};

2093 3626 2356 3681 dederunt.
2390 3626 2525 3681 Ptin.

2167 3696 2510 3774 (ἀλ-διαςξηω
2550 3699 2895 3774 (tertianorum
2919 3711 3026 3774 est.
3076 3703 3206 3774 Ejus
3234 3712 3474 3767 meminit
3504 3714 3595 3770 lib.
3625 3719 3696 3772 ad

2096 3765 2298 3844 ΝὰιίΙΙ
2333 3783 2346 3819 :
2381 3765 2882 3844 .Sltatuendiinfdntis
2906 3765 3135 3829 Statina:
3169 3765 3696 3844 Halicbantetvstaii:

2096 3845 2179 3920 tes
2205 3840 2372 3920 deum
2390 3839 2731 3920 Statilii‘inm,
2750 3842 2904 3920 cujus
2921 3847 3173 3920 _me_min_it_
3205 3852 3525 3919 Augustinus
3552 3839 3692 3915 libro

2092 3908 2161 3962 IV
2202 3908 2681 3984 dgCivitatefDei.’
2713 3908 2832 3980 cap.
2873 3911 2966 3968 2L
3001 3908 3313 3973 Statiliuuni
3335 3932 3389 3975 et
3413 3908 3691 3984 Statanu'nvi

2092 3980 2359 4103 priesides
2384 3981 2714 4105 1iiuerilitatis
2744 3983 2874 4038 deos
2899 3986 3040 4053 apud
3068 3985 3298 4044 Nonium
3343 4007 3406 4047 ex
3450 3980 3693 4057 Varrone

2113 4065 2335 4105 cunnus.
2437 4068 2505 4105 ιο.

2113 4065 2335 4120 egimus.
2384 4065 2505 4107 mo.

2165 4120 2263 4206 (ei
2287 4123 2567 4206 Aut't‘otum
2590 4122 2856 4194 ﬁliicuput
2881 4127 3045 4195 reqtui
3070 4138 3229 4182 vovet.
3261 4130 3375 4189 Hoc
3419 4147 3501 4191 est
3524 4181 3540 4206 ,
3574 4140 3690 4197 ido-

2092 4190 2335 4248 lolatriae.
2389 4191 2504 4249 th.
2591 4190 2598 4192 ⁷
2767 4190 2776 4194 ⁷
2953 4190 2961 4195 ⁷
3434 4190 3439 4191 ⁷
3487 4190 3540 4206 “’
3575 4190 3593 4215 ⁷·

2165 4263 2228 4331 (1)
2271 4262 2435 4346 Caput
2468 4269 2795 4346 recini-vovet
2827 4307 2840 4329 ,
2882 4277 2973 4346 aut
3000 4269 3218 4346 aliquem
3257 4276 3440 4346 excipit
3471 4281 3680 4342 crinem.

2096 4333 2584 4409 Votuinestquod
2630 4337 2681 4390 in
2730 4337 3001 4407 Apaturiis
3045 4333 3158 4397 tieri
3203 4333 3424 4401 solebat.
3486 4333 3687 4409 Triduo

2094 4406 2347 4481 Apatnria
2396 4405 2662 4481 durabant
2693 4427 2707 4460 :
2738 4405 2911 4481 primo
2962 4410 3050 4466 dic
3094 4414 3453 4473 adornabntur
3498 4405 3686 4481 convi;

2095 4477 2260 4540 vium;
2290 4478 2526 4550 secundo
2552 4480 2778 4550 peractis
2803 4481 2989 4544 sacris,
3022 4499 3150 4550 puer
3174 4487 3239 4539 ad
3268 4504 3413 4541 aram
3447 4477 3683 4550 dticclia-

2090 4557 2195 4618 tur;
2231 4547 2387 4602 tertio
2422 4548 2723 4604 referebant
2746 4552 2798 4603 in
2845 4547 3032 4605 album
3058 4554 3272 4609 civium.
3305 4559 3482 4614 Adisis
3510 4547 3681 4618 lteru-

2085 4616 2270 4698 dolum
2317 4618 2508 4697 inVita
2543 4618 2779 4698 lionieri;
2805 4621 2889 4676 hic
2929 4625 3118 4676 crinem
3141 4628 3350 4693 excipit,
3383 4631 3512 4686 nihil
3536 4616 3681 4690 aliud

2088 4691 2458 4766 innuit_q_uain
2502 4693 2671 4766 Δνίιιιειι
2730 4706 2967 4747 veterum
3016 4709 3123 4765 quo
3165 4691 3448 4766 puerorum
3502 4708 3683 4762 crines

2085 4758 2466 4815 doloudcbanl.
2499 4762 2575 4817 LE
2614 4762 2753 4816 Pu...

2157 4831 2236 4901 (is)
2284 4830 2386 4885 Pro
2437 4835 2635 4903 gentica
2696 4833 2977 4889 devotione.
3030 4835 3305 4892 Genticam
3338 4841 3677 4902 devotionem

2087 4900 2235 4981 dicit,
2260 4900 2708 4981 quemadmodum
2734 4904 2949 4961 Tacitus
2973 4922 3173 4963 morem
3224 4913 3492 4981 genticuin
3518 4958 3532 4981 ,
3582 4900 3677 4973 lib;

2095 4970 2156 5025 Vl
2186 4970 2379 5026 Annal.
2416 4974 2534 5029 lito.

2159 5042 2239 5115 (¹¹)
2284 5043 2455 5124 Ωέκιέί,
2485 5044 2773 5124 “ﬁstulas,
2825 5053 3297 5124 Mn‘téfnusanctitttti
3342 5069 3403 5107 ac
3449 5073 3538 5124 per
3583 5059 3681 5115 hoc

2089 5114 2238 5166 etiam
2261 5115 2651 5198 falli-liAiIt-it’lbigi
2685 5117 2859 5198 potens
2886 5119 3115 5198 ﬁde/inin
3145 5124 3298 5198 ﬁlias.
3349 5114 3460 5182 Hoc
3506 5114 3678 5198 genus

2088 5185 2340 5265 parvulos
2359 5185 2589 5270 intelligi
2606 5185 2777 5270 voluit
2798 5187 2934 5242 libro
2957 5192 3020 5243 dc
3043 5185 3307 5270 Baptismo
3334 5212 3473 5263 ,cuni
3501 5185 3676 5270 Ῐῖηιιιίὲ

2090 5257 2191 5336 sini
2215 5257 2612 5339 etinctationcln
2636 5256 3050 5339 tdllit‘tl‘elILCSSC
3068 5256 3193 5339 Attii,
3215 5256 3477 5339 prmi-iptio
3498 5256 3675 5326 ιῃιίιρη

2090 5326 2233 5379 circa
2255 5329 2520 5402 parvulos.
2546 5325 2755 5380 Etenim
2785 5329 3027 5396 subjicit:
3054 5332 3193 5398 Quid
3216 5325 3419 5402 Ϊυδιὶηᾶι
3440 5325 3677 5397 innocens

2090 5408 2211 5451 (Bias
2236 5402 2304 5450 (ut
2327 5397 2669 5451 remissionem
2691 5402 3050 5465 peccatorum?
3080 5397 3174 5457 lito
3215 5397 3284 5444 ἓ-
3309 5408 3369 5461 lsi
3382 5410 3503 5463 hinc
3530 5426 3680 5464 sum-

2091 5467 2262 5537 psissc
2292 5468 2499 5521 videtur
2536 5468 2886 5538 llicmnynius
2915 5472 3053 5537 quod
3082 5489 3147 5526 cx
3192 5475 3340 5529 libris
3376 5484 3438 5533 dc
3488 5482 3676 5536 Μυησ-

2089 5539 2261 5623 gmnia
2304 5540 2486 5623 citavit.
2522 5539 2806 5623 .Epistmad
2846 5540 3125 5623 l’aiiliiiuiii
3168 5563 3181 5595 :
3229 5547 3313 5623 ubi
3353 5561 3530 5607 tamen
3570 5570 3675 5623 pio

2091 5607 2367 5677 designatis
2389 5650 2402 5676 ,
2431 5607 2557 5663 dicit
2579 5608 2877 5663 candidatos
2923 5611 3062 5673 lidei,
3093 5622 3144 5665 ct
3174 5617 3328 5668 nullis
3358 5607 3675 5679 idololatria:

2089 5680 2337 5749 Sardibus
2356 5679 2610 5749 pollutos.
2650 5679 2781 5737 Βία.
3492 5718 3499 5723 .

2163 5749 2224 5828 (i)
2269 5749 2390 5811 Non
2430 5751 2526 5811 erit
2560 5760 2780 5813 sanctus.
2821 5750 2881 5815 Id
2923 5759 3023 5824 est,
3070 5752 3407 5818 christianos.
3465 5762 3673 5828 Etenim
