4042 6288
393 365 493 426 7‘2!

982 484 1209 543 CAPUT
1246 483 1404 543 XLII.

471 574 545 628 De
589 584 762 633 morte
795 577 906 649 jam
943 589 1211 651 superest,
1253 581 1331 651 (a)
1378 590 1433 636 ut
1475 581 1584 637 illic
1629 584 1851 639 materia
1893 598 1990 653 po-

397 678 507 733 nat,
539 668 615 741 (b)
641 670 729 724 ubi
750 670 864 741 ipsa
892 673 1068 727 anima
1094 684 1430 729 consummat
1470 690 1485 731 :
1514 691 1836 746 quamquam
1867 676 1991 747 Epi-

362 760 554 816 ‘curns
581 763 788 834 vulgari
823 763 954 818 satis
992 764 1246 835 opinione
1282 766 1489 836 negarit
1525 777 1753 822 mortem
1793 769 1859 823 ad
1893 785 1989 827 uos

395 854 686 924 pertinere.
726 855 907 923 «Quod
936 857 1078 913 enim
1110 857 1439 925 dissolvitur,
1471 859 1672 930 inquit,
1702 850 1864 916 sensu
1894 876 1987 917 ca-

392 956 512 1013 ret,
535 946 667 1002 nihil
694 946 763 1003 ad
790 962 943 1004 nos.»
981 949 1302 1005 Dissolvitur
1328 961 1508 1007 autem
1537 960 1594 1007 et
1618 961 1767 1008 caret
1797 967 1984 1019 sensu,

392 1052 496 1092 non
528 1038 641 1109 ipsa
673 1054 840 1108 mors,
872 1039 967 1095 sed
996 1041 1178 1107 homo,
1210 1041 1300 1113 qui
1330 1056 1449 1097 eam
1475 1043 1693 1114 patitur.
1724 1044 1793 1099 At
1821 1045 1912 1100 ille
1936 1045 1986 1101 ei

391 1129 539 1186 dedit
567 1131 893 1203 passionem,
920 1132 1072 1202 cujus
1096 1142 1179 1189 est
1201 1134 1366 1190 actio.
1396 1134 1549 1203 Quod
1569 1135 1614 1190 si
1640 1135 1872 1193 hominis
1903 1147 1988 1194 est

393 1222 498 1291 pati
523 1231 771 1289 mortem,
796 1223 1190 1280 dissolutricem
1207 1226 1473 1296 corporis,
1493 1236 1549 1282 et
1571 1231 1983 1300 peremptricem

391 1326 617 1379 sensus;
640 1327 800 1385 quam
832 1315 1095 1386 ineptum,
1120 1325 1178 1372 ut
1207 1324 1352 1371 tanta
1375 1317 1457 1372 vis
1479 1317 1545 1373 ad
1575 1318 1849 1376 hominem
1876 1339 1982 1379 non

392 1407 663 1474 pertinere
682 1406 920 1463 dicatur!
951 1408 1115 1463 Multo
1135 1409 1374 1464 coactius
1394 1408 1628 1466 Seneca:
1658 1429 1679 1464 ι
1694 1412 1820 1468 Ροςι
1840 1429 1981 1470 mor-

390 1506 519 1558 tem,
543 1497 637 1564 ait,
661 1498 842 1553 omnia
866 1498 1146 1564 finiuntur,
1169 1498 1332 1556 etiam
1359 1500 1529 1571 ipsa.»
1565 1501 1678 1558 Hoc
1705 1504 1749 1558 si
1780 1505 1850 1559 ita
1877 1515 1978 1570 est,

383 1588 494 1659 jam
535 1599 591 1645 et
633 1604 778 1646 mors
820 1589 886 1646 ad
931 1592 1278 1662 semetipsam
1321 1592 1646 1662 pertinebit;
1689 1596 1733 1650 si
1771 1605 1826 1651 et
1870 1597 1980 1667 ipsa

386 1679 604 1745 finitur,
633 1695 701 1736 eo
731 1682 900 1753 magis
928 1680 996 1737 ad
1028 1680 1300 1739 hominem
1324 1725 1340 1749 ,
1388 1682 1443 1739 iu
1481 1699 1593 1759 quo
1634 1686 1773 1743 inter
1802 1689 1980 1743 omnia

300 1826 301 1829 η
386 1771 623 1827 finiendo
642 1814 656 1836 .
683 1780 737 1828 et
774 1773 886 1843 ipsa
915 1772 1119 1830 finitur.
1149 1772 1292 1829 Mors
1322 1774 1455 1830 nihil
1483 1776 1550 1831 ad
1590 1791 1690 1833 nos
1714 1795 1749 1834 :-
1770 1793 1898 1850 ergo
1928 1790 1984 1834 et

386 1863 493 1918 vita
525 1862 655 1919 nihil
684 1863 751 1918 ad
784 1878 901 1918 nos.
926 1863 1004 1929 ,Si
1049 1865 1192 1921 enim
1224 1880 1332 1937 quo
1355 1865 1703 1923 dissolvimur
1723 1909 1738 1933 ,
1788 1879 1984 1940 pra-ter

384 1970 501 2019 nos,
532 1954 693 2009 etiam
715 1970 821 2026 quo
846 1956 1260 2028 compingimur,
1287 1968 1439 2013 extra
1470 1974 1588 2015 nos.
1617 1958 1673 2016 Si
1705 1960 1981 2034 ademptio

381 2062 573 2104 sensus
604 2047 736 2103 nihil
762 2047 829 2102 ad
853 2062 971 2114 uos,
1006 2048 1349 2119 necadeptio
1374 2064 1571 2107 sensus
1594 2053 1886 2123 .quicquam
1911 2053 1979 2107 ad

1715 370 1917 428 LIBER
1961 373 2048 431 DE
2084 375 2322 432 ANIMA.

2021 495 2073 554 Α
2098 491 2519 550 defetisccntiam
2547 510 2667 552 esse
2694 509 2942 554 somnum
2963 540 2977 564 ,
3010 499 3339 555 contrarium
3382 499 3561 571 potius
3589 501 3683 557 de-

3538 404 3547 407 '
3589 383 3694 439 722

2098 583 2433 652 fetiscentize,
2447 602 2607 658 quam
2626 588 2828 645 scilicet
2847 590 3006 645 tollit.
3021 589 3297 663 Siquidem
3316 590 3479 647 homo
3497 608 3689 649 somno

2097 679 2265 748 magis
2295 677 2564 746 reficitur,
2596 696 2755 751 qnam
2783 682 3051 754 fatigatur.
3099 683 3268 739 Porro
3287 726 3302 751 ,
3347 699 3447 740 nec
3474 699 3689 757 semper

2094 784 2159 825 ex
2188 769 2493 841 fatigatione
2527 774 2826 846 concipitur
2866 790 3123 843 somnus,
3162 784 3218 831 et;
3262 785 3436 831 tamen
3466 766 3687 832 cumex

2094 860 2185 915 illa
2212 872 2327 929 est,
2372 862 2461 917 illa
2497 864 2606 935 jam
2646 881 2753 920 non
2794 877 2895 922 est.
2943 866 3048 924 Sed
3093 882 3192 923 uec
3226 867 3685 940 refrigesceutiam

2093 954 2392 1023 admittam,
2426 967 2518 1011 aut
2546 973 2843 1015 marcorem
2872 961 3102 1031 aliquem
3128 961 3326 1017 caloris
3349 1004 3365 1026 ,
3396 976 3517 1016 cmn
3548 962 3687 1018 adeo

2091 1059 2316 1116 corpora
2348 1060 2539 1103 somno
2564 1049 2961 1120 concalescant,
2994 1062 3050 1106 ut
3078 1052 3411 1123 dispensatio
3436 1052 3683 1109 ciborum

2093 1153 2190 1208 per
2207 1152 2454 1194 somnum
2480 1156 2586 1219 non
2617 1141 2772 1198 facile
2792 1142 3107 1214 procederet
3130 1145 3308 1200 calore
3332 1143 3682 1215 properabili,

2090 1237 2146 1285 et
2168 1231 2343 1301 rigore
2367 1230 2633 1296 tardahili,
2657 1233 2703 1289 si
2724 1248 2915 1289 somno
2938 1233 3398 1306 refrigeraremur.
3430 1235 3556 1291 Plus
3576 1247 3680 1304 est,

2090 1321 2230 1391 quod
2289 1323 2449 1378 ctiam
2508 1324 2673 1380 sudor
2720 1324 2802 1398 (4)
2830 1325 3144 1397 digestionis
3178 1329 3454 1384 aestuantis
3486 1338 3570 1384 est
3595 1328 3682 1383 in-

2089 1411 2212 1467 dex.
2241 1413 2499 1484 Denique,
2527 1430 2867 1487 concoquere
2891 1416 3139 1486 dicimur,
3164 1419 3307 1489 quod
3332 1419 3550 1483 caloris,
3575 1436 3679 1475 non

2090 1503 2301 1575 frigoris
2331 1508 2574 1576 operatio
2600 1516 2703 1563 est.
2737 1507 2990 1576 Proinde,
3021 1509 3446 1566 deminutionem
3476 1512 3684 1566 anima-

2089 1596 2155 1652 lis
2183 1599 2423 1668 spiritus,
2457 1609 2547 1654 aut
2578 1599 2925 1671 indigentiam
2958 1602 3201 1672 spiritus,
3234 1614 3327 1658 aut
3354 1605 3683 1675 segregatio-

2088 1707 2211 1746 nem
2238 1692 2442 1746 consati
2474 1693 2693 1763 spiritus
2713 1735 2728 1761 ,
2769 1694 3142 1751 immortalitas
3168 1696 3364 1751 anima:
3406 1711 3513 1752 non
3553 1696 3682 1773 sinit

2087 1783 2251 1838 credi.
2277 1782 2353 1855 (g)
2386 1783 2529 1839 Perit
2552 1783 2727 1840 anima
2744 1786 2788 1841 si
2818 1787 3136 1843 minoratur.
3162 1786 3441 1858 Superest,
3460 1787 3504 1842 si
3522 1786 3681 1849 forte.

2087 1890 2208 1932 cum
2240 1874 2455 1942 Stoicis,
2490 1876 2872 1934 resolutionem
2902 1880 3170 1935 sensualis
3200 1880 3399 1951 vigoris
3425 1894 3673 1934 somnmn

2088 1967 2513 2024 dcterminemus
2531 2011 2545 2034 ,
2574 1970 2698 2042 quia
2724 1972 2970 2042 corporis
3009 1971 3178 2027 solius
3205 1973 3440 2043 quietem
3483 1986 3680 2043 procu-

2087 2069 2190 2125 ret,
2219 2075 2329 2115 nou
2348 2072 2402 2116 et
2425 2061 2637 2116 animzc.
2661 2063 2910 2118 Animam
2937 2065 3081 2119 enim
3109 2073 3165 2119 ut
3186 2077 3403 2134 semper
3427 2062 3681 2118 mobilem

383 2156 500 2197 nos.
550 2140 655 2197 Sed
700 2140 784 2214 (I)
834 2150 1066 2197 mortem
1111 2156 1324 2214 quoque
1353 2142 1647 2211 interimat,
1677 2146 1766 2216 qui
1792 2156 1843 2201 et
1868 2148 1981 2201 ani-
2012 2186 2058 2248 Β
2084 2164 2134 2209 et
2158 2168 2373 2225 semper
2389 2154 2704 2221 exercitam,
2741 2170 3009 2227 nunquam
3052 2155 3328 2210 snt-cidere
3370 2154 3452 2226 (ὅ)
3493 2156 3682 2226 quieti,

382 2252 544 2292 mam.
576 2234 647 2307 (c)
680 2237 722 2292 Α
756 2236 908 2294 nobis
931 2277 946 2304 ,
977 2246 1036 2292 ut
1064 2236 1132 2294 de
1159 2239 1441 2310 posthuma
1470 2241 1575 2296 vita
1595 2282 1612 2308 ,
1669 2252 1723 2298 et
1772 2241 1856 2316 (2)
1909 2242 1979 2299 de

378 2330 482 2384 alia
510 2328 780 2400 provincia
821 2327 1036 2396 animas,
1075 2329 1144 2385 ita
1187 2330 1254 2385 de
1298 2342 1470 2388 morte
1527 2333 1871 2402 tractabitur,
1913 2336 1981 2391 ad

379 2435 540 2492 quam
565 2421 644 2476 rel
664 2421 763 2492 ipsi
785 2423 1201 2493 pertinemus,si
1221 2422 1288 2478 ad
1312 2438 1410 2481 nos
1453 2424 1541 2480 illa
1596 2427 1829 2496 pertinet
1873 2427 1976 2499 (5).

382 2511 621 2584 Denique
640 2553 654 2579 ,
688 2527 785 2569 nec
813 2513 1088 2583 speculum
1117 2514 1233 2584 ejus
1257 2529 1477 2570 somnus
1498 2557 1513 2585 ,
1544 2516 1715 2572 aliena
1748 2519 1969 2574 materia

382 2612 488 2659 est.

870 2692 877 2699 ’
957 2697 1191 2755 CAPUT
1228 2698 1414 2756 XLIII.

454 2790 531 2844 De
558 2803 751 2845 somno
782 2790 933 2860 prius
960 2791 1328 2860 disputemus;
1360 2803 1511 2864 post,
1551 2804 1777 2851 mortem
1808 2797 1980 2867 quali-

380 2893 467 2940 ter
494 2884 670 2939 anima
702 2883 970 2940 decurrat.
1004 2885 1087 2957 (τι)
1115 2885 1231 2941 Νοιι
1264 2887 1444 2958 utique
1472 2892 1869 2947 cxtrauaturale
1898 2901 1980 2946 est

380 2989 626 3042 somnus,
653 2984 712 3030 ut
732 2975 1051 3048 quibusdam
1084 2978 1414 3050 philosophis
1444 2980 1636 3050 placet,
1663 2998 1784 3037 cum
1807 2998 1871 3039 ex
1897 2984 1980 3040 his

380 3082 505 3124 eum
533 3068 791 3138 deputant
817 3069 1017 3138 causis,
1046 3085 1166 3141 qua:
1192 3080 1388 3142 prtcter
1418 3082 1661 3128 naturam
1689 3073 1873 3130 haberi
1903 3077 1981 3130 ri-

380 3160 599 3216 dentur.
624 3158 788 3215 Stoici
813 3175 1061 3215 somnum
1088 3162 1470 3218 resolutionem
1492 3165 1757 3221 sensualis
1782 3166 1980 3237 rigoris

380 3252 687 3317 affirmant,
748 3249 995 3323 Epicurei
1037 3253 1459 3310 deminutionem
1504 3255 1724 3326 spiritus
1768 3259 1978 3313 anima-

380 3344 451 3400 Iis
472 3388 485 3407 ,
518 3345 591 3415 (ρ)
621 3345 966 3416 Anaxagoras
1003 3359 1126 3400 cum
1156 3345 1487 3416 Xenophaue
1527 3347 1975 3416 defetisccutiam,

384 3437 743 3508 Empedocles
757 3446 812 3493 et
827 3437 1170 3494 Parmenides
1187 3436 1643 3509 refrigerationem
1662 3457 1677 3506 ;
1700 3441 1773 3515 (f)
1800 3443 1980 3499 Strato

2087 2247 2276 2303 aliena:
2300 2248 2508 2303 scilicet
2534 2264 2565 2303 a
2596 2256 2738 2303 statu
2766 2248 3219 2303 immortalitatis:
3254 2248 3390 2303 nihil
3416 2248 3558 2306 enim
3585 2247 3685 2302 im-

2088 2341 2316 2396 mortale
2340 2341 2499 2397 fluem
2523 2342 2704 2413 operis
2723 2343 2805 2398 sui
2828 2342 3092 2410 admittit;
3116 2356 3340 2398 soumus
3359 2352 3536 2398 autem
3560 2343 3682 2398 finis

2087 2445 2170 2491 est
2195 2437 2396 2505 operis.
2430 2435 2668 2506 Denique
2693 2437 2907 2507 corpori
2946 2437 3033 2492 cui
3076 2436 3376 2492 mortalitas
3402 2437 3681 2505 competit,

2086 2529 2133 2582 ei
2161 2528 2262 2583 soli
2283 2528 2436 2599 quies
2464 2526 2624 2584 finem
2642 2528 2824 2597 operis
2848 2527 3114 2583 adulatur.
3140 2527 3240 2597 Qui
3263 2542 3392 2599 ergo
3410 2527 3478 2583 de
3499 2527 3676 2582 somni

2088 2620 2430 2676 naturalitate
2458 2620 2758 2683 dubitabit,
2808 2621 2970 2676 habet
3013 2620 3226 2689 quidem
3274 2620 3584 2675 dia‘eeticos
3628 2621 3680 2673 in

2084 2713 2302 2768 dubium
2333 2713 2664 2769 deducentes
2695 2722 2860 2768 totam
2891 2713 3209 2769 naturalium
3240 2722 3295 2768 et
3320 2721 3685 2767 cxtranatnra-

2085 2805 2213 2860 lium
2241 2804 2625 2859 discretionem
2651 2846 2667 2872 ,
2714 2813 2771 2859 ut
2811 2820 2933 2874 qua:
2965 2803 3234 2874 putaverit
3273 2805 3404 2858 citra
3434 2813 3681 2857 naturain

2084 2889 2221 2959 esse,
2249 2905 2455 2950 natura:
2477 2894 2734 2949 vindicari
2759 2895 2894 2948 sciat
2925 2908 3105 2964 posse,
3136 2910 3165 2946 a
3187 2908 3293 2963 qua
3323 2894 3391 2947 ita
3419 2906 3540 2946 esse
3566 2906 3683 2945 sor-

2086 2989 2179 3042 tita
2206 2997 2350 3053 sunt,
2383 2997 2438 3041 ut
2464 2988 2599 3042 citra
2625 3002 2741 3041 eam
2767 2979 2952 3040 haberi
2976 2985 3276 3051 vidcantur,
3309 2997 3361 3040 ct
3385 2986 3567 3055 utique
3589 2994 3685 3038 ant

2086 3090 2274 3135 natura
2301 3078 2481 3133 omnia
2504 3120 2518 3144 ,
2548 3088 2637 3131 aut
2669 3077 2812 3132 nulla
2843 3087 3052 3131 natura.
3096 3076 3252 3145 Apud
3284 3091 3382 3129 nos
3415 3085 3594 3129 autem
3624 3074 3677 3127 id

2054 3218 2061 3227 .
2086 3172 2279 3242 poterit
2305 3170 2511 3233 audiri,
2542 3168 2684 3239 quod
2717 3167 2806 3223 Dei
2836 3167 3221 3236 contemplatio
3247 3167 3517 3234 suggerit,
3545 3179 3674 3251 anc-

2083 3263 2214 3317 toris
2262 3254 2499 3316 dtinuium
2547 3259 2617 3316 dc
2660 3259 2854 3331 quibus
2894 3260 3170 3330 quaeritur.
3214 3255 3495 3313 Ctedimus
3538 3256 3683 3310 enim

2085 3355 2163 3426 (Ιι)
2186 3354 2229 3408 si
2257 3352 2382 3424 quid
2403 3360 2485 3408 est
2502 3363 2710 3417 natura,
2733 3350 2989 3406 rationale
3016 3348 3229 3418 aliquod
3248 3362 3382 3418 opus
3406 3346 3495 3401 Dei
3514 3360 3683 3410 ,esse.

2083 3404 2558 3513 Porro,'sgntttttm
2588 3444 2725 3498 ratio
2752 3442 2926 3513 praeit,
2962 3450 3067 3495 tam
3096 3448 3302 3509 aptum,
3338 3448 3444 3494 tam
3474 3404 3912 3513 utilemJRM-

383 3532 814 3603 segreguiunem
843 3531 1049 3587 consati
1081 3532 1298 3603 spiritus
1315 3573 1331 3599 ,
1369 3504 1978 3609 Dentocritus‘indigen-
2007 3569 2052 3633 ρ
2080 3547 2195 3594 .tam
2222 3504 2609 3602 necessarium,
2636 3544 2694 3589 ut
2710 3535 2914 3605 absque
2931 3533 3024 3589 illo
3045 3533 3195 3589 nulla
3220 3531 3397 3603 anima
3416 3527 3682 3593 sufficiat;

331 3648 335 3651 ·
385 3624 517 3681 tiam
545 3624 802 3695 Spiritus,
836 3624 1156 3680 Aristotcles
1186 3641 1482 3682 marcorem
1525 3628 1981 3689 circumcordialis

384 3717 603 3772 caloris.
640 3716 749 3788 Ego
779 3732 865 3771 me
893 3732 1162 3788 nunquam
1194 3718 1264 3772 ita
1294 3719 1561 3775 dormisse
1586 3734 1886 3790 pnesumo,
1919 3734 1977 3782 ut

385 3822 453 3864 ex
483 3807 567 3864 his
586 3807 787 3880 aliquid
809 3823 1119 3880 agnoscam.
1148 3808 1331 3883 Neque
1351 3813 1495 3869 enim
1519 3814 1848 3874 credendum
1873 3830 1973 3888 cs1,

2087 3641 2445 3688 mercatorem
2472 3644 2782 3699 corporum,
2806 3626 3286 3698 redintegratorem
3308 3623 3530 3683 virium,
3559 3634 3656 3691 pro
3674 3647 3686 3658 -

2082 3728 2320 3784 batorem
2369 3724 2449 3795 (6)
2506 3723 2890 3788 valetudinum,
2945 3729 3250 3791 pacatorem
3298 3732 3544 3788 operum,
3573 3730 3689 3769 mc-

2086 3820 2266 3877 dieum
2288 3819 2572 3883 laborum;
2600 3815 2687 3873 cui
2717 3814 2956 3886 legitime
2982 3810 3210 3869 fruendo
3239 3810 3359 3867 dies
3388 3806 3552 3874 cedit,
3579 3820 3687 3862 nox

1640 3930 2019 3992 LECTIONES
2051 3933 2472 3993 VABIANTES.

416 4090 435 4173 Ἀ
847 4104 961 4173 quia
987 4106 1219 4173 ctanima
1254 4108 1301 4156 in
1334 4107 1477 4173 nobis
1512 4112 1569 4173 ut
1589 4108 1866 4173 depositum
1892 4114 1981 4163 ba-

386 4167 532 4241 bitlat,
557 4173 613 4241 et
628 4176 688 4241 ut.
702 4169 844 4241 Pam.
866 4167 1077 4241 anubis
1098 4177 1158 4241 ut
1172 4169 1450 4233 depositum
1472 4171 1616 4232 avita,
1637 4167 1690 4224 et
1708 4169 1793 4225 lib.
1825 4174 1980 4241 Agob.

454 4227 528 4294 (5)
557 4228 781 4281 Pertinet
799 4227 951 4281 0min.
978 4227 1088 4295 Βία.
1124 4239 1238 4281 rea.

2173 4108 2225 4163 5)
2250 4112 2530 4163 Succedere
2552 4108 2706 4162 Rhea.
2728 4112 2873 4160 Pam.

2172 4049 2221 4110 4)
2239 4049 2359 4101 Plus
2382 4056 2460 4101 est
2476 4050 2626 4110 etiam
2645 4063 2656 4097 :
2677 4025 2825 4098 sudor
2848 4044 2957 4110 Rig.
2983 4053 3098 4095 Ven.

2239 4049 2359 4163 glus
2377 4056 2460 4162 geist
2474 4049 2957 4162 ξιίῖῧι
2983 4053 3098 4095 Ven.
3211 4139 3217 4145 ι

2151 4049 2225 4243 (ϐξ
2248 4126 2551 4228 ι’ΐὲῗθιοξθῇι
2569 4171 2643 4226 vel
2666 4146 3031 4237 prorogatorem
3056 4169 3158 4221 Lat.

1759 4314 2317 4404 COMMENTARIUS.

641 4454 886 4510 XLI|.-——
905 4453 984 4527 (a)
1014 4452 1085 4509 Ut
1104 4453 1212 4527 illic
1235 4456 1451 4527 materia
1471 4466 1648 4525 ponat.
1673 4456 1785 4514 Hoc
1805 4468 1908 4524 est,
1938 4467 1997 4513 ut

392 4524 506 4582 illic
531 4525 743 4580 desinat
768 4524 947 4581 sermo
965 4524 1074 4580 iste
1097 4524 1167 4581 de
1195 4526 1393 4582 anima.
1427 4524 1551 4583 RIG.

468 4596 551 4666 (b)
582 4594 681 4651 Ubi
707 4597 819 4665 ipsa
847 4597 1386 4652 anima‘consnmmat.
1424 4597 1523 4655 Ubi
1567 4600 1743 4653 anima
1765 4640 1781 4665 ,
1820 4599 1993 4656 disce-

388 4667 532 4723 dens
561 4681 590 4720 a
623 4682 872 4739 corpore.
901 4678 1054 4722 actus
1082 4667 1134 4722 in
1162 4683 1229 4723 eo
1255 4670 1337 4722 sui
1368 4669 1579 4739 singula
1607 4680 1906 4738 computat,
1940 4682 1995 4727 et

396 4753 662 4809 summam
689 4738 914 4809 colligit,
932 4746 1192 4809 tanquam
1223 4738 1506 4809 pecuniam
1527 4740 1597 4796 de
1619 4741 1802 4797 multis
1812 4744 1995 4798 nomi-

397 4807 557 4865 nibus
581 4807 900 4864 confectam.
927 4808 1049 4866 R16.

471 4876 546 4952 (c)
575 4881 618 4933 Α
638 4879 790 4952 nobis
817 4888 875 4952 ιιι
898 4879 967 4952 de
994 4882 1264 4948 post/ruma
1288 4881 1393 4936 vita
1432 4892 1478 4937 et
1508 4881 1574 4937 de
1596 4884 1703 4937 alia
1736 4884 1997 4952 provincia

398 4951 605 5025 quintae.
635 4950 1051 5025 Elegantissime
1081 4952 1159 5007 ait
1183 4953 1496 5025 Septimius,
1526 4969 1556 5007 a
1580 4950 1771 5019 nobis,
1802 4970 1997 5025 nempe

400 5020 742 5096 Christianis,
764 5021 839 5096 ita
855 5020 924 5077 de
946 5032 1120 5096 morte
1143 5021 1382 5089 tractari,
1412 5034 1665 5094 tauquam
1690 5025 1755 5081 de
1778 5020 1997 5096 posthu-
2034 5046 2035 5049 η

403 5107 490 5148 ma
519 5093 646 5147 vita.
684 5091 896 5147 Etenim
937 5094 1141 5148 scimus
1175 5106 1434 5150 :eternam
1474 5091 1714 5152 manere.
1759 5091 1838 5151 ᾹιΙ
1876 5112 1995 5153 eam

403 5178 533 5219 vero
557 5177 587 5218 a
613 5174 789 5220 morte
815 5163 1055 5220 transiri.
1081 5163 1268 5235 Itaque
1294 5181 1416 5222 esse
1446 5168 1784 5236 posthumam
1813 5168 1993 5223 morti.
2070 5171 2075 5175 ’

479 5304 632 5362 CAP.
651 5303 833 5361 XLIII.
849 5336 923 5378 έ-
940 5304 1021 5377 (tl)
1047 5304 1172 5378 Non
1191 5238 1847 5378 utiqusextmnatarltﬂgest
1865 5326 2000 5364 som-

406 5394 525 5441 nus,
571 5385 627 5430 ut
669 5375 973 5447 quibusdam
1001 5375 1337 5448 philosophis
1361 5375 1565 5448 'pfacet.
1611 5378 1869 5435 Somnum
1916 5381 2004 5436 hic

407 5447 556 5519 juxta
587 5460 831 5521 naturam
854 5461 984 5521 esse
1015 5447 1205 5516 probat
1247 5463 1330 5521 ex_
1355 5447 1518 5504 rariis
1558 5449 2000 5521 phil050phorum

410 5517 691 5600 dogmatis.
742 5517 917 5573 Varirc
940 5530 1129 5602 autem.
1145 5528 1271 5602 sunt
1299 5518 1369 5574 de
1395 5517 1574 5602 causa
1588 5521 1762 5577 somni
1790 5522 1972 5591 opinio
1988 5554 2002 5565 ο

411 5605 529 5644 nes.
557 5587 830 5645 Videndus
853 5588 1088 5645 Galenus
1118 5605 1170 5644 In
1198 5587 1337 5644 Hm.
1369 5589 1573 5646 Philus.
1603 5600 1659 5646 et
1689 5592 2002 5646 Plutarchus

411 5605 529 5644 nes.
557 5588 830 5645 Videndus
853 5588 1088 5645 Galenus
1117 5589 1170 5644 in
1198 5588 1337 5644 Hist.
1369 5589 1573 5646 Philus.
1603 5600 1659 5648 et
1689 5588 2003 5648 Plutarchus

416 5659 507 5715 lib.
537 5659 608 5715 24
635 5673 689 5715 et
707 5659 802 5724 25,
829 5660 893 5713 de
920 5657 1156 5716 Placitis.
1188 5659 1267 5715 Ls
1290 5661 1383 5716 Pa.

485 5729 560 5801 (c)
588 5731 924 5801 Anaxagoras
946 5747 1060 5801 cum
1084 5729 1407 5801 Xeaoitltaae
1429 5732 1854 5801 defctiuenliam.
1878 5732 2002 5787 Plu-

417 5800 648 5864 tarchus,
668 5801 868 5873 li_h.5l.
887 5815 937 5856 c.
954 5800 1049 5867 25,
1072 5801 1136 5857 de
1164 5800 1378 5873 Placitis
1406 5820 1418 5856 :
1453 5822 1471 5855 ι
1487 5800 1834 5873 Anaxagoras
1855 5817 2006 5857 som-

420 5886 542 5927 num
570 5871 814 5928 aecidere
843 5880 992 5943 putat
1019 5872 1381 5935 functionibus
1406 5875 1650 5945 corporis
1677 5871 1696 5930 Ξ
1721 5889 1825 5931 non
1854 5874 1999 5931 enim

2100 4460 2294 4536 animae
2319 4474 2473 4536 esse,
2505 4458 2600 4536 sed
2626 4457 2869 4536 corporis
2896 4453 3292 4536 adfectionem;
3318 4462 3544 4536 mortem
3567 4467 3691 4509 esse

2101 4532 2293 4587 animm
2327 4526 2737 4607 divulsionem:
2755 4528 3059 4607 Leucippus
3095 4526 3273 4607 solius.
3297 4526 3692 4607 corporisesse

2102 4616 2348 4676 somnum
2374 4618 2388 4654 :
2418 4615 2653 4676 cumque
2677 4602 2764 4676 oh_
2789 4595 3103 4676 tenuitatem
3142 4597 3368 4676 partium
3399 4595 3517 4676 plus
3542 4595 3691 4676 justo

2101 4673 2408 4728 excernitur
2433 4665 2655 4728 aniniati
2683 4669 2901 4734 caloris,
2928 4683 2995 4722 eo
3025 4665 3255 4722 mortem
3285 4665 3424 4721 effici
3449 4666 3691 4733 corporis

2102 4745 2218 4798 hzec
2246 4758 2393 4817 esse,
2420 4758 2523 4798 non
2553 4743 2747 4796 anima:
2772 4739 3127 4817 adfectiones.
3160 4735 3512 4817 Empedocles
3540 4749 3688 4817 Inpr-

2104 4824 2209 4885 tem
2236 4830 2358 4869 esse
2376 4804 2782 4885 ignemnatura:
2812 4810 3168 4866 secretionetn
3191 4807 3259 4861 ab
3286 4807 3373 4867 iis,
3402 4821 3471 4885 ex
3491 4804 3689 4874 quibus

2101 4884 2267 4940 homo
2291 4875 2527 4948 coaluit;
2560 4883 2790 4953 ideoque
2815 4895 3156 4937 communem
3187 4891 3307 4959 esse
3337 4875 3533 4929 anima:
3562 4891 3687 4959 cur-

2104 4958 2618 5030 poriqne_tnortem_,-
2649 4968 2897 5030 somnum
2924 4960 3123 5030 autem,
3147 4957 3361 5030 evenire
3378 5018 3394 5030 Δ
3419 4957 3695 5030 secretioris

2101 5015 2301 5081 natura:
2329 5028 2539 5093 ignem.)
2575 5015 2792 5093 Refutat.
2821 5025 2957 5076 hanc
3010 5018 3334 5093 sententiam
3367 5015 3685 5070 Aristoteles

2104 5099 2199 5154 lib.
2229 5098 2292 5150 de
2320 5089 2515 5152 somno
2541 5106 2588 5150 et
2630 5092 2840 5162 Vigt'lt'a,
2870 5106 2990 5161 cap.
3022 5092 3076 5146 5.
3112 5089 3243 5162 Lac.

2175 5169 2242 5239 (f)
2264 5167 2442 5240 Strato
2461 5155 2868 5240 segregatione:
2891 5155 3085 5240 conatui
3109 5161 3337 5240 spiritus,
3359 5166 3462 5211 etc.
3492 5155 3693 5240 llornnt

2106 5230 2388 5295 immemor
2415 5230 2766 5308 Plutarchus;
2812 5231 3125 5308 sedueornm
3151 5230 3335 5308 opinio
3356 5235 3592 5308 cognata
3610 5230 3690 5308 vi:

2103 5311 2262 5365 detur
2287 5322 2408 5363 esse
2437 5295 2762 5377 Epicureas,
2792 5302 2950 5377 et_':_|li
2978 5316 3137 5371 quam
3170 5295 3476 5369 Empedocli
3507 5295 3695 5377 tribuit

2104 5377 2426 5436 Plutarchus
2477 5371 2500 5431 ε’
2521 5389 2717 5444 nempe
2759 5371 3003 5428 accidere
3051 5384 3326 5444 sonantia
3353 5371 3695 5444 segregatione

2104 5453 2267 5521 ignea:
2294 5459 2508 5521 uatum.
2537 5438 2779 5521 Meminit
2809 5452 2989 5521 tamen
3015 5441 3241 5494 aliorum
3270 5438 3607 5500 Plutarchus,
3639 5446 3697 5490 ut

2105 5511 2428 5578 chmmonis
2451 5526 2505 5574 et
2535 5516 2800 5588 Diogenis.
2819 5511 2969 5588 Lac.
3119 5577 3154 5588 Α
3517 5576 3528 5587 ·
3564 5575 3578 5588 θ

2178 5592 2255 5662 (g)
2285 5590 2428 5662 Perit
2467 5577 2664 5643 anima'
2679 5584 2723 5638 si
2762 5584 3064 5662 minor-amr.
3114 5577 3697 5662 Consatttmnspiritum

2106 5646 2270 5732 aliqui
2310 5661 2737 5732 dixeruntesse
2758 5654 3031 5732 animam;
3082 5662 3248 5717 quare
3289 5647 3333 5732 si
3373 5646 3699 5732 idiut‘inuitur

2109 5713 2482 5805 spiritus—ille,
2514 5724 2867 5784 minorabitur
2893 5720 3070 5776 anima
3097 5713 3115 5772 ἕ
3143 5731 3311 5787 tl“are
3339 5713 3581 5769 "‘om'is
3606 5729 3700 5770 es"

2108 5802 2374 5860 set.Lac.
2982 5861 2991 5864 ,
3107 5858 3116 5864 ,
3371 5853 3391 5864 -
3482 5860 3492 5864 ,
3578 5853 3609 5864 μ.

2183 5853 2502 5947 (Ity-Siquid
2538 5879 2610 5926 est
2647 5875 2859 5935 natura,
2896 5858 3172 5926 rationale,
3216 5866 3322 5917 etc.
3371 5853 3701 5920 Lactantius,

3678 6054 3707 6071 κ
