4042 6288
406 379 511 440 725

1749 380 1954 440 LIBER
1994 376 2082 434 DE
2122 375 2357 435 ANIMA.

3592 378 3696 437 726

405 510 461 559 et
488 503 757 561 Neronem
799 508 1087 565 Suetonius
1114 508 1232 581 (a),
1273 516 1327 565 et
1372 506 1778 563 Thrasimcdem
1822 501 1997 555 'l‘tieo-
2023 493 2207 561 Aiam
2233 494 2398 552 forma
2424 537 2439 563 ,
2491 512 2740 556 somnum
2781 499 2976 556 ecstasi
3004 500 3272 566 miscens,
3322 506 3377 556 et
3406 504 3593 554 natura
3623 496 3694 551 de

406 596 742 666 pompus(b),
767 611 963 668 negant
991 616 1220 672 unquam
1233 600 1679 656 somniassernisi
1713 599 1801 654 vix
1831 597 2001 652 Nero-

405 698 529 739 nem
549 727 564 749 ,
617 688 669 739 in
694 687 880 741 ultimo
911 690 1079 756 exitu,
1115 701 1233 761 post
1263 705 1489 760 pavores
1512 705 1660 745 suos.
1700 688 1834 757 Quid
1873 688 1916 743 si
1948 697 2001 742 et

407 778 778 837 IIermotimus
804 783 874 836 ita
903 783 1032 847 fuit,
1068 793 1125 839 ut
1147 784 1315 840 otium
1341 784 1532 838 anima:
1562 783 1693 837 nihil
1724 781 1999 852 operantis

406 872 458 927 in
513 875 715 927 sonmis
778 874 1063 930 divortimn
1105 878 1413 932 crederetur
1453 879 1551 948 (I).
1599 877 1789 932 Omnia
1821 877 2001 943 magis

404 966 677 1036 εοηὶθείθε
701 1009 716 1033 9
750 985 907 1038 quam
953 970 1403 1027 istamJicentiam
1447 974 1640 1026 anima:
1678 973 1794 1026 sine
1826 979 2000 1024 morte

406 1056 660 1128 fugitiva},
694 1059 765 1131 (e)
794 1071 843 1114 et
871 1061 1083 1130 quidem
1133 1080 1195 1117 ex
1228 1061 1394 1119 {omnia
1418 1105 1433 1131 ,
1481 1064 1784 1119 continuam
1814 1062 1913 1136 (2).
1943 1060 1999 1117 Si

405 1152 548 1206 enim
575 1155 676 1207 tale
703 1154 829 1223 quid
859 1156 1028 1211 semel
1059 1158 1303 1213 accidere
1328 1160 1537 1214 dicatur
1558 1203 1572 1223 ,
1612 1168 1667 1213 ut
1697 1157 1996 1226 deliquium

405 1244 533 1299 solis
565 1244 650 1317 (5)
697 1257 787 1300 aut
837 1249 1008 1314 lunae,
1034 1249 1105 1304 ita
1133 1261 1184 1305 ct
1214 1252 1443 1313 animae;
1475 1268 1606 1309 sane
1645 1251 2000 1323 persuadcrcr

404 1336 660 1393 divinitus
686 1341 914 1405 factum;
958 1356 1255 1414 congruere
1281 1346 1422 1401 enim
1452 1346 1724 1405 hominem
1751 1364 1844 1405 seu
1883 1367 2000 1408 mo-

402 1430 554 1494 neri,
598 1446 695 1486 seu
744 1433 929 1488 terreri
976 1448 1004 1487 a
1040 1435 1176 1502 Deo,
1218 1438 1362 1493 velut
1401 1439 1609 1511 fulgure
1653 1441 1731 1513 (4)
1774 1445 1997 1514 rapido,

411 1536 802 1581 momentanea:
841 1529 1027 1584 mortis
1055 1530 1200 1598 ictu;
1235 1532 1277 1586 si
1312 1547 1415 1588 non
1460 1535 1627 1605 magis
1657 1537 1709 1590 in
1748 1539 1999 1606 proximo

404 1631 547 1676 esset
577 1623 844 1677 somnium
872 1624 1019 1680 credi
1046 1668 1060 1691 ,
1103 1627 1246 1696 quod
1277 1628 1513 1697 vigilanti
1543 1632 1724 1700 potius
1754 1633 1999 1689 accidere

398 1715 641 1784 deberet,
672 1718 718 1771 si
746 1733 851 1773 non
877 1721 1142 1774 somnium
1174 1722 1341 1792 magis
1366 1722 1513 1778 credi
1566 1733 1840 1794 oporteret
1897 1726 1999 1799 (5).

972 1855 1199 1914 CAPUT
1264 1858 1426 1916 XLV.

472 1963 736 2020 Tcncmur
761 1966 849 2022 hic
890 1967 958 2025 de
986 1972 1189 2025 somnis
1231 1987 1450 2040 quoque
1481 1973 1836 2029 christianam
1867 1991 1990 2031 sen-

401 2048 623 2112 tentiam
669 2073 1022 2129 exprmnere,
1073 2072 1128 2126 ut
1166 2061 1234 2117 de
1261 2064 1620 2119 accidentibus
1667 2066 1746 2137 (6)
1791 2069 1995 2134 somni;

394 2161 452 2207 et
476 2166 580 2206 non
609 2152 833 2208 modicis
855 2140 1239 2221 initiationibus
1265 2158 1460 2213 anim-.1:
1484 2201 1497 2224 ,
1539 2176 1699 2231 quam
1728 2160 1996 2218 ediximus

397 2242 734 2313 negatiosam
761 2286 776 2310 ,
825 2255 879 2300 et
923 2248 1215 2302 exercitam
1262 2265 1476 2321 semper
1519 2268 1587 2307 ex
1640 2257 1994 2326 perpetuitate

398 2338 717 2393 mutationis
743 2379 757 2403 ,
791 2339 935 2408 quod
964 2340 1256 2396 divinitatis
1285 2354 1338 2397 et
1365 2343 1781 2402 humortalitatis
1801 2359 1883 2404 est
1912 2365 1998 2404 ra-

398 2430 494 2484 tio.
528 2429 710 2501 Igitur,
742 2448 863 2488 eum
895 2435 1047 2505 quies
1074 2437 1389 2504 corporibus
1415 2440 1628 2503 evenit,
1654 2454 1880 2510 quorum
1906 2456 1996 2497 so-

392 2521 576 2578 latium
629 2529 904 2596 proprium
947 2539 1070 2595 est,
1119 2545 1314 2585 vacans
1357 2532 1443 2586 illa
1472 2548 1501 2588 a
1533 2534 1730 2589 solatio
1773 2535 1990 2603 alieno,

349 2626 500 2672 -‘-non
550 2622 810 2688 quiescit;
862 2632 917 2677 et
946 2623 991 2677 si
1021 2633 1170 2678 caret
1193 2639 1360 2694 Opera
1390 2626 1755 2681 membrorum
1799 2643 1995 2699 corpo-

390 2712 620 2775 ralium,
663 2714 773 2768 suis
823 2716 1003 2768 utitur.
1055 2716 1287 2787 Concipe
1343 2718 1422 2787 (7)
1469 2717 1819 2788 gladiatorem
1879 2721 1997 2777 sine

389 2804 577 2867 armis,
613 2807 695 2859 vel
722 2808 967 2877 aurigam
995 2810 1115 2865 sine
1141 2810 1444 2878 curriculis,
1474 2813 1855 2881 gesticulantes
1881 2830 1997 2869 om-

392 2910 518 2951 nem
562 2895 799 2952 habitum
840 2900 972 2953 artis
1013 2913 1124 2954 sua:
1164 2910 1324 2972 atque
1365 2911 1640 2957 conatum.
1685 2903 1993 2974 Pugnatur,

391 3000 669 3056 certatur;
703 2990 796 3046 sed
828 3007 993 3076 vacua
1016 2991 1235 3061 jactatio
1263 3002 1364 3048 est.
1415 2993 1777 3073 Nihilominuj
1810 3004 1993 3051 tamen

392 3083 514 3138 tieri
544 3083 791 3138 videntur
817 3125 830 3146 ,
880 3100 1000 3154 qu:c
1028 3084 1144 3140 fieri
1177 3095 1355 3141 tamen
1403 3102 1509 3141 non
1539 3086 1824 3153 videntur;
1871 3099 1996 3145 actu

390 3178 536 3231 enim
597 3177 747 3242 ﬁunt,
809 3176 1001 3231 effectu
1057 3177 1135 3251 (8)
1191 3193 1318 3234 vero
1368 3194 1472 3233 non
1524 3179 1676 3234 fiunt.
1707 3179 1857 3236 Hanc
1888 3181 1992 3235 vim

2106 585 2294 641 forma.
2328 589 2565 662 Denique
2590 634 2603 657 ,
2630 603 2684 648 et
2707 591 3040 648 oblectamur
3061 633 3078 660 ,
3109 602 3164 648 et
3188 591 3573 648 contristamur
3595 632 3610 655 ,
3658 599 3707 642 ιιι

2103 687 2473 739 conterrémnr
2504 687 2554 740 in
2584 687 2841 753 somniis,
2879 702 3038 758 quam
3068 686 3277 742 adfecte
3299 728 3312 752 ,
3347 695 3399 740 ct
3420 685 3606 747 anxie,
3638 695 3690 737 et

2104 773 2460 842 passibiliter!
2506 793 2627 833 cum
2662 779 2714 833 in
2754 780 2899 834 nullo
2943 794 3405 849 permoveremur,
3439 795 3466 831 a
3510 778 3696 832 vacuis

2103 868 2309 923 scilicet
2340 870 2673 938 imaginibus,
2704 873 2746 926 si
2773 881 3051 942 compotes
3079 872 3491 925 somniarcmus.
3525 869 3686 923 Deni-

2104 974 2208 1027 quc
2237 971 2289 1014 ct
2317 960 2451 1015 bona
2487 961 2621 1017 facta
2648 964 2878 1033 gratuita
2910 972 3029 1017 sunt
3066 962 3115 1016 in
3145 963 3348 1017 somnis
3368 1004 3383 1027 ,
3418 970 3471 1016 et
3499 961 3690 1016 delicta

2105 1065 2331 1117 secura;
2376 1067 2480 1107 nun
2515 1055 2681 1124 magis
2711 1055 2853 1109 enim
2879 1055 2948 1109 ob
2976 1054 3144 1122 stupri
3176 1053 3436 1107 visionem
3472 1052 3693 1106 damna-

2105 1146 2302 1212 bimur,
2334 1162 2494 1215 quam
2517 1146 2587 1201 ob
2620 1148 2859 1220 martyrii
2882 1124 3281 1202 coronabitmir.
3312 1145 3376 1199 Et
3401 1144 3690 1215 quomodo,

2105 1239 2299 1308 inquis,
2331 1254 2540 1294 memor
2566 1249 2649 1295 est
2680 1242 3010 1295 somniorum
3040 1240 3216 1294 anima
3244 1280 3257 1304 ,
3296 1239 3503 1294 scilicet
3532 1253 3691 1309 quam

2103 1343 2407 1400 compotem
2437 1346 2560 1387 esse
2592 1348 2697 1388 non
2731 1333 2897 1388 licet?
2925 1332 3037 1387 Hoc
3064 1333 3164 1387 erit
3194 1332 3490 1402 proprietas
3510 1347 3694 1386 amen—

2106 1424 2192 1478 tiae
2220 1423 2410 1492 huius,
2440 1425 2561 1493 quia
2595 1440 2699 1479 non
2739 1425 2796 1479 tit
2824 1440 2891 1479 ex
2917 1424 3409 1493 corruptelwbona:
3437 1422 3695 1479 valetudi-

2107 1514 2222 1581 nis,
2272 1516 2365 1570 sed
2392 1531 2457 1570 cx
2492 1517 2704 1572 ratione
2746 1526 2971 1575 natura}.
3013 1515 3124 1570 Nec
3163 1515 3308 1569 enim
3335 1516 3693 1579 exterminat,

2105 1608 2203 1664 sed
2230 1617 2419 1663 avocat
2446 1618 2704 1664 mentem.
2737 1609 2897 1664 Aliud
2930 1619 3013 1664 est
3041 1618 3332 1664 concutere
3359 1650 3372 1666 .
3405 1609 3546 1664 aliud
3578 1624 3694 1665 mo-

2104 1722 2269 1772 vere;
2303 1708 2445 1764 aliud
2487 1719 2754 1772 evertere,
2788 1710 2932 1765 aliud
2965 1710 3189 1779 agitare.
3220 1710 3386 1780 Igitur
3408 1697 3552 1779 quod
3583 1720 3695 1760 me-

2106 1799 2273 1854 moria
2326 1801 2600 1871 suppetit,
2636 1801 2838 1856 sanitas
2886 1802 3080 1856 mentis
3127 1810 3248 1865 est;
3304 1800 3444 1871 quod
3494 1798 3695 1852 sanitas

2029 1889 2077 1948 B
2107 1893 2299 1948 mentis
2342 1895 2487 1948 salva
2532 1895 2791 1949 memoria
2837 1903 3050 1964 stupet,
3104 1894 3350 1948 amentim
3386 1907 3557 1964 genus
3587 1898 3689 1945 est.

2102 1986 2227 2041 Ideo
2257 2002 2360 2041 non
2390 1987 2619 2042 dicimur
2649 1987 2854 2055 furere,
2899 1988 2992 2044 sed
3019 1988 3288 2042 somniare
3323 2004 3337 2043 :
3370 1986 3438 2059 (e)
3484 1985 3602 2039 ideo
3630 1993 3686 2038 et

2102 2077 2426 2148 prudentes,
2472 2080 2515 2134 si
2546 2078 2762 2149 quando
2791 2096 2977 2135 sumus
3006 2098 3019 2133 :
3053 2095 3243 2150 sapere
3274 2080 3416 2133 enim
3450 2085 3690 2131 nostrum

2101 2169 2224 2225 licet
2250 2170 2621 2237 obumbretur,
2652 2187 2757 2227 non
2785 2181 2961 2228 tamen
2989 2172 3367 2243 exstinguitur.
3410 2170 3521 2224 Nisi
3549 2167 3690 2239 quod

2103 2270 2156 2315 et
2184 2263 2360 2330 ipsum
2390 2263 2771 2332 potestvideri
2803 2277 2993 2319 vacare
3039 2271 3200 2327 tunc;
3251 2262 3484 2317 ccstasin
3517 2269 3693 2314 autem

2103 2350 2204 2408 hoc
2237 2367 2448 2423 quoque
2479 2354 2692 2423 operari
2723 2354 2792 2410 de
2814 2368 2915 2409 suo
2944 2355 3196 2425 proprio,
3231 2353 3395 2408 ut-sic
3426 2352 3580 2407 nobis
3607 2366 3696 2404 sa-

2103 2445 2316 2515 pientia:
2347 2445 2614 2517 imagines
2642 2446 2829 2502 inferat
2850 2488 2865 2510 ,
2907 2446 3359 2517 quemadmodum
3389 2456 3442 2501 et
3468 2447 3691 2501 erroris.

2670 2538 2898 2595 CAPUT
2934 2538 3122 2594 XLVI.

2173 2629 2314 2686 Ecce
2344 2645 2534 2685 rursus
2558 2645 2852 2701 urgemur,
2888 2631 3050 2687 etiam
3085 2630 3153 2685 de
3192 2630 3428 2700 ipsorum
3461 2629 3699 2684 somniu-

2100 2738 2219 2778 rum
2252 2729 2549 2777 retractatu
2576 2764 2592 2779 .
2625 2722 2819 2792 quibus
2844 2724 3021 2778 anima
3044 2724 3276 2792 iactatur
3299 2764 3315 2785 ,
3369 2721 3694 2790 exprimere.

2100 2816 2168 2871 Et
2192 2815 2404 2887 quando
2431 2816 2805 2885 perveniemus
2830 2816 2895 2870 ad
2924 2816 3183 2871 mortem?
3214 2815 3278 2869 Et
3309 2814 3395 2869 hic
3422 2812 3674 2873 dixerim.

2099 2921 2220 2963 cum
2253 2907 2389 2961 Deus
2414 2906 2626 2963 dederit
2649 2926 2661 2962 :
2693 2908 2848 2963 nullan
2870 2910 3043 2979 longa:
3066 2923 3228 2962 morae
3255 2907 3371 2977 ejus
3395 2907 3535 2977 ψιυά
3563 2923 3686 2961 cve-

2100 2998 2231 3054 niet.
2260 2997 2409 3053 Vana
2438 2998 2488 3052 in
2523 3008 2692 3052 totum
2718 3000 2926 3052 somnia
2958 2998 3223 3067 Epicurus
3245 2997 3524 3067 judicaVit,
3555 2996 3688 3051 Iibe-

2099 3107 2225 3147 rans
2267 3106 2296 3144 a
2330 3091 2554 3161 negotiis
2597 3090 2958 3156 divinitatem,
2998 3102 3051 3145 et
3091 3090 3392 3146 dissolvens
3432 3089 3676 3144 ordinem

2100 3197 2302 3249 rerum,
2337 3192 2392 3237 et
2419 3182 2472 3236 in
2507 3183 2818 3251 passivitate
2846 3183 3025 3237 omnia
3058 3197 3352 3253 spargens,
3384 3190 3441 3235 ut
3466 3184 3678 3236 eventui

394 3268 482 3336 (ιι)
512 3268 741 3324 ecstasin
774 3268 1003 3323 dicimus
1028 3311 1042 3333 ,
1094 3284 1375 3327 excessum
1408 3288 1618 3337 sensus,
1665 3282 1721 3328 et
1746 3275 1996 3330 amentiae
2025 3276 2071 3341 C
2105 3276 2347 3345 exposita
2368 3318 2384 3344 ,
2417 3284 2471 3331 et
2495 3275 2734 3330 fortuita.
2766 3275 2967 3341 Porro,
2997 3276 3041 3330 si
3073 3275 3143 3331 ita
3174 3285 3276 3343 est,
3306 3291 3437 3346 ergo
3466 3277 3568 3330 erit
3590 3278 3694 3329 ati-

393 3359 591 3415 ittStal‘.
620 3359 708 3415 Sic
732 3371 785 3415 et
811 3362 862 3415 in
894 3361 1203 3430 primordio.
1227 3377 1448 3418 somnus
1472 3378 1595 3419 cum
1622 3365 1816 3420 ecstasi
1841 3365 1992 3420 dedi-

391 3462 546 3521 catus
573 3450 721 3521 (Gen.
754 3451 851 3525 II):
879 3464 927 3507 et
956 3455 1091 3508 misit
1122 3453 1260 3510 Deus
1281 3456 1507 3511 ecstast'n
1534 3457 1586 3511 in
1617 3457 1803 3524 Adam,
1831 3467 1878 3513 et
1898 3458 1991 3513 ob-

394 3545 655 3601 dormivit.
682 3545 913 3600 Somnus
939 3547 1080 3601 enim
1110 3547 1322 3618 corpori
1359 3548 1600 3619 provenit
1625 3548 1675 3603 in
1705 3549 1946 3621 quietem
1975 3567 1990 3614 ;

392 3639 621 3696 eestasis
663 3641 856 3695 anima:
896 3641 1122 3698 accessit
1149 3639 1408 3698 adversus
1452 3643 1724 3714 quietem;
1776 3652 1832 3699 et
1861 3644 1991 3701 inde

2098 3371 2219 3438 quis
2244 3376 2300 3424 et
2326 3367 2569 3423 veritatis
2599 3375 2826 3422 eventus
2848 3409 2864 3430 ,
2905 3368 3026 3436 quia
3065 3381 3174 3423 non
3200 3368 3343 3437 capit
3372 3367 3541 3421 solam
3569 3382 3688 3421 eam

2099 3461 2311 3517 eventui
2343 3458 2590 3563 munibus
2617 3456 2802 3514 debito
2830 3459 3012 3513 eximi.
3052 3456 3318 3514 Homerus
3348 3457 3482 3513 duas
3511 3467 3691 3528 portas

2098 3553 2278 3610 divisit
2315 3549 2573 3617 so'mniis,
2631 3565 2884 3606 corneam
2936 3550 3208 3617 veritatis,
3258 3549 3483 3605 fallacia:
3527 3550 3688 3606 ebur-

2100 3659 2275 3701 neam.
2310 3643 2599 3713 Respicere
2625 3652 2709 3699 est
2728 3642 2893 3710 enim,
2925 3643 3191 3714 inquiunt,
3218 3656 3313 3712 per
3327 3657 3517 3708 cornu,
3555 3642 3692 3698 ebur

1647 3757 2023 3819 LEGTIONES
2059 3755 2479 3817 VARIAN'I‘ES.

561 3894 818 3958 Crederet,
843 3904 897 3946 ut
920 3895 1021 3946 Lat.

563 3958 815 4008 Continuat
838 3959 925 4008 Lat

571 4018 672 4070 Soli
690 4021 813 4071 Jun.

562 4080 779 4145 Fulgere
805 4082 906 4133 Lat.

460 3893 517 4149 ξ

513 3894 537 4148 ξ

2256 4018 2488 4078 Οοιιενίερ
2512 4018 2664 4067 Fran.

2161 3891 2231 3958 (5)
2257 3893 2308 3958 Si
2334 3900 2430 3942 non
2451 3906 2493 3958 ξ,
2520 3904 2586 3940 m.
2614 3904 2661 3958 e_.
2689 3897 2944 3958 oporteret
2966 3891 3115 3945 0mm.
3144 3889 3254 3958 Rig.
3287 3901 3398 3944 Ven.

2257 3893 2308 3944 Si
2334 3900 2430 3942 non
2453 3906 2493 3941 s.
2520 3904 2580 3940 ιιι.

2213 3983 2214 3993 ι
2262 3954 2559 4006 Accentibus

2256 4018 2488 4078 Consiiice
2512 4018 2580 4066 Fr

2213 4114 2214 4118 η
2260 4079 2448 4130 Atl‘ectu
2467 4086 2580 4130 Jun.

2185 3957 2214 4004 6
2262 3954 2559 4006 Accentibus
2580 3952 2736 4005 Rheni
2758 3952 2910 4005 Semt.

2182 4021 2210 4068 7
2256 4018 2488 4078 Consiiice
2512 4018 2664 4067 Fran.

2160 3952 2236 4145 iBi
2260 4079 2448 4130 Atl‘ectu
2467 4086 2580 4130 Jun.

2183 4082 2214 4131 8

1759 4231 2323 4291 COMMENTARIUS.

396 4346 757 4414 conveniunt;
790 4363 910 4403 cum
944 4357 1119 4403 tamen
1161 4360 1259 4411 ego
1289 4346 1480 4401 mirum
1511 4346 1800 4404 discrimen
1830 4350 1980 4403 inve-

397 4418 545 4475 niam
589 4418 727 4474 cirea
769 4434 936 4474 annus
973 4416 1147 4473 somni
1197 4417 1560 4486 Epimenidis,
1602 4435 1722 4473 nam
1771 4419 1982 4473 tametsi

398 4489 606 4547 Plinius
646 4500 700 4544 et
734 4490 973 4544 Laertius
1015 4497 1315 4545 memorent
1346 4487 1662 4544 dormivissc
1705 4489 1978 4559 Epimeni-

405 4561 529 4617 dem
558 4561 625 4615 5⁸1
647 4576 759 4625 an.,
790 4560 1101 4616 Plutarchus
1124 4560 1195 4613 illi
1225 4560 1406 4631 tribuit
1428 4558 1686 4614 duntaxat
1736 4558 1992 4631 quinqua—
2020 4562 2072 4622 D

399 4633 548 4705 ginta
580 4646 766 4705 annos,
955 4648 1021 4705 an
1059 4631 1167 4705 seni
1192 4630 1412 4705 regenda
1436 4630 1865 4705 sit-_Resp._I_quc
1898 4649 1994 4685 nu-

403 4700 613 4758 inerum
655 4702 965 4756 Tertulliani
997 4711 1051 4755 et
1088 4700 1356 4755 Plutarchi
1388 4701 1671 4755 eonlirmat
1696 4702 1866 4758 Varro
1893 4742 1908 4767 ,
1940 4712 1994 4755 et

403 4773 744 4842 amplectitur
768 4773 1065 4826 Sabellicus
1092 4771 1183 4825 lib.
1219 4770 1330 4836 VII,
1355 4786 1405 4825 c.
1439 4771 1494 4826 4.
1530 4772 1628 4825 Alii
1658 4772 1833 4827 adhuc
1861 4788 1996 4826 eun-

403 4844 623 4899 trahunt
655 4843 755 4897 hoc
786 4853 1014 4909 tempus,
1048 4852 1098 4896 et
1129 4850 1331 4895 tantum
1370 4842 1647 4911 assignant
1684 4843 1752 4896 40
1784 4857 1955 4897 annos
1976 4884 1990 4906 ,

404 4924 465 4969 ut
496 4913 781 4970 Pausanias
805 4916 855 4969 in
874 4914 1277 4978 Atticis.i\lii,ut
1306 4911 1597 4979 Eudemus,
1618 4913 1878 4968 dederunt
1899 4913 1992 4976 47,

405 4984 497 5040 alii
527 4984 596 5039 ’Π
622 5026 636 5048 ,
666 4996 720 5039 et
753 4984 1064 5064 Apuleius}.
1095 4981 1374 5064 (Florid).
1398 4983 1509 5064 _Scd
1535 4983 1993 5064 ﬂllititlUiIiMSIl-dc

405 5070 667 5110 annorum
699 5053 941 5117 numero,
979 5053 1184 5124 plenius
1225 5053 1498 5108 historiam
1534 5054 1865 5125 Epitnenidis
1898 5056 1993 5108 lla-

406 5073 667 5110 annorum
699 5073 941 5117 IIIIIIIOI'O,
979 5073 1184 5124 [IICIIIIIS
1225 5073 1498 5108 ιιιδιοιΊιιιιι
1534 5073 1739 5125 ιδριιιιυι
1764 5073 1853 5110 Ι(1ῑξ

406 5126 498 5182 bet
524 5126 786 5189 Laertius,
821 5127 910 5179 lib.
944 5126 981 5182 I.
1011 5126 1139 5179 Lac.
1741 5073 1853 5252 ἕ

479 5197 557 5252 (al
585 5196 690 5252 Sed
717 5208 762 5251 et
793 5195 1048 5250 Neronem
1087 5196 1361 5249 Suetonius
1387 5237 1399 5252 .
1434 5204 1539 5252 etc.
1587 5196 1758 5251 liabet
1848 5212 1853 5248 ι

479 5195 1048 5269 (a)SgdctA14Vcram-m
1087 5196 1539 5269 Suetoniusg,_e_tc.
1587 5196 1758 5251 liabet
1802 5195 1998 5269 Sueto-

409 5265 604 5324 nius’in
636 5268 747 5324 Vita
779 5266 1026 5332 Neronis,
1053 5281 1168 5335 cap.
1207 5265 1295 5329 46,
1331 5267 1420 5321 ubi
1446 5267 1639 5321 dicitur
1666 5275 1783 5336 post
1808 5268 1994 5321 matris

409 5340 916 5408 etedemmunqnmn
955 5348 1105 5392 antea
1138 5337 1392 5391 somniare
1432 5339 1631 5392 solitus.
1676 5337 1838 5393 Serus
1866 5352 2000 5407 quo-

410 5426 514 5482 que
541 5411 820 5482 sqnmiator
846 5408 1133 5482 in_t:ra,icap_.
1160 5408 1253 5472 49,
1287 5408 1481 5482 dicitur
1497 5410 1558 5482 _i_n
1585 5409 1833 5463 eumdem
1867 5423 1994 5482 sen-

410 5478 550 5536 sum.
580 5480 655 5535 Le
684 5481 777 5534 l’n.
797 5509 865 5519 —-
891 5479 1061 5535 Verba
1091 5478 1332 5533 Suetonii
1358 5520 1373 5545 ,
1403 5481 1454 5534 in
1488 5478 1721 5545 Nerone,
1754 5495 1873 5549 cap,
1904 5479 1997 5545 Mi,

411 5551 529 5606 Inec
572 5563 695 5606 sunt
726 5569 739 5606 :
771 5568 791 5603 ι
828 5550 1152 5606 Terrebatur
1179 5550 1245 5603 ad
1277 5550 1391 5605 [nec
1414 5550 1750 5604 evidentibus
1782 5562 2000 5618 porten-

413 5625 481 5679 tis
510 5624 847 5677 Somniorum
872 5663 884 5685 ,
919 5633 970 5678 et
997 5620 1377 5689 auspiciorum,
1407 5630 1461 5674 et
1488 5621 1750 5685 omnium,
1776 5631 1884 5673 tum
1910 5635 2002 5674 ve-

411 5694 615 5749 teribus
637 5735 653 5758 ,
699 5704 811 5747 tum
837 5694 1018 5760 novis,
1066 5706 1337 5760 nnnquatn
1368 5701 1524 5747 antea
1558 5691 1829 5746 somniare
1869 5692 1998 5747 soli-

413 5774 518 5821 tus.
548 5783 569 5817 ι
598 5766 732 5819 ΡΑΙ.
1446 5782 1457 5791 ·

484 5833 565 5908 (Ιι)
596 5834 661 5889 Et
685 5831 1068 5908 Tltrasintcdem
1101 5832 1481 5908 Theopompus.
1511 5832 1661 5908 Hunc
1688 5831 2005 5908 Thrasimej

407 5902 719 5977 det'n'putat
756 5903 944 5961 Junius
990 5908 1158 5961 fuisse.
1195 5902 1371 5960 ﬁliuni
1400 5902 1683 5965 Nestoris;
1731 5903 1827 5959 sed
1867 5902 1995 5974 quid

2088 4363 2222 4418 opus
2249 4346 2581 4419 estcoujici.
2608 4344 2694 4400 ubi
2718 4345 2863 4402 clare
2899 4324 3239 4419 Plutarchus,
3294 4350 3469 4419 qualis
3498 4349 3658 4406 fuerit
3683 4392 3696 4416 ,

2092 4416 2285 4474 scribat
2317 4418 2410 4471 lib.
2443 4418 2505 4470 de
2529 4416 2729 4488 defectu
2756 4418 2954 4472 oracul.
2980 4419 3005 4471 ?
3035 4418 3187 4473 ιω..
3313 4416 3323 4419 ⁷
3356 4468 3361 4473 .

2156 4491 2233 4560 (e)
2264 4488 2333 4542 Et
2357 4490 2558 4556 quidem
2597 4503 2659 4540 ex
2695 4491 2865 4560 [arma
2909 4490 3222 4560 continuam.
3254 4491 3418 4556 Quasi
3461 4491 3692 4548 solemni

2109 4558 2493 4630 quodamiritu,
2527 4558 2962 4630 atque_ett_edicti
2987 4559 3264 4626 cujusdam
3288 4560 3537 4615 formula.
3570 4563 3691 4617 llic.

2166 4631 2318 4686 CAP.
2346 4628 2510 4684 XLV.
2537 4658 2609 4669 -—
2642 4627 2720 4699 (d)
2749 4627 2986 4682 Ecatasin
3012 4630 3226 4683 dicimus
3254 4646 3513 4685 excessum
3536 4673 3549 4695 ,
3581 4645 3688 4688 etc.

2100 4701 2210 4756 Hoc
2238 4701 2522 4756 discrimen
2553 4700 2796 4755 estinter
2816 4714 3062 4753 somnum
3086 4709 3138 4754 et
3157 4702 3407 4767 ecstasin,
3431 4701 3571 4770 quod
3600 4719 3692 4772 per

2098 4786 2343 4826 Somnum
2367 4772 2663 4826 functiones
2685 4771 2880 4825 mentis
2903 4779 3166 4825 etsensus
3192 4773 3440 4841 ligantur.
3472 4784 3521 4823 ut
3550 4771 3693 4827 vires

2097 4845 2290 4896 animae
2318 4844 2609 4911 vegetative
2640 4851 2766 4896 tunc
2796 4841 3082 4897 solutiores
3109 4851 3235 4895 sunt
3260 4851 3314 4896 et
3338 4842 3690 4909 robustiores,

2100 4913 2151 4966 in
2175 4915 2366 4967 ccstasi
2387 4929 2511 4968 vero
2527 4911 3056 4968 contrarinmaecidit
3076 4930 3088 4966 :
3111 4927 3230 4966 nam
3257 4914 3493 4967 actiones
3516 4915 3685 4968 nutri-

2097 4985 2217 5037 tiv.e
2246 4993 2298 5038 et
2327 4984 2595 5046 sensitivaz
2626 4981 2986 5051 impediuntur
3008 5024 3021 5043 .
3061 4984 3251 5036 mentis
3286 4998 3411 5037 vero
3441 4983 3675 5037 functio-

2100 5069 2198 5109 nes
2239 5063 2364 5108 tnnc
2394 5056 2623 5108 maxime
2653 5054 2852 5121 vigent.
2902 5053 2957 5107 In
2990 5069 3056 5108 eo
3080 5053 3313 5122 denique
3355 5055 3680 5107 Conveniunt

2099 5138 2289 5180 sensus
2320 5134 2374 5180 et
2398 5125 2640 5187 ecstasis,
2673 5122 2815 5192 quod
2844 5139 3034 5178 sensus
3065 5125 3115 5177 in
3149 5134 3374 5191 utroque
3408 5135 3676 5192 torpeant,

2101 5196 2213 5250 sive
2259 5197 2435 5263 potius
2489 5196 2739 5265 Iigentur.
2784 5193 2968 5260 Quoad
3016 5192 3399 5247 Tertullianum
3449 5204 3689 5262 Spectat,

2102 5267 2334 5321 ecstasin
2388 5265 2650 5320 interdum
2696 5265 2918 5317 sinistro
2965 5278 3125 5317 sensu
3169 5266 3398 5332 accipit,
3451 5274 3503 5318 et
3558 5265 3689 5317 dixit

2101 5337 2351 5391 amentiae
2381 5337 2549 5388 instar
2578 5333 2765 5397 fuisse,
2814 5332 3034 5402 ut'Iibro
3064 5335 3133 5388 tle
3164 5333 3365 5387 Ecstasi
3398 5348 3554 5402 quem
3591 5336 3688 5385 :lti-

2101 5421 2291 5473 versus
2318 5405 2611 5460 Ecclesiam
2642 5404 2893 5470 scripsit;
2923 5401 3009 5456 tibi
3041 5402 3342 5456 libertatem
3372 5401 3603 5469 ademit,
3636 5415 3690 5459 et

2102 5478 2459 5547 cognitionem
2485 5474 2778 5545 prophetiae
2803 5474 2968 5547 ipsius
2991 5472 3288 5547 secundum
3314 5474 3691 5547 Montanisen-

2103 5542 2220 5603 sum
2252 5563 2264 5600 :
2293 5555 2347 5601 at
2398 5542 2601 5615 supra;
2646 5558 2766 5615 cap.
2817 5542 2880 5596 2|
2911 5583 2928 5609 ,
2976 5542 3174 5597 saniori
3219 5557 3381 5599 sensu
3434 5545 3689 5613 explicuit

2103 5620 2391 5674 amentiam
2420 5613 2476 5671 in
2501 5613 2725 5671 ecstasi.’
2747 5613 2876 5667 Lac.

2177 5691 2255 5761 (e)
2289 5688 2419 5745 Ideo
2442 5696 2487 5761 et
2516 5683 2782 5756 prudentes
2804 5723 2827 5761 ._
2850 5683 2892 5736 si
2919 5682 3122 5761 quando
3154 5697 3352 5761 sumus.
3404 5681 3525 5761 Ideo
3550 5724 3564 5742 .
3600 5685 3685 5737 in.

2105 5750 2316 5831 quit,'et
2344 5750 2631 5830 prudentes
2658 5750 3007 5816 somniamus,
3035 5753 3078 5807 si
3109 5752 3321 5822 quando
3348 5750 3529 5831 tamen
3556 5768 3682 5820 pru-

2105 5823 2294 5887 dentes
2322 5823 2423 5886 dici
2459 5840 2774 5901 possumus,
2819 5837 3047 5893 quorum
3077 5834 3159 5878 est
3184 5823 3454 5894 proprium
3498 5836 3682 5879 errare

2105 5912 2159 5959 et
2187 5902 2310 5959 labi.
2336 5902 2454 5957 th.
