4042 6288
374 324 473 385 751
1804 323 2264 384 TERTULLIANI
3580 326 3691 384 732

370 443 564 513 bit(n).
593 443 697 501 Sed
722 453 777 501 et
801 446 965 503 Stoici
986 445 1153 502 Deum
1186 440 1392 501 malunt
1434 443 1960 516 providentissimum
1992 444 2040 502 Α
2070 443 2298 508 absistit,
2335 453 2390 496 ut
2421 443 2506 499 vel
2538 442 2931 500 dormientibus
2963 443 3188 517 obrepat
3238 461 3345 519 qua
3396 454 3611 517 potest,
3641 447 3686 501 si

371 538 621 591 humana:
648 538 985 603 institutioni,
1015 538 1155 593 inter
1185 546 1380 592 caetera
1408 536 1655 608 praesidia
1684 535 1962 591 divinatri-
2072 537 2414 607 vigilantibus
2444 552 2551 593 non
2579 546 2775 609 potest.
2808 538 2992 595 Tertia
3012 541 3223 612 species
3240 551 3406 596 erunt
3438 542 3685 607 somnia,

371 642 492 682 eum
532 627 726 682 artium
766 636 822 685 et
875 629 1301 700 disciplinarum,
1333 631 1538 685 somnia
1567 644 1781 699 quoque
1810 627 1965 683 nobis
2068 646 2185 699 qua:
2233 630 2446 684 sibimet
2475 631 2588 701 ipsa
2613 631 2791 686 anima
2839 629 3051 687 videtur
3102 632 3365 688 inducere
3392 646 3468 689 ex
3504 633 3693 688 inten-

374 720 650 788 indidisse,
685 723 959 793 peculiare
997 723 1247 778 solatium
1282 723 1538 777 naturalis
1577 722 1803 776 oraculi.
1843 722 1965 776 lla-c
2068 726 2213 778 tione
2270 725 2811 780 circumstantiarum.
2874 725 3064 790 Porro,
3119 726 3376 798 quoniam
3430 727 3518 799 ('5)
3579 743 3689 782 non

373 811 628 882 quantum
660 813 727 885 ad
768 814 925 869 iidem
958 815 1288 869 somniorum
1321 830 1349 866 a
1378 814 1533 869 nobis
1573 829 1786 883 quoque
1831 829 1964 868 con-
2069 826 2153 872 est
2205 834 2273 872 ex
2321 819 2545 873 arbitrio
2595 820 2868 875 somniare
2918 821 3066 891 (nam
3097 828 3154 875 et
3184 820 3563 891 Epicharmus
3616 820 3690 874 ita

374 906 712 976 signandam,
742 915 796 962 et
828 908 1011 963 taliter
1067 908 1149 981 (I)
1184 908 1661 977 interpretandum.
1724 906 1799 981 (b)
1833 909 1965 965 Nam
2069 910 2276 981 sentit),
2301 910 2569 980 quomodo
2590 912 2703 981 ipsa
2724 913 2825 969 erit
2849 913 2946 967 sibi
2968 928 3157 968 caussa
3172 912 3406 983 alicujus
3421 912 3696 969 visionis?

372 997 443 1054 de
496 999 729 1055 oraculis
775 1000 934 1055 etiam
982 1001 1228 1068 caeteris,
1283 1000 1425 1070 apud
1479 1017 1597 1071 qua:
1651 1018 1810 1055 nemo
1838 1002 1966 1056 dor-
2071 1002 2210 1067 Num
2241 1019 2372 1073 ergo
2401 1002 2519 1058 h:ee
2546 1006 2757 1075 species
2804 1004 3032 1060 naturali
3078 1003 3265 1060 formae
3314 1003 3692 1075 relinquenda

376 1094 547 1159 mitat,
606 1092 730 1165 quid
787 1094 929 1150 aliud
985 1096 1449 1166 pronuntiabimus
1472 1137 1486 1160 ,
1539 1086 1717 1166 quam'
1772 1097 1970 1150 dmmo-
2070 1104 2173 1161 est,
2206 1110 2429 1150 servans
2449 1095 2644 1150 animae
2672 1097 2833 1151 etiam
2855 1098 2907 1150 in
2930 1096 3123 1151 eestasi
3147 1110 3234 1152 res
3264 1110 3397 1150 suas
3417 1096 3685 1167 perpeti?

375 1186 581 1241 niacam
602 1201 723 1242 esse
751 1189 1012 1243 rationem
1037 1204 1221 1243 eorum
1250 1190 1555 1255 spirituum,
1586 1193 1675 1259 qui
1705 1192 1815 1260 jam
1844 1201 1968 1247 tunc
2074 1188 2149 1243 Ea
2195 1180 2374 1243 autem
2434 1204 2557 1259 quae
2605 1204 2779 1260 neque
2830 1204 2860 1243 a
2915 1189 3025 1244 Deo
3048 1230 3066 1257 ,
3124 1204 3298 1260 neque
3323 1204 3354 1243 a
3385 1187 3694 1251 daemonio,

378 1278 430 1332 in
459 1277 591 1347 ipsis
623 1277 927 1334 hominibus
974 1279 1333 1335 habitaverint
1360 1322 1376 1347 ,
1413 1281 1497 1336 vel
1554 1282 1635 1354 (:2)
1683 1286 1971 1338 memorias
2074 1281 2330 1352 nequeab
2350 1281 2523 1336 anima
2551 1281 2875 1337 videbuntur
2915 1280 3161 1337 accidere
3213 1278 3319 1354 (4),
3380 1289 3441 1336 et
3496 1288 3698 1349 prieter

376 1383 561 1424 eorum
605 1368 971 1426 atl‘eetaverint
1001 1371 1066 1425 ad
1097 1386 1313 1427 omnem
1339 1373 1557 1428 malitiae
1584 1390 1695 1429 sua!
1724 1389 1968 1443 scenam,
2076 1374 2410 1443 Opinionem,
2454 1382 2510 1427 et
2558 1382 2754 1444 praeter
2806 1373 3328 1445 interpretationem,
3386 1382 3449 1428 et
3494 1380 3698 1443 praeter
3748 1424 3753 1433 μ

379 1462 433 1517 ἰη
465 1463 562 1518 ista
611 1478 762 1534 :eqne
785 1464 966 1535 specie
986 1465 1318 1521 divinitatem
1362 1469 1702 1534 mentientes,
1749 1468 1970 1525 eadem.
2075 1465 2472 1520 enarrationem
2497 1466 2787 1532 facultatis,
2814 1466 2912 1538 ipsi
2936 1466 3154 1537 proprie
3175 1464 3376 1521 eestasi
3404 1475 3463 1522 et
3494 1464 3696 1520 rationi

360 1570 491 1626 .que
536 1556 793 1612 industria
825 1558 985 1613 etiam
1019 1574 1112 1627 per
1138 1559 1399 1615 beneficia
1451 1561 1696 1619 fallentes
1753 1562 1973 1618 medici-
2080 1557 2198 1628 ejus
2224 1558 2635 1629 separabuntnr.

380 1661 594 1713 narum,
626 1658 681 1702 et
709 1647 1159 1716 admonitionum,
1187 1660 1242 1706 et
1275 1652 1808 1720 prienuntiationum,
1850 1671 1971 1724 quae
2605 1649 2834 1707 CAPUT
2874 1649 3103 1707 XLVIII.

380 1740 552 1809 magis
581 1740 778 1795 la-dant
811 1741 1073 1810 juvaudo,
1103 1744 1231 1797 dum
1260 1759 1355 1814 per
1380 1760 1443 1799 ea
1473 1761 1591 1815 qua:
1633 1747 1860 1817 juvant,
1908 1748 1975 1803 ab

2153 1766 2397 1823 Certiora
2423 1774 2478 1822 et
2503 1765 2758 1822 colatiora
2808 1765 3062 1822 somniari
3092 1764 3365 1820 affirmant
3406 1764 3518 1820 sub
3567 1764 3703 1819 exti-
3729 1802 3768 1840 ν

382 1831 728 1929 inquisitione
761 1849 913 1929 verae
958 1834 1256 1929 divinitatis
1282 1836 1574 1904 abducunt,
1617 1854 1680 1893 ex
1737 1840 1976 1895 iusinua-
2007 1838 2052 1897 B
2082 1859 2183 1913 mis
2209 1858 2482 1923 noctibus,
2505 1852 2656 1929 quasi
2677 1860 2786 1929 jam
2812 1867 3122 1929 emergente
3148 1857 3462 1912 animarum
3485 1856 3697 1926 vigore.

384 1925 529 1980 tione
558 1924 731 2005 falsm.
760 1925 824 1981 Et
854 1927 1038 1997 utique
1062 1942 1166 1982 non
1190 1927 1369 1983 clausa
1400 1929 1482 1984 vis
1503 1938 1604 1993 est,
1652 1947 1752 1987 nec
1800 1948 1977 1988 sacra-
2083 1950 2342 2019 producto
2367 1924 2584 2021 δοροιῖθ,
2725 1924 3055 2020 ιθιηροτίιξυε
3081 1959 3260 2004 amem
3291 1949 3450 2015 anni,
3473 1924 3567 2021 (εί
3587 1962 3704 2002 ver,

381 2017 588 2074 riorum
614 2020 1074 2076 circumscribitur
1103 2021 1383 2089 terminis;
1425 2038 1555 2094 vaga
1586 2034 1641 2079 et
1670 2026 1971 2095 pervolati-

2109 2057 2155 2096 I0
2212 2042 2381 2113 magis
2430 2017 2643 2111 quieta;
2699 2017 2850 2112 Quod
2897 2052 3059 2097 mSIas
3088 2017 3612 2105 dissolvatanimas,
3652 2048 3706 2092 et

384 2127 468 2176 ca,
516 2120 571 2165 et
619 2112 834 2166 interim
885 2112 1052 2168 libera
1102 2124 1185 2169 est
1217 2130 1232 2168 :
1266 2129 1372 2183 quo
1417 2131 1575 2170 nemo
1626 2116 1974 2185 dubitaverit,

383 2203 576 2259 domus
598 2219 810 2275 quoque
835 2204 1113 2261 daemoniis
1150 2217 1360 2276 patere;
1390 2223 1491 2263 nec
1520 2219 1722 2265 tantum
1776 2211 1829 2266 in
1851 2212 1981 2285 ady-

387 2298 475 2366 tis,
492 2298 587 2354 sed
606 2299 658 2355 in
672 2299 931 2356 cubiculis
950 2296 1194 2356 homines
1209 2302 1527 2372 imaginibus
1541 2304 1745 2359 circum
1776 2306 1979 2360 venire.

939 2401 1169 2459 CAPUT
1220 2402 1428 2460 XLVII.

389 2488 399 2499 ’
461 2502 758 2560 Detinimus
797 2506 939 2560 enim
962 2521 990 2560 a
1014 2505 1295 2561 dmmoniis
1336 2507 1624 2575 plurimum
1655 2507 1820 2562 incuti
1848 2521 1990 2564 som-

390 2594 501 2659 nia,
533 2597 633 2651 etsi
689 2596 958 2652 interdum
1015 2613 1144 2653 vera
1193 2609 1246 2655 et
1289 2598 1545 2670 gratiosa,
1600 2599 1716 2666 sed,
1765 2599 1833 2657 de
1882 2618 1985 2672 qua

390 2687 648 2745 industria
667 2688 1221 2757 diximus,alTectantia
1239 2702 1396 2763 atque
1413 2693 1679 2763 captantia
1700 2710 1713 2748 :
1735 2694 1809 2765 (ε)
1822 2708 1990 2764 quan-

393 2793 450 2840 to
498 2785 666 2854 magis
729 2799 884 2854 vana,
942 2794 996 2840 et
1051 2784 1401 2849 l’rustratoria,
1459 2794 1514 2841 et
1569 2786 1800 2853 turbida,
1845 2786 1984 2843 ludi-

398 2878 601 2940 briosa,
655 2887 710 2933 et
760 2863 1055 2935 immunda.
1113 2878 1222 2936 Nec
1269 2880 1500 2941 mirum.
1557 2881 1599 2934 si
1624 2896 1810 2936 eorum
1866 2892 1989 2936 sunt

394 2970 677 3039 imagines,
705 2984 935 3040 quorum
990 2980 1045 3026 et
1090 2986 1197 3027 res.
1248 2974 1285 3026 Α
1342 2972 1452 3027 Deo
1496 2980 1697 3035 autem.
1753 2972 1991 3043 pollicito

394 3061 602 3116 scilicet
623 3071 675 3116 et
704 3062 927 3130 gratiam
956 3050 1185 3132 Spiritus
1213 3064 1397 3120 Sancti
1426 3066 1478 3119 in
1508 3080 1724 3121 omnem
1748 3082 1987 3133 carnem,

395 3162 452 3209 et
478 3153 619 3209 sicut
642 3154 1077 3223 prophetaturos,
1105 3157 1175 3211 ita
1198 3166 1251 3211 et
1272 3158 1634 3214 somniaturos
1662 3174 1849 3216 servos
1865 3174 1993 3215 suos

2088 2134 2276 2206 byetns
2300 2134 2701 2206 quodammodo
2721 2134 3547 2200 obduret,autumnus,tentator
3574 2132 3705 2186 alias

2088 2226 2472 2291 valetudinum,
2528 2226 2704 2293 succis
2755 2242 3035 2297 pomorum
3089 2225 3464 2281 vitiosissimis
3509 2224 3700 2279 diluat.

2087 2317 2217 2373 Item
2242 2333 2307 2373 ex
2340 2317 2504 2388 ipsius
2545 2317 2744 2388 quietis
2783 2320 2926 2382 situ;
2980 2316 3054 2389 (Ῑ)
3089 2317 3134 2374 si
3180 2331 3359 2388 neque
3406 2315 3713 2387 resupina:

2089 2427 2264 2481 neque
2315 2412 2540 2468 dextero
2588 2411 2757 2466 latere
2802 2410 3110 2476 deeumbat,
3144 2409 3318 2480 neque
3366 2407 3696 2477 conresupi-

2092 2505 2231 2561 natis
2250 2504 2655 2576 internis,quasi
2672 2504 2858 2560 refusis
2880 2502 3091 2569 loculis,
3127 2501 3207 2575 (5)
3247 2499 3324 2574 (g)
3371 2502 3541 2557 statio
3581 2514 3705 2556 sen-

2099 2614 2255 2654 suum
2284 2596 2474 2661 tluitct,
2504 2596 2587 2669 (Ii)
2617 2604 2710 2651 ant
2738 2609 3070 2665 compressa
3105 2592 3302 2664 jecoris
3363 2592 3567 2664 angina
3625 2588 3703 2661 (6)

2098 2691 2165 2746 sit
2195 2689 2412 2745 mentis.
2442 2688 2548 2745 Sed
2577 2687 2693 2744 luce
2719 2687 2999 2759 ingeniose
3023 2684 3279 2741 aestimari
3306 2684 3518 2755 potius,
3546 2696 3704 2752 qnam

2094 2792 2402 2840 constanter
2458 2781 2673 2853 probari
2741 2790 2921 2853 putem
2950 2822 2966 2846 ,
3034 2778 3137 2835 etsi
3184 2776 3339 2832 Plato
3368 2783 3458 2831 est
3501 2774 3593 2846 qui
3644 2786 3702 2828 ea

2094 2877 2407 2941 aestimavit;
2437 2883 2491 2930 et
2542 2873 2838 2929 fortassean
2884 2886 3012 2928 casu
3056 2869 3374 2940 procedant.
3440 2866 3693 2938 Alioquin

2097 2983 2165 3024 ex
2192 2947 2415 3023 arbitrio
2443 2976 2605 3022 erunt
2646 2963 2878 3030 somnia,
2932 2962 2979 3018 si
3026 2961 3183 3032 dirigi
3236 2969 3516 3031 poterunt.
3575 2956 3704 3015 Nam

2100 3059 2240 3130 quod
2271 3058 2419 3115 etde
2476 3057 2611 3112 cibis
2658 3054 3053 3127 distinguendis
3091 3053 3173 3109 vel
3228 3050 3558 3123 derogandis
3604 3048 3703 3118 (7),

2107 3170 2248 3210 nunc
2292 3152 2659 3224 pra-sumptio,
2694 3166 2837 3207 nunc
2864 3148 3173 3222 superstitio
3195 3146 3536 3218 disciplinam
3560 3155 3701 3197 som~

397 3252 452 3299 et
478 3244 703 3300 ancillas
732 3259 877 3313 suas,
910 3261 969 3301 ea
1003 3246 1420 3317 deputabuntur,
1481 3265 1601 3320 qum
1656 3250 1756 3321 ipsi
1807 3254 1993 3323 gratiae
2021 3234 2065 3297 Ο
2100 3246 2204 3302 niis
2251 3244 2570 3314 praescribit,
2602 3240 3014 3297 examinandum
3065 3248 3192 3296 est:
3254 3236 3602 3309 superstitio,
3653 3240 3708 3285 ιιι

398 3337 875 3408 comparabuntur,
907 3340 952 3394 si
982 3356 1085 3411 qua
1121 3340 1367 3405 honesta,
1402 3352 1620 3408 saneta,
1655 3345 1991 3414 prophetica,

398 3429 740 3496 revelatoria,
768 3430 1135 3498 aedificatoria,
1169 3435 1462 3496 voeatoria.
1524 3449 1753 3509 quorum
1802 3437 1996 3493 libera-

400 3521 522 3577 litas
549 3523 720 3579 soleat
770 3534 824 3578 et
866 3522 921 3579 in
961 3524 1213 3594 profanos
1270 3524 1565 3593 destillare,
1610 3527 1808 3584 imbres
1835 3531 1997 3584 etiam

402 3621 457 3669 et
504 3616 647 3671 soles
693 3629 822 3670 suos
896 3627 1236 3686 pera-quante
1278 3618 1388 3673 Deo
1432 3618 1590 3689 justis
1640 3629 1695 3675 et
1745 3620 1997 3690 injustis;

404 3704 665 3777 siquidem
680 3715 734 3762 et
749 3706 1241 3765 Nabuchodonosor
1268 3709 1524 3765 divinitus
1546 3712 1776 3767 somniat
1812 3731 1823 3767 :
1848 3712 1931 3786 (d)
1948 3723 2003 3769 et

319 3785 363 3822 ν
404 3798 576 3869 major
622 3813 759 3868 pene
810 3801 892 3855 vis
943 3800 1217 3858 hominum
1269 3817 1334 3859 ex
1378 3803 1671 3860 visionibus
1712 3785 1879 3862 Deum
1923 3806 2006 3863 di-

404 3901 585 3948 scunt.
617 3891 914 3964 Sicutergo
942 3894 1179 3966 dignatio
1206 3895 1299 3952 Dei
1328 3904 1384 3952 et
1428 3897 1479 3952 in
1518 3889 1784 3963 ethnicos,
1833 3900 1902 3955 ita
1953 3909 2008 3954 et

409 3986 634 4041 tentatio
680 3985 801 4041 Mali
844 3996 898 4042 et
942 3987 995 4042 in
1041 4000 1290 4054 sanctos,
1324 4004 1353 4044 a
1384 3988 1576 4061 quibus
1617 4005 1717 4046 nec
1768 3991 2001 4049 interdiu

2101 3356 2222 3396 cum
2254 3337 2319 3411 (i)
2346 3337 2485 3409 apud
2516 3336 2732 3392 oracula
2780 3332 3115 3389 incubaturis
3137 3330 3402 3401 jejunium
3432 3325 3703 3387 indicitur,

2102 3429 2550 3487 utcastimoniam
2582 3427 2799 3483 inducat
2821 3443 2839 3491 εγ
2868 3423 3235 3498 przesumptio,
3265 3429 3322 3477 ut
3351 3436 3479 3477 cum
3513 3416 3707 3490 Pytha-

2103 3524 2270 3597 gorici
2317 3523 2388 3578 ob
2429 3523 2573 3578 hanc
2620 3535 2837 3592 quoque
2885 3516 3125 3588 speciem
3175 3513 3355 3569 fabam
3419 3515 3704 3582 respuunt.

2105 3631 2394 3674 onerosum
2425 3624 2481 3671 et
2506 3614 2713 3669 inflatui
2752 3611 3031 3683 pabulum.
3063 3608 3264 3679 Atquin
3292 3606 3435 3662 trina
3465 3604 3557 3660 illa
3586 3614 3704 3658 cum

2111 3710 2329 3766 Daniele
2368 3707 2696 3773 fraternitas,
2725 3703 2994 3776 legumine
3022 3701 3139 3757 solo
3166 3700 3430 3763 contenti,
3464 3710 3533 3751 ne
3550 3692 3708 3764 regiis

2110 3800 2327 3858 ferculis
2339 3798 2853 3860 contaminarentur,
2869 3802 3066 3865 praeter
3082 3790 3404 3863 sapientiam
3421 3787 3704 3855 reliquam,

2111 3893 2447 3951 somniorum
2498 3889 2767 3961 praecipue
2806 3886 3037 3959 gratiam
3063 3900 3096 3941 ι
3125 3885 3236 3939 Deo
3262 3881 3631 3945 redemerunt,
3657 3883 3711 3931 et

2114 3983 2613 4059 impetrandorum,
2696 3990 2750 4036 et
2822 3976 3281 4035 disserendorum.
3349 3972 3580 4045 Jejuniis
3633 3965 3706 4040 (8)

1651 4096 2032 4164 LECTIONES
2059 4098 2484 4162 'VARIANTES.

504 4218 547 4270 tl
573 4218 732 4270 Aliter
752 4218 903 4268 Fran.
928 4221 1069 4269 Pam.

498 4281 550 4332 2)
576 4281 654 4330 Ad
670 4281 790 4332 add.
814 4281 967 4332 Fran.
990 4284 1131 4332 Pam.
1414 4306 1419 4311 ο

497 4340 548 4407 5)
573 4344 691 4407 Cum
708 4340 861 4397 Rhea.
884 4342 1205 4407 Send._quam
1226 4345 1367 4393 Pam.
1392 4353 1488 4406 qua
1512 4347 1601 4393 vel.
1624 4344 1731 4394 cod.
1770 4343 1954 4394 Wonw.

498 4403 548 4458 4)
575 4406 818 4458 Occidere
836 4409 957 4457 Par.
979 4403 1083 4456 alii.

474 4465 548 4536 (5)
570 4469 802 4535 Repulsis
823 4468 987 4522 localis
1007 4467 1089 4521 lib.
1113 4465 1357 4533 Agobard.

525 4214 550 4534 ξ

525 4317 527 4327 ι

525 4375 526 4384 l

525 4473 527 4482 ν

525 4495 528 4512 i

2174 4215 2246 4282 (β)
2272 4214 2453 4282 Sagina
2584 4206 2829 4282 mendose.
2890 4268 2903 4282 _
3105 4269 3168 4282 μ’

2174 4256 2245 4346 (ἦ
2273 4256 2859 4337 ὗῗὶεἷιῖειᾟῖεᾙῄῖῆἠ.
2883 4268 2973 4321 hoc
2991 4273 3087 4331 est,
3105 4267 3308 4318 minime
3332 4262 3580 4327 curandis,
3619 4256 3707 4307 de-

2112 4341 2338 4393 corandis
2360 4334 2463 4389 alii.

2035 4429 2089 4490 D
2184 4403 2251 4469 (8)
2274 4403 2482 4464 Jejunus
2503 4398 2622 4449 Jun.

1775 4575 2338 4638 COMMENTARIUS.

416 4699 697 4771 Pasiphae.
732 4714 863 4771 uxor
895 4696 1082 4771 Minois
1106 4697 1279 4771 Cretze
1306 4697 1463 4767 regis.
1503 4698 1637 4771 Pan.

350 4779 368 4789 θ
490 4767 568 4849 (κ’)
607 4770 785 4849 §e_d_rt
810 4770 971 4825 Stoici
997 4768 1153 4849 [leum
1175 4769 1389 4849 titulun},
1419 4768 1602 4849 _etc.Ut
1633 4767 2004 4849 Epicureis“-

419 4838 513 4918 pra
545 4841 857 4918 rejieiebant
896 4841 1123 4918 o_t_nnia,.
1163 4839 1286 4918 quia
1310 4838 1559 4918 divinam
1613 4839 2001 4918 providentiam

420 4910 680 4974 tollebant
707 4912 775 4967 de
818 4912 1028 4975 medio;
1081 4912 1158 4964 sic
1186 4910 1374 4965 ’Stoici
1403 4912 1730 4966 econtrario
1778 4910 2003 4965 somniis

419 4985 734 5047 credebant,
762 4984 884 5052 quia
915 4982 1086 5050 ipsam
1134 4981 1367 5035 divinam
1412 4982 1801 5052 providentiam
1834 4981 2005 5036 extol-

420 5060 622 5115 lebant.
654 5054 799 5110 Hanc
822 5055 1132 5123 religionem
1157 5052 1457 5109 Stoicorum
1482 5069 1605 5119 erga
1635 5053 1840 5107 somnia
1872 5066 2000 5107 con.

422 5131 639 5186 ﬁrmant
663 5125 892 5190 Tullius,
923 5125 986 5179 de
1011 5123 1179 5177 Dicin.
1206 5124 1359 5178 θεον.
1388 5124 1479 5180 lib.
1514 5124 1556 5189 I,
1583 5133 1639 5181 et
1665 5123 2003 5191 Plutarchus,

421 5202 517 5257 lib.
554 5198 617 5265 V,
648 5199 711 5251 de
742 5195 888 5251 Pinc.
917 5210 1035 5265 cap.
1072 5197 1125 5249 1.
1156 5194 1287 5250 Lac.

495 5269 578 5343 (b)
606 5264 764 5322 Nam
795 5268 858 5321 de
890 5264 1282 5343 oraculisetiam
1301 5268 1653 5343 cwleris,_ete.
1689 5264 1837 5343 _l_~l_ine
1864 5273 2009 5343 patet

426 5335 632 5398 tantum
656 5354 718 5394 ea
739 5339 955 5394 oracula
984 5337 1215 5392 voluisse
1253 5354 1470 5395 narrare
1519 5336 1911 5395 Tertullianum
1954 5335 2007 5388 in

424 5409 811 5482 superioribus,
843 5423 984 5482 qua:
1021 5407 1856 5482 dounientibusrespondebant
1909 5420 2008 5476 per

425 5479 654 5540 somnia.
712 5479 942 5535 Plurima
975 5494 1104 5535 vero
1143 5479 1357 5534 oracula
1386 5481 1523 5535 alius
1550 5479 1783 5534 vaticinii
1815 5491 2007 5533 nume-

427 5566 550 5613 rant
582 5551 863 5613 Eusebius,
894 5549 1143 5606 Clemens
1167 5560 1222 5605 et
1248 5550 1573 5608 Lactantius.
1606 5552 1737 5608 Lac.

495 5624 653 5701 CAP.
682 5620 1266 5701 XLV_II.~_—(e)‘0uauto
1306 5625 1470 5701 magis
1485 5640 1633 5701 uana.
1660 5620 1714 5676 ld
1728 5630 1831 5701 est,
1854 5633 2007 5701 men-

427 5698 600 5765 dacia;
624 5695 829 5750 tametsi
856 5696 920 5750 ad
941 5694 1225 5752 vanitatem
1242 5694 1678 5763 superstitionum
1697 5694 1878 5748 referri
1897 5704 2014 5759 pos-

427 5767 1078 5839 sent.qnidi|igenliusex
1093 5770 1318 5825 somniis
1334 5776 1620 5835 procurrant
1650 5768 1845 5839 futura.
1875 5769 2007 5823 Lac.

502 5841 585 5913 (tl)
610 5837 875 5917 ‘EtJnajor
907 5856 1061 5917 parite
1079 5842 1153 5898 vis
1182 5842 1533 5917 hantiiutnt_e._a:_
1557 5837 2013 5917 visirpiibnspeum

433 5907 933 5987 discniit.LPer'visa
966 5925 1021 5972 et
1050 5912 1313 5970 insomnia
1344 5908 1411 5970 ad
1437 5907 1623 5965 Fidem
1654 5910 2010 5969 Christianam

2110 4703 2388 4750 vocantur.
2436 4690 2554 4747 llic.

2180 4764 2334 4820 CAP.
2365 4755 2751 4835 XLVIII.-:(e)
2780 4755 2947 4835 Verrio
2971 4755 3133 4835 magis
3158 4754 3350 4835 quiete.
3381 4750 3556 4835 verno
3570 4753 3702 4835 tent-

2112 4852 2244 4905 pore
2274 4834 2588 4906 quietiorem
2638 4823 2753 4906 fieri
2785 4823 3140 4906 animamfet
3172 4823 3540 4906 paegtioribus
3565 4828 3704 4872 som-

2112 4895 2216 4964 niis
2246 4895 2508 4962 eacrceri.
2542 4901 2755 4957 tradunt
2786 4898 2899 4953 fere
2930 4912 3136 4952 omnes.
3172 4895 3248 4951 LE
3279 4895 3375 4949 Pa.

2183 4961 2554 5053 (f)_Si__peqit¢
2583 4972 2846 5053 resupina,
2873 4983 3034 5053 neque
3071 4968 3251 5053 dextro
3278 4967 3466 5053 [latere
3493 4961 3703 5053 {eff-'1"

2111 5032 2216 5106 bat‘.
2233 5032 2482 5102 [Facilius
2506 5032 2754 5097 somnum
2782 5032 3076 5116 adventare
3092 5032 3703 5116 dextroilatere'deettp}:

2111 5098 2768 5176 benti—bus“observarunt
2813 5109 3137 5181 phiIOSOphi,
3196 5107 3336 5181 unde
3396 5098 3700 5181 Aristoteles

2111 5200 2244 5248 sect.
2280 5189 2338 5256 6,
2371 5187 2541 5258 probi.
2570 5187 2625 5246 5.
2661 5177 2933 5259 proponit,
2959 5177 3056 5236 cur
3077 5195 3206 5259 eum.
3228 5178 3421 5259 dextra
3451 5177 3704 5259 .eorttgrf

2113 5271 2264 5333 parte
2280 5248 2565 5333 culiamus,
2587 5248 2810 5333 somnus
2844 5252 3003 5307 citius
3028 5251 3253 5333 accedit.
3284 5248 3701 5333 Dormirefttnanﬂj

2112 5318 2421 5403 resupinato
2449 5318 2679 5403 corpore
2710 5327 2886 5379 minus
2914 5338 3104 5403 sant-tm
3130 5332 3253 5403 ρει,
3303 5335 3369 5376 ex
3409 5331 3473 5373 eo
3515 5318 3697 5383 quippe

2112 5406 2216 5462 situ
2244 5392 2435 5473 graves
2459 5392 2627 5453 morbi
2659 5403 2983 5473 nascuntur.
3025 5393 3098 5449 Ls
3130 5392 3229 5447 Pa.
3267 5460 3299 5473 η

2185 5453 2455 5547 (εἴδηπξῶ
2475 5465 3012 5547 sensuum.,Iutelligit
3040 5460 3359 5547 praecordia,
3389 5453 3694 5547 πξριεξίδιον,

2114 5524 2984 5616 sai‘ilgiiiwne'm'circinneoidialeiﬁ.
3041 5524 3112 5616 dae.
3132 5547 3241 5616 quo
3277 5524 3476 5616 supra.
3505 5524 3616 5616 RE.

2191 5600 2275 5690 (ἦ)
2319 5614 2420 5690 sint
2467 5607 3014 5690 compressa__i_ecoris.
3532 5600 3697 5690 eses:

2153 5666 2273 5742 lari:
2314 5666 2689 5754 Compressam
2742 5666 2882 5754 dicit
2921 5691 3016 5745 pro
3069 5666 3503 5745 Compressione,
3536 5671 3586 5718 ut
3616 5666 3696 5729 pro

2155 5704 2272 5742 tart.
2314 5704 2689 5754 Compressan!
2742 5704 2871 5735 lucu
2921 5704 3016 5745 μιν
3069 5704 3503 5745 υυιιψι-σδοιυιιν,
3537 5704 3586 5718 ι·-

2115 5704 2965 5820 Reniissimie,Remissam.th.
3064 5817 3077 5820 _
3153 5817 3212 5820 Μ
3292 5813 3304 5820 _
3446 5809 3457 5820 .
3516 5805 3528 5820 .
3577 5800 3609 5820 Δ

2189 5805 2473 5904 om
2505 5805 2729 5904 ww
2787 5817 3103 5904 ετ-οειοριυέο
3143 5805 3699 5904 ἰρίξηέξτξέτῐὲἔεῗέἓῖξ

2117 5879 2716 5958 Gebtilesrdaemonibus
2741 5891 2853 5949 suis
2874 5888 3091 5961 jejuniis
3106 5879 3267 5945 etiam
3289 5879 3552 5939 interdum
3587 5879 3699 5939 tf'a‘

3981 4377 3983 4500 ψ
