4042 6288
397 363 502 424 735
1744 358 1945 419 LIBER

2104 352 2338 419 ANIMA'.
3588 363 3696 422 734

266 510 361 548 ,κ
395 492 598 547 autem,
628 478 811 536 nescio
838 490 906 534 an
952 492 1052 548 ego
1072 477 1218 532 solus
1249 476 1537 549 plurimum
1568 478 1642 535 ita
1693 478 1979 543 somnium,
2010 472 2061 533 Λ
2090 478 2345 532 terminos
2374 476 2521 533 orbis
2548 477 2838 549 Evangelio
2866 477 3232 535 coruscanle-‘i
3260 475 3401 535 Num
3429 490 3559 550 ergo
3586 485 3680 533 aut

395 580 452 624 ut
484 584 569 625 me
589 571 891 625 somniasse
935 586 1041 624 non
1071 569 1320 625 sentiam.
1372 568 1516 624 Nihil
1548 584 1674 639 ergo
1701 569 1996 649 sobrietas,
2034 610 2049 636 η,
2095 569 2230 624 fama
2282 572 2499 625 mentita
2541 582 2623 625 est
2666 572 2971 638 Aristoteli,
3013 581 3106 647 aut
3147 572 3452 626 daemonum
3507 569 3684 625 adhuc

396 662 592 731 inquis,
625 661 692 716 ad
726 662 863 716 hanc
894 660 1151 731 partem?
1192 661 1301 715 lmo
1329 670 1477 716 tanto
1498 664 1666 732 magis
1717 660 1782 716 ad
1828 660 1985 726 hanc,

391 761 651 821 quantum
675 759 727 806 ct
749 751 816 806 ad
840 767 1074 806 omnem.
1104 752 1159 807 Si
1179 760 1231 807 et
1255 759 1321 806 ad
1337 753 1796 823 superstitionem,
1822 751 1990 806 inulto

390 845 621 914 amplius
647 844 714 898 ad
745 844 1075 914 religionem.
1110 843 1199 899 Sic
1228 844 1371 898 enim
1418 853 1472 897 et
1500 843 1763 899 daemonia
1793 858 1991 912 expos-

391 936 562 991 tulaut
582 950 699 991 eam
718 950 746 990 a
765 936 875 990 suis
891 935 1325 1003 somniatoribus,
1352 935 1417 989 ad
1442 935 1764 991 lenocinium
1786 936 1992 992 scilicet

389 1028 711 1096 divinitatis,
731 1029 853 1099 quia
883 1027 1199 1083 familiarem
1234 1027 1325 1083 Dei
1349 1036 1546 1083 norunt
1592 1028 1717 1097 (I):
1754 1027 1829 1100 (α)
1866 1028 1989 1098 quia

404 1131 458 1177 et
490 1121 672 1177 Daniel
707 1121 845 1189 (Dan
899 1119 973 1190 X)
1003 1135 1189 1176 rursus
1233 1124 1390 1175 trium
1424 1121 1818 1177 hebdomadum
1876 1135 1989 1176 sm-

397 1214 544 1267 tionc
576 1213 649 1280 (b)
678 1210 820 1265 aruit
846 1213 987 1266 victu
1020 1229 1035 1278 ;
1068 1209 1163 1267 sed
1226 1220 1284 1265 ut
1338 1211 1504 1266 Deum
1539 1212 1783 1268 inliceret
1811 1211 1985 1266 1ιιιιιιίι

391 1304 630 1361 liationis
674 1305 884 1369 otﬁeiis,
922 1321 1026 1362 non
1062 1317 1119 1361 ιιι
1148 1308 1344 1362 animae
1392 1309 1739 1364 somniaturac
1771 1323 1987 1365 sensum

389 1409 445 1455 et
470 1399 785 1469 sapientiam
812 1408 1066 1466 strueret,
1096 1401 1249 1471 quasi
1299 1417 1404 1456 non
1456 1401 1510 1457 in
1537 1404 1732 1457 ecstasi
1762 1414 1986 1459 acturae.

392 1490 469 1545 Ita
499 1506 603 1545 non
631 1491 697 1545 ad
721 1492 952 1547 ecstasin
979 1491 1402 1548 subtnovendam
1435 1494 1698 1549 sobrietas
1725 1495 1988 1565 proliciet,

389 1581 484 1637 sed
501 1582 565 1636 ad
585 1582 753 1653 ipsam
777 1583 1011 1638 ecstasin
1039 1584 1548 1651 commendandam,
1577 1595 1636 1641 ut
1657 1588 1708 1641 in
1737 1586 1850 1643 Deo
1878 1586 1987 1644 ﬁat.

937 1720 1165 1780 CAPUT
1203 1723 1388 1781 XLIX.

2093 662 2229 717 ratio
2254 671 2356 728 est,
2387 662 2511 718 dum
2545 679 2612 718 ne
2653 666 2845 720 animae
2884 662 2965 736 (5)
3008 650 3199 735 aliqua
3258 672 3445 719 natura
3497 662 3687 719 creda-

2097 766 2182 811 tur
2216 757 2466 811 immunis
2492 756 2869 813 somniorum?

2697 880 2927 946 CAPUT
2980 890 3045 946 L.

2164 1025 2306 1083 Satis
2335 1026 2400 1081 de
2430 1025 2647 1095 speculo
2687 1025 2893 1087 mortis,
2948 1024 2998 1080 id
3047 1035 3129 1083 est
3171 1024 3238 1083 de
3281 1042 3527 1095 sommo;
3574 1036 3684 1085 tmn

2094 1121 2255 1176 etiam
2286 1119 2353 1175 de
2382 1120 2609 1186 negotiis
2636 1120 2835 1183 somni,
2871 1117 2919 1172 id
2949 1127 3032 1174 est
3060 1119 3128 1174 de
3157 1121 3402 1178 somniis.
3441 1120 3592 1178 Nunc
3620 1123 3687 1177 ad

2095 1212 2353 1282 originem
2387 1210 2544 1280 hujus
2571 1224 2856 1277 excessus,
2900 1209 2948 1264 id
2972 1218 3054 1264 est
3087 1210 3152 1264 ad
3181 1212 3425 1266 ordinem
3461 1215 3683 1279 mortis;

2095 1307 2217 1374 quia
2262 1316 2359 1359 uec
2397 1304 2565 1371 ipsum
2608 1298 2724 1357 sine
2763 1301 3168 1371 quaestionibus,
3198 1304 3320 1358 licet
3366 1306 3524 1359 linem
3566 1320 3685 1358 om-

2098 1397 2243 1451 nium
2299 1396 2676 1466 quaestionum.
2727 1394 2944 1449 Pulili‘ca
2998 1385 3157 1451 totius
3208 1398 3423 1466 generis
3468 1398 3685 1455 humani

2097 1490 2384 1555 sententia,
2432 1496 2659 1543 mortem
2705 1495 2912 1542 natura:
2956 1482 3196 1543 debitum
3257 1491 3682 1558 pronuntiamus.

2059 1582 2210 1647 ,Hoc
2262 1580 2514 1650 stipulata
2566 1588 2647 1636 est
2701 1578 2792 1633 Dei
2843 1593 2942 1633 vox
2996 1577 3148 1650 (Gen.
3193 1578 3351 1653 Ill),
3399 1583 3688 1652 Spopondit

2096 1689 2255 1729 omne
2282 1671 2422 1743 quod
2451 1671 2720 1736 nascitur;
2755 1678 2809 1725 ut
2832 1670 2941 1740 jam
2971 1669 3096 1725 hinc
3124 1685 3228 1726 non
3255 1671 3470 1742 Epicuri
3501 1682 3688 1744 stupor

2098 1764 2456 1831 Stiﬁ'uttdatur,
2484 1762 2726 1831 negantis
2748 1760 2987 1816 debitum
3014 1762 3153 1816 istud
3172 1763 3237 1818 ad
3262 1778 3357 1818 nos
3380 1767 3682 1834 pertinere;

463 1857 700 1915 Infantes
753 1861 843 1931 qui
895 1874 999 1915 non
1049 1869 1236 1930 putant
1283 1864 1574 1929 somniare,
1625 1880 1748 1922 cum
1800 1873 1978 1928 omnia
2010 1885 2063 1946 Β
2087 1859 2180 1916 sed
2232 1855 2468 1913 haeretici
2508 1856 2675 1928 magis
2722 1853 2803 1929 (4)
2860 1854 3134 1911 Μοιιειιὴὴὶ
3187 1857 3494 1912 samaritaui
3539 1856 3687 1946 furor

292 2024 295 2029 ν
386 1949 580 2004 animae
612 1967 708 2021 pro
736 1951 899 2007 modo
915 1954 1099 2019 aetatis
1128 1964 1501 2025 expungantur
1529 1958 1579 2012 in
1607 1958 1984 2025 vita,animad-

384 2048 596 2095 vertant
678 2056 962 2099 succussus
1035 2043 1120 2115 (2)
1195 2054 1248 2101 et
1302 2055 1492 2115 nutus,
1547 2061 1596 2103 et
1656 2052 1985 2111 renidentias

385 2148 572 2189 eorum
606 2151 701 2206 per
720 2137 979 2206 quietem,
1014 2147 1070 2194 ut
1096 2154 1161 2195 ex
1191 2155 1250 2195 re
1275 2140 1755 2211 comprehendant,
1807 2157 1985 2206 motus
2024 2204 2033 2212 ,

383 2229 578 2282 animae
605 2229 921 2284 somniantis
943 2229 1099 2286 facile
1120 2229 1215 2301 per
1233 2234 1410 2288 carnis
1432 2236 1764 2293 teneritatem
1797 2255 1981 2296 erum-

383 2333 515 2390 pere
543 2320 593 2375 in
625 2320 982 2392 superficiem.
1028 2323 1132 2380 Sed
1179 2334 1233 2380 et
1291 2325 1433 2394 quod
1482 2327 1557 2400 (ο)
1601 2328 1797 2402 Libyca
1851 2349 1985 2406 gens

384 2415 630 2470 Atlantes
681 2431 826 2471 caeco
868 2432 1059 2472 somno
1107 2429 1316 2474 noctem
1370 2423 1663 2493 transigere
1713 2425 1982 2495 dicuntur,

384 2507 576 2560 animae
609 2508 787 2577 utique
816 2519 1002 2564 natura
1037 2518 1268 2566 taxatur.
1313 2512 1516 2579 Porro,
1572 2526 1662 2569 aut
1711 2517 1982 2575 Herodoto

385 2596 525 2651 (ama
558 2599 775 2653 mentita
823 2605 925 2665 est,
960 2614 1342 2673 nonnunquam
1374 2608 1424 2658 in
1462 2603 1723 2663 Barbaros
1773 2610 1980 2667 calum-

387 2688 573 2754 niosa,
624 2696 715 2744 aut
768 2674 979 2761 magna!
1014 2693 1091 2746 vis
1141 2693 1403 2762 ejusmodi
1448 2695 1749 2753 daemonum
1790 2701 1845 2757 in
1892 2703 1982 2758 illo

384 2779 601 2837 climate
649 2782 976 2840 dominatur.
1011 2786 1067 2842 Si
1097 2787 1240 2842 enim
1292 2797 1346 2843 et
1391 2789 1709 2847 Aristoteles
1759 2794 1979 2851 heroem

384 2874 670 2942 quemdam
702 2875 963 2934 Sardiniae
995 2888 1161 2943 notat,
1191 2880 1528 2936 incubatores
1559 2885 1665 2938 lani
1697 2887 1779 2940 sui
1820 2887 1981 2941 visio-

384 2960 543 3024 nibus
564 2970 890 3038 privantem,
921 2973 1021 3027 erit
1043 2980 1098 3029 et
1129 2972 1230 3028 hoc
1258 2974 1310 3029 in
1338 2974 1640 3031 daemonum
1669 2977 1980 3035 libidinibus

384 3069 492 3115 tam
518 3060 732 3119 auferre
758 3064 963 3119 somnia
996 3081 1154 3132 quam
1184 3065 1404 3134 inferre,
1434 3078 1488 3120 ut
1519 3067 1745 3124 Neronis
1766 3084 1980 3142 quoque

379 3154 489 3208 seri
522 3155 889 3221 somniatoris,
922 3165 976 3212 et
1005 3154 1371 3214 Thrasitnedis
1424 3158 1632 3230 insigne
1678 3161 1802 3216 imle
1851 3178 1979 3231 pro-

299 3239 350 3285 ν
380 3248 627 3301 cesserit.
661 3246 771 3303 Sed
799 3257 855 3303 et
877 3263 906 3302 a
940 3249 1045 3304 Deo
1067 3247 1381 3305 deducimus
1412 3252 1640 3308 somnia.
1681 3251 1818 3321 Quid
1845 3269 1976 3324 ergo

381 3353 481 3406 nec
508 3356 537 3391 a
566 3340 675 3395 Deo
705 3340 949 3398 Atlantes
987 3342 1336 3408 somniarent,
1369 3342 1454 3400 vel
1501 3345 1623 3415 quia
1674 3347 1817 3401 nulla
1862 3346 1974 3417 jam

375 3444 514 3500 gens
540 3431 631 3486 Dei
658 3441 917 3488 extranea
972 3444 1054 3489 est
1108 3431 1215 3506 (ά).
1261 3434 1313 3489 in
1357 3448 1574 3491 omnem
1608 3445 1804 3492 terram
1834 3448 1887 3494 et
1918 3438 1971 3494 in

2091 1958 2417 2020 conspuatnr
2449 1989 2465 2013 ,
2513 1947 2739 2003 dicentis
2788 1956 3013 2003 mortem
3075 1946 3142 2002 ad
3186 1962 3316 2003 suos
3367 1964 3472 2004 non
3524 1942 3685 2005 modo

2091 2058 2196 2099 non
2226 2043 2512 2111 pertinere,
2544 2055 2727 2095 verum
2752 2054 2850 2095 nec
2886 2039 3191 2110 pervenire.
3244 2040 3302 2096 In
3334 2041 3439 2097 hoc
3482 2042 3686 2099 scilicet

2089 2149 2207 2198 sea
2237 2147 2467 2204 superna
2496 2142 2549 2188 et
2576 2147 2767 2188 arcana
2796 2141 3060 2200 potestate
3090 2132 3344 2202 legatum,
3381 2144 3434 2189 ut
3464 2134 3685 2190 immor-

2089 2231 2259 2296 tales,
2309 2236 2363 2284 et
2408 2226 2875 2296 incorruptibiles,
2935 2235 2991 2280 et
3043 2227 3225 2282 statim
3268 2229 3683 2285 resurrectionis

2085 2331 2361 2391 compotes
2386 2320 2533 2385 ﬁant,
2556 2319 2645 2390 qui
2668 2318 2929 2390 baptisma
2946 2319 3061 2391 ejus
3084 2320 3376 2378 induerint.
3424 2323 3680 2395 Legimus

2086 2413 2304 2486 quidem
2376 2412 2628 2482 pleraque
2667 2426 2922 2481 aquarum
2979 2426 3176 2481 genera
3249 2413 3509 2469 miranda.
3573 2415 3678 2471 Sed

2087 2520 2177 2562 aut
2222 2505 2297 2579 (ε)
2350 2506 2595 2562 ebriosos
2645 2503 2822 2560 reddit
2866 2504 3249 2576 Lyncestarum
3289 2523 3423 2564 vena
3456 2510 3678 2576 vinosa,

2085 2610 2177 2655 aut
2245 2596 2315 2671 (Γ)
2404 2595 2762 2669 lymphaticos
2820 2594 2989 2651 efﬁcit
3042 2597 3372 2669 Colophonis
3442 2605 3675 2659 scaturi-

2084 2706 2153 2762 go
2207 2689 2523 2755 daemonica,
2573 2695 2663 2742 aut
2704 2685 2780 2758 (g)
2813 2685 3116 2742 Alexandro
3167 2689 3362 2745 accidit
3414 2689 3681 2751 Nonacris

2086 2782 2328 2841 Arcadiar
2355 2790 2638 2837 venenata.
2671 2778 2794 2834 Fuit
2836 2788 2891 2834 et
2918 2778 3120 2833 Judaeac
3152 2780 3235 2851 (Ii)
3263 2781 3409 2838 lacus
3439 2784 3682 2842 medicus

2086 2876 2266 2951 (Joun.
2297 2874 2364 2946 V)
2407 2883 2532 2929 ante
2557 2871 2848 2927 Christum.
2885 2868 2944 2942 (i)
2992 2871 3154 2927 Plane
3198 2873 3409 2945 Stygias
3462 2876 3682 2946 paludes

2084 2980 2241 3040 poeta
2274 2966 2490 3022 tradidit
2521 2971 2748 3019 mortem
2783 2961 3067 3018 dilueutes.
3094 2963 3199 3018 Sed
3229 2976 3284 3021 et
3310 2965 3494 3023 Thetis
3515 2969 3679 3025 ﬁlium

2087 3060 2308 3132 planxit.
2338 3059 2652 3127 Quanquam
2699 3054 2744 3109 si
2784 3065 2838 3108 ct
2888 3053 3178 3111 Menander
3207 3057 3257 3111 in
3283 3057 3502 3132 Stygem
3533 3077 3678 3118 incr-

2082 3154 2182 3225 git,
2215 3149 2550 3207 moriendum
2584 3146 2688 3202 erit
2732 3145 3100 3209 nihilominus,
3136 3156 3191 3201 ut
3231 3148 3296 3203 ad
3340 3150 3556 3222 Stygem
3585 3168 3679 3208 ve-

2002 3271 2047 3335 C
2085 3246 2200 3300 nias
2233 3240 2410 3311 :apud
2441 3237 2642 3295 inferos
2676 3236 2820 3291 enim
2849 3235 3064 3291 dicitur.
3097 3237 3352 3305 Quaenam
3383 3252 3432 3296 et
3465 3242 3678 3298 ubinam

2083 3339 2183 3394 ista
2225 3334 2451 3392 felicitas
2491 3345 2771 3403 aquarum,
2801 3342 2934 3398 quas
2981 3344 3078 3384 nec
3104 3329 3342 3390 Joannes
3385 3333 3683 3405 baptizatur

2079 3427 2551 3506 praeministravit,
2581 3438 2681 3480 nec
2708 3420 2953 3478 Christus
2984 3421 3099 3493 ipse
3138 3423 3422 3499 discipulis
3449 3426 3679 3484 demon-

1607 3568 1995 3629 LECTIONES
2034 3565 2450 3629 VABIANTES.

537 3674 723 3727 Norant
742 3678 880 3750 Pan.
938 3686 953 3697 ί

462 3739 492 3786 2
535 3739 802 3792 Successus
820 3744 929 3803 Rtg.

462 3737 512 3804 2)
535 3739 802 3792 Successus
820 3737 929 3807 Rig.
959 3747 1072 3790 Ven.

2235 3683 2423 3733 Animae
2445 3678 2579 3731 abest
2599 3688 2630 3729 a
2650 3681 2792 3730 Pam.
2816 3680 2969 3732 then.
2991 3678 3142 3733 Sentl.

2160 3741 2212 3810 4')
2240 3745 2367 3809 Magi
2390 3741 2542 3796 Eheu.
2564 3744 2708 3794 Pam.
2734 3742 2889 3795 Seml.

1743 3842 2305 3911 COMMENTARIUS.

371 3985 699 4062 tulabantur,
731 3987 1216 4062 statuebantorqlte
1242 3987 1356 4045 sive
1384 3986 1760 4045 indicebantur
1787 3989 1849 4047 iis
1869 3990 1960 4062 qui

370 4056 587 4110 oracula
615 4058 983 4113 consulebant.
1016 4058 1091 4112 Le
1132 4057 1228 4113 Pa.

2073 3990 2235 4065 habet
2284 3993 2486 4047 Auctor
2512 4007 2649 4065 seq.
2693 3991 2882 4062 Capite
2915 4008 2927 4044 :
2966 4008 3082 4065 cum
3117 4001 3319 4065 contra,
3352 4008 3525 4049 omnes
3558 3994 3678 4065 jam

2063 4064 2289 4117 nationes
2333 4063 2609 4117 ascendant
2651 4064 2705 4118 in
2732 4073 2950 4119 montem
2978 4064 3204 4128 Domini,
3233 4073 3280 4117 et
3303 4064 3357 4118 in
3380 4066 3540 4119 aedem
3561 4063 3675 4121 ’Dei

448 4125 688 4205 (a)_Quia
707 4127 1144 4205 el‘Dmtielrurs‘m
1159 4131 1313 4205 trium
1332 4127 1636 4205 hebdomad.
1665 4130 1796 4186 Illud
1814 4131 1959 4205 quod
2059 4132 2240 4205 Iacob.
2258 4132 2470 4188 Pau.—
2486 4132 2554 4205 Et
2574 4135 2715 4205 apud
2743 4135 2997 4190 Barbaros
3020 4135 3154 4191 enim
3174 4125 3426 4203 Christus,
3450 4135 3670 4193 Tertull.

371 4197 465 4272 hic
488 4197 717 4272 afﬁrmat
745 4202 946 4272 Auctor
971 4201 1039 4254 de
1068 4200 1301 4272 Danielis
1331 4201 1537 4272 jejunio
1565 4216 1661 4271 per
1686 4213 1794 4257 tres
1823 4197 1957 4257 heb-

369 4264 649 4344 domadas.
684 4270 851 4344 miror
879 4270 1055 4344 mirari
1088 4264 1402 4337 Pameliuin,
1433 4264 1604 4327 virum
1623 4273 1954 4344 diligentem,

369 4340 569 4412 alioqui
598 4354 652 4395 et
675 4340 888 4396 docttnn
919 4342 1170 4406 maxime,
1220 4356 1341 4397 eum
1385 4356 1660 4399 assereret
1697 4340 1960 4412 t‘iuSquam

369 4408 812 4484 apodiDanielem
845 4413 962 4484 ejus
991 4413 1102 4467 ﬁeri
1143 4413 1634 4484 intentionemteum
1665 4408 1963 4469 clarissime

1047 4484 1115 4538 10
1162 4484 1413 4539 Danielis.
1485 4483 1553 4538 In
1619 4484 1793 4539 diebus

371 4480 477 4536 hoc
513 4483 825 4552 inveniatur
873 4480 992 4552 cap.
1047 4484 1115 4538 10
1162 4484 1413 4552 Danielis.
1485 4483 1553 4538 In
1619 4484 1793 4539 diebus
1860 4486 1964 4539 illis

2062 4204 2156 4259 lib.
2187 4203 2251 4256 de
2277 4205 2494 4260 Corona.
2528 4203 2647 4262 Rto.

2132 4276 2289 4330 CAP.
2321 4274 2384 4349 L.
2409 4305 2482 4317 —
2505 4276 2582 4348 le)
2612 4278 2856 4332 Ebriosos
2896 4277 3062 4332 reddit
3107 4276 3477 4349 Lyncestarum
3519 4294 3667 4337 veua.

2066 4345 2291 4401 Foutem
2313 4345 2633 4403 Macedoniae
2657 4349 2969 4405 auctoribus
2997 4345 3327 4411 celebratum
3351 4349 3481 4404 dicit
3501 4367 3515 4410 ;
3540 4366 3665 4406 nam

2065 4416 2343 4489 Lyncestae
2363 4419 2684 4474 Macedoniae
2712 4429 2841 4475 sunt
2859 4420 3059 4489 populi.
3084 4420 3254 4475 Tanta
3281 4420 3478 4475 dicitur
3507 4419 3667 4487 hujus

2066 4502 2219 4561 aquas
2244 4488 2522 4561 violentia,
2560 4503 2612 4544 ut
2672 4488 2940 4557 majorem
2989 4505 3147 4561 quam
3196 4491 3665 4561 vinum_soporem

368 4568 463 4620 ego
486 4551 674 4630 Daniel
700 4550 955 4630 lugebam,
984 4555 1135 4609 trium
1162 4550 1593 4630 hebdomadarum
1649 4557 1824 4630 diebus
1869 4573 1961 4626 pn-
1986 4556 2040 4616 D
2068 4550 2300 4630 inducat.
2358 4550 2559 4615 Seneca
2593 4562 2680 4616 lib.
2719 4550 2785 4617 III
2814 4573 2981 4615 natur.
3008 4550 3195 4630 quam.
3226 4575 3345 4627 cap.
3389 4550 3494 4623 Ξόξ
3521 4559 3665 4616 Plitt.

368 4612 484 4676 uuam
513 4612 895 4678 desiderabilem
938 4612 1043 4680 itan
1098 4626 1311 4691 comedi,
1343 4636 1389 4680 et
1418 4642 1536 4679 caro
1564 4636 1610 4681 et
1640 4629 1811 4681 vinum
1862 4612 1962 4680 itan

368 4694 671 4766 introierunt
698 4696 751 4766 in
772 4712 828 4750 os
855 4713 1040 4757 meum,
1065 4696 1153 4750 sed
1172 4713 1328 4765 neque
1348 4708 1601 4766 unguento
1623 4708 1803 4751 unctus
1827 4715 1960 4763 sum,

367 4764 527 4820 donec
546 4765 915 4831 complerentur
942 4769 1092 4821 trium
1123 4764 1552 4822 hebdomadarum
1578 4769 1704 4823 dies.
1741 4769 1869 4824 Lac.

444 4834 702 4909 (b)_Aruit
730 4839 883 4892 uictu.
919 4837 1314 4909 XerOpbagiam
1342 4840 1624 4909 signiﬁcat,
1645 4855 1803 4907 quam
1826 4840 1963 4894 libro

368 4907 688 4978 deJejuuiis
722 4920 879 4963 vocat
923 4908 1129 4965 aridum
1180 4907 1413 4976 rietuut,
1459 4919 1513 4965 et
1559 4909 1736 4966 aridas
1786 4925 1958 4978 escas,

367 4978 488 5050 cibo
511 4979 585 5050 ab
613 4980 754 5035 omni
783 4996 945 5035 cartte
967 4982 1166 5036 siccato
1195 4988 1250 5035 et
1276 4981 1418 5037 ontui
1438 4981 1728 5050 jurulentia
1758 4992 1814 5037 et
1844 4983 1959 5039 uti.

366 5047 605 5121 dioribus
634 5051 931 5120 quibusque
959 5053 1147 5118 pernis.
1180 5051 1297 5121 Ipse
1330 5047 1510 5107 Daniel
1542 5068 1558 5105 :
1594 5050 1791 5108 Panem
1820 5051 1958 5109 deri-

367 5119 642 5190 derabilem
666 5138 767 5177 non
792 5119 1004 5177 comedi.
1039 5122 1156 5178 Illa.
1207 5119 1217 5121 7
1691 5186 1696 5190 ,

435 5188 591 5249 CAP.
615 5190 1194 5266 XCIX.-—_-A(c)_l_.ibyca
1222 5209 1345 5266 gens
1388 5194 1616 5250 Atlantes
1659 5188 1791 5266 ca'co
1833 5209 1961 5249 som-

367 5277 476 5335 no,
504 5272 598 5316 etc.
631 5263 834 5335 Plinius
864 5263 955 5318 lib.
994 5264 1059 5329 V,
1088 5263 1138 5319 ὁ.
1166 5263 1237 5335 8Ξ
1269 5264 1464 5335 Libyca
1511 5280 1641 5335 gens
1692 5263 1958 5329 Atlantes.

366 5331 662 5403 degeneres
691 5334 909 5393 humani
955 5335 1111 5390 ritus.
1154 5331 1750 5403 Somnia'non'vialeut,
1783 5337 1958 5401 qualia

366 5400 555 5473 reliqui
610 5406 883 5478 mortales.
936 5405 1237 5462 Herodotus
1280 5414 1541 5478 ελεγονται
1579 5400 1750 5462 suam
1778 5411 1958 5463 ενῠονια

362 5478 511 5546 ὁρᾷς),Δ
527 5484 630 5546 εις.
667 5477 786 5533 1110.
1274 5512 1277 5513 '

437 5542 521 5618 (ἀ)
562 5543 727 5618 Nulla
746 5548 862 5618 jam
888 5563 1014 5618 gens
1047 5546 1138 5603 Dei
1166 5558 1405 5605 extranea
1434 5558 1529 5603 est.
1560 5546 1693 5602 Vide
1738 5546 1804 5602 tle
1857 5545 1959 5604 hoc

367 5615 464 5673 lib.
498 5615 619 5672 adv.
650 5615 780 5673 Jud.
806 5633 857 5673 c.
884 5615 935 5682 7,
971 5618 1089 5684 ubi,
1133 5628 1251 5687 post
1290 5619 1746 5676 etntmeratiooem
1781 5618 1955 5672 varia-

364 5701 483 5745 rum
508 5688 772 5760 gentium,
800 5688 879 5743 sic
897 5689 1168 5760 concludit
1194 5707 1207 5742 :
1236 5688 1425 5747 Christi
1472 5698 1637 5743 autem
1662 5705 1882 5760 regnum
1911 5698 1959 5755 et

362 5758 545 5817 nomen}
591 5758 779 5830 ubique
818 5759 1114 5830 porrigitur,
1142 5760 1324 5829 ubique
1351 5760 1575 5816 creditur
1594 5801 1609 5821 ,
1637 5761 1700 5815 ab
1720 5758 1957 5815 omnibus

363 5831 666 5901 gentibus...
685 5830 891 5901 colitur,
916 5831 1097 5899 ubique
1116 5842 1314 5899 regnat,
1342 5832 1524 5895 ubique
1548 5830 1816 5895 adoratur,
1845 5846 1956 5901 om:

363 5900 509 5959 nibus
530 5901 715 5973 ubique
738 5900 976 5955 tribuitur
1018 5903 1294 5973 aequaliter.
1328 5902 1531 5961 Eodem
1559 5903 1790 5973 pertinet
1811 5900 1950 5972 quod

2070 4628 2161 4682 lib.
2189 4629 2248 4692 ll,
2279 4643 2398 4692 can.
2430 4631 2565 4694 405;
2588 4632 2744 4688 Ovid.
2783 4632 2874 4686 lib.
2905 4632 2943 4693 Ι,
2971 4628 3183 4687 Metam.
3209 4630 3381 4695 Prope
3399 4629 3664 4698 Erganem

2069 4699 2285 4754 ﬂuvium
2316 4701 2765 4757 similouiaztuam
2825 4703 2987 4757 fuisse
3034 4703 3196 4756 refert
3250 4699 3545 4758 Athenaeus
3597 4718 3663 4757 ex

2067 4769 2431 4844 Theopompo,
2465 4774 2557 4828 lib.
2592 4773 2654 4839 II,
2692 4774 2902 4844 Dipuos.
2957 4772 3034 4829 LE
3061 4772 3156 4828 Pn.

2139 4841 2230 4913 (fl
2258 4841 2571 4913 Lymplmtos
2627 4841 2784 4915 efﬁcit
2830 4845 3134 4913 Colophonis
3168 4843 3450 4915 scaturigo.
3500 4842 3663 4915 Colo-

2066 4912 2210 4983 phOn
2230 4912 2480 4982 oppidum
2500 4924 2581 4970 est
2604 4912 2744 4969 hiud
2771 4916 3055 4970 obscurum
3085 4916 3135 4968 in
3165 4912 3311 4967 Ionia
3330 4954 3345 4977 ,
3395 4914 3659 4983 Apollinis

2063 4982 2226 5057 Clarii
2261 4984 2476 5057 oraculo
2503 4986 2769 5057 quondam
2803 4986 3043 5057 illustris,
3073 4983 3285 5057 quodin
3309 4984 3431 5037 luco
3460 4984 3656 5039 redde-

2063 5054 2239 5118 batur,
2272 5056 2357 5109 ubi
2387 5054 2619 5110 l'ons'ille
2649 5056 2897 5111 celebris.
2955 5055 3032 5110 Ls
3074 5055 3172 5110 Pu.

2136 5145 2216 5218 (g)
2254 5146 2759 5218 Alexandroaccidit
2788 5145 3063 5218 Nonacris,
3097 5155 3200 5201 etc.
3237 5145 3483 5218 Arcadiae
3530 5161 3656 5216 pars

2062 5214 2287 5273 estsed
2331 5218 2478 5287 regio
2512 5214 2791 5281 Nonacris,
2840 5217 2891 5271 in
2934 5231 3037 5284 qua
3069 5232 3206 5285 aqua
3252 5214 3659 5287 reperitur‘quao

2061 5304 2188 5342 vasa
2231 5286 2411 5342 omnia
2461 5288 2677 5357 frangit,
2716 5301 2818 5355 qua
2873 5287 3060 5340 hausta
3095 5288 3457 5342 Alexandrum
3488 5286 3655 5342 fuisse

2063 5358 2442 5428 iuteremptunt
2473 5359 2713 5413 scribunt
2740 5357 2975 5427 quidam.
3009 5357 3087 5412 Ls
3115 5359 3211 5412 Pu.

2137 5450 2220 5575 (bl;
2260 5448 2423 5504 Lacus
2452 5448 2675 5504 medicus
2703 5457 2820 5502 aute
2848 5445 3127 5503 Christum.
3161 5447 3439 5504 Probatica
3490 5448 3653 5517 pisci-

2139 5560 2149 5574 .
2226 5537 2315 5575 Λιί.

2063 5535 2149 5576 ua.
2183 5535 2315 5576 I’All.

2132 5610 2195 5685 (i)
2238 5606 2404 5685 Planc
2456 5606 2666 5685 Stygias
2707 5606 2941 5685 paludes.
2990 5605 3196 5685 Caveas
3224 5606 3412 5685 sedqu
3462 5622 3527 5661 ne
3560 5606 3649 5685 hic

2061 5668 2233 5737 lac‘u'm
2262 5680 2499 5752 Stygium
2521 5668 2846 5752 Nonac’ridig
2892 5678 3123 5749 accipias
3144 5678 3292 5752 lsed
3327 5687 3541 5752 tantum
3564 5677 3616 5730 in
3636 5708 3653 5719 ο

2060 5752 2296 5809 ferorum
2324 5746 2590 5821 paludem,
2615 5767 2642 5805 a
2666 5766 2775 5821 qua
2803 5746 3037 5818 Cocytus
3062 5757 3115 5801 et
3142 5746 3436 5821 Pltlegeton
3466 5748 3653 5821 oriun-

2061 5834 2164 5888 tur,
2202 5834 2255 5878 ut
2288 5817 2499 5876 tradunt
2528 5823 2615 5890 qui
2663 5817 2956 5877 inferorum
3005 5818 3409 5888 topograpbium
3453 5817 3653 5872 callere

2058 5910 2118 5951 se
2145 5894 2475 5965 proﬁtentur.
2509 5890 2587 5948 LE
2617 5891 2712 5947 PR.
