4042 6288
367 260 469 318 757

1683 257 1887 315 LIBER
1927 257 2014 316 DE
2029 258 2285 317 'ANIMA.

3572 261 3675 318 758

368 389 488 430 rum
519 374 572 428 in
605 373 899 445 sepulturis
950 373 1202 445 aliquanti
1254 374 1512 443 temporis
1532 373 1772 431 denatat.
1807 374 1976 429 Porro
2001 377 2053 437 A
2087 374 2158 447 (e)
2191 389 2506 446 rursumque
2533 374 2746 431 condita
2775 389 2925 447 pace,
2960 376 3081 432 situi
3108 391 3206 433 suo
3233 375 3546 434 reddidisse.
3579 376 3677 432 Est

375 474 430 521 ct
470 465 612 521 aeris
654 465 885 536 qualitas
938 466 1152 537 corpori
1198 465 1272 521 illi
1325 466 1496 536 potuit
1564 466 1725 523 tutela
1782 468 1966 523 fuisse.

370 556 505 624 Quid
536 558 704 624 enim,
734 558 779 615 si
804 557 1002 613 aridior
1029 573 1139 625 aer,
1173 567 1229 613 et
1257 558 1429 612 solum
1464 558 1706 614 salsius?
1747 558 1894 630 quid,
1925 559 1970 614 si

370 658 427 705 et
454 640 640 722 ~ipsius
683 650 928 721 corporis
971 649 1271 705 substantia
1321 638 1643 706 exsuccior?
1671 649 1818 720 quid,
1850 650 1894 706 si
1918 660 1973 704 et

369 755 540 811 genus
570 741 762 797 mortis
788 752 913 796 ante
933 742 1045 811 jam
1069 741 1393 811 corruptelae
1425 742 1676 796 materias
1701 742 1971 812 erogaret?

374 832 589 903 Ungues
637 843 838 901 autem,
890 849 1012 890 cum
1065 834 1286 891 exordia
1347 833 1428 907 (l)
1483 850 1769 892 nervorum
1824 838 1967 903 siut,

371 926 586 992 merito,
621 925 804 981 nervis
826 925 1153 981 resolutione
1190 926 1474 996 porrectis,
1507 929 1888 997 provectiores,
1918 937 1974 984 et

371 1015 639 1086 quotidie,
672 1015 965 1073 deﬁciente
1011 1001 1177 1073 carne
1220 1018 1414 1089 expelli
1468 1018 1732 1074 videntur.
1790 1019 1971 1075 Comze

371 1124 587 1181 quoque
611 1110 869 1166 alimenta
897 1110 965 1166 de
994 1111 1244 1178 cerebro,
1272 1111 1416 1182 quod
1439 1112 1749 1183 aliquandiu
1776 1112 1971 1169 durare

373 1211 594 1274 prastat
644 1212 849 1260 secreta
906 1205 1156 1260 munitio.
1216 1204 1496 1276 Denique,
1560 1207 1610 1260 in
1669 1206 1971 1263 viventibus

371 1295 531 1351 etiam
562 1286 640 1366 (ἁ)
671 1309 768 1365 pro
812 1296 1019 1351 cerebri
1068 1295 1334 1364 ubertate,
1380 1297 1466 1353 vel
1493 1296 1662 1353 afﬂuit
1688 1297 1968 1369 capillago,

372 1389 457 1446 vel
482 1388 704 1447 deserit.
736 1389 913 1445 Habes
944 1388 1207 1445 medicos.
1238 1387 1345 1446 Sed
1387 1405 1488 1447 nec
1530 1392 1798 1447 modicum
1843 1391 1970 1463 quid

370 1483 564 1538 anima:
601 1482 884 1539 subsidere
917 1484 969 1539 in
1016 1497 1247 1554 corpore
1284 1494 1388 1550 est,
1419 1485 1771 1541 decessurum
1798 1502 1970 1558 quau.

369 1575 547 1647 doque
580 1586 635 1633 et
662 1578 854 1648 ipsum.
887 1591 1009 1633 cum
1040 1586 1205 1647 totam
1245 1580 1486 1649 corporis
1507 1595 1725 1636 scenam
1759 1590 1970 1654 tempus

370 1668 685 1727 aboleverit.
712 1670 778 1725 Et
803 1671 907 1726 hoc
931 1671 1075 1727 enim
1104 1672 1155 1726 iu
1187 1672 1441 1742 opinione
1480 1675 1836 1745 quormndam
1862 1686 1965 1731 est.

2075 470 2257 525 etalia
2297 469 2380 541 (4)
2410 470 2602 526 relatio
2642 470 2780 541 apud
2849 472 3083 538 nostros,
3140 471 3205 543 (Ῑ)
3237 470 3289 526 ἱη
3337 470 3669 534 cmmetcrio,

2074 576 2269 633 corpus
2295 563 2507 633 corpori
2531 562 2681 632 juxta
2713 562 3278 634 collocandospatium
3328 578 3544 620 recessu
3594 564 3674 634 (5)

2076 655 2532 712 communicasse.
2550 656 2607 711 Si
2630 663 2685 712 et
2704 655 2844 725 apud
2871 654 3116 711 ethnicos
3143 656 3245 712 tale
3270 656 3396 726 quid
3428 657 3672 720 traditur,

2076 747 2270 818 ubique
2288 748 2432 805 Deus
2461 749 2740 818 p0testalis
2759 764 2869 803 sua:
2887 748 3038 819 signa
3066 749 3336 818 preponit,
3363 748 3476 803 suis
3504 748 3554 803 iu
3582 762 3673 803 so-

2076 837 2285 908 latium,
2318 838 2590 895 extraneis
2628 841 2679 894 iu
2732 839 3119 897 testimonium.
3153 839 3318 908 Magis
3364 840 3505 895 enim
3556 854 3674 893 creo

2074 930 2196 986 dam
2223 946 2287 987 ex
2318 930 2431 987 Deo
2458 930 2680 999 factum,
2713 946 2873 1003 quam
2903 947 2971 986 ex
3002 931 3124 989 ullis
3167 932 3360 987 anima:
3389 931 3630 1002 reliquiis
3659 949 3673 986 :

2074 1038 2194 1093 qua:
2218 1024 2261 1078 si
2290 1022 2551 1090 inessent,
2596 1023 2696 1079 alia
2731 1038 2944 1095 quoque
2984 1023 3223 1079 membra
3267 1024 3596 1089 movissent;
3622 1032 3677 1077 et

2074 1114 2119 1168 si
2152 1129 2340 1170 manus
2371 1123 2598 1184 tantum,
2631 1116 2724 1172 sed
2749 1131 2855 1171 non
2883 1116 2934 1171 in
2954 1132 3197 1171 caussam
3226 1116 3505 1172 orationis.
3540 1114 3670 1171 Cor-

2073 1219 2174 1275 pus
2199 1207 2359 1261 etiam
2392 1207 2521 1261 illud
2554 1223 2659 1262 non
2711 1206 2873 1263 modo
2904 1208 3054 1262 fratri
3083 1209 3361 1274 cessisset,
3391 1222 3575 1263 verum
3619 1215 3676 1263 ct

2086 1296 2240 1380 alias,
2289 1301 2583 1355 mutatione
2627 1300 2761 1355 situs
2786 1299 3003 1355 sibimet
3028 1300 3128 1370 ipsi
3176 1299 3541 1371 refrigerassct
3574 1302 3673 1371 (g).

2073 1390 2232 1446 Certe
2267 1391 2407 1447 unde
2453 1393 2593 1448 unde
2620 1392 2701 1465 (6)
2744 1404 2868 1448 sunt
2911 1394 3011 1448 ista
3038 1435 3052 1459 ,
3100 1395 3266 1466 signis
3312 1396 3485 1465 potius
3510 1406 3561 1449 et
3588 1410 3677 1451 os-

2076 1477 2592 1554 tcntis'deputanda,
2624 1494 2868 1540 naturam
2900 1484 3077 1541 facere
3117 1503 3221 1541 non
3254 1496 3501 1557 possunt.
3530 1488 3674 1542 Mors
3762 1522 3783 1533 -ι

2072 1574 2116 1628 si
2145 1589 2250 1629 non
2275 1576 2441 1630 semel
2488 1584 2596 1631 tota
2642 1587 2748 1644 est,
2779 1589 3053 1644 non.est;
3088 1578 3131 1633 si
3178 1579 3304 1648 quid
3357 1580 3552 1634 anima:
3592 1596 3676 1635 rc-

2073 1669 2350 1732 ntauserit,
2386 1669 2490 1722 vita
2519 1677 2621 1724 est.
2654 1668 2771 1725 Non
2805 1671 2974 1741 magis
3002 1671 3126 1726 vita:
3163 1670 3476 1727 miscebitur
3503 1686 3673 1741 mors,

371 1759 659 1830 Propterea
706 1776 806 1817 nec
852 1760 1063 1833 ignibus
1089 1760 1448 1818 funerandum
1491 1766 1661 1829 aiunt,
1692 1775 1973 1835 parcentes
2002 1770 2050 1829 B
2079 1774 2236 1829 quam
2262 1758 2366 1816 diei
2399 1770 2525 1815 nox.

369 1853 642 1922 superfluo
666 1854 878 1908 animae.
912 1853 1027 1908 Alia
1070 1862 1151 1909 est
1179 1863 1357 1910 autem
1386 1856 1522 1911 ratio
1551 1857 1764 1926 pietatis
1790 1858 1965 1925 istius,

371 1961 477 2001 non
508 1946 748 2018 reliquiis
775 1947 968 2001 animm
998 1946 1285 2014 adulatrix,
1319 1948 1412 2004 sed
1443 1950 1776 2007 crudelitatis
1806 1953 1966 2009 etiam

371 2041 614 2110 corporis
650 2041 868 2096 nomine
899 2040 1199 2096 aversatrix
1241 2040 1383 2111 quod
1405 2051 1459 2098 et
1478 2042 1649 2113 ipsum
1673 2041 1834 2098 homo
1864 2059 1967 2099 non

370 2133 555 2204 utique
585 2142 872 2201 mereatur,
924 2133 1117 2203 poenali
1189 2134 1336 2190 exitu
1375 2135 1631 2206 impendi.
1664 2135 1967 2207 Caeterum,

370 2226 549 2281 anima
575 2226 933 2293 iudivisibilis,
965 2235 1023 2281 ut
1052 2226 1393 2291 immortalis,
1425 2228 1585 2283 etiam
1625 2238 1852 2286 mortem
1885 2231 1969 2286 in-
2008 2272 2009 2277 η

371 2319 699 2377 divisibilcm
745 2320 910 2391 exigit
961 2319 1128 2385 credi,
1158 2337 1262 2376 non
1298 2322 1451 2390 quasi
1507 2323 1820 2388 immortali,
1875 2325 1970 2382 sed

370 2414 523 2484 quasi
579 2412 886 2468 indivisibili
926 2413 1120 2468 anima:
1167 2413 1566 2471 indivisibiliter
1611 2416 1966 2475 accidentctn.

375 2504 653 2560 Dividetur
680 2512 856 2560 autem
881 2518 1045 2569 mors,
1078 2504 1122 2559 si
1152 2512 1207 2559 ct
1229 2505 1427 2570 anima,
1471 2507 1742 2578 superfluo
1769 2507 1975 2564 scilicet

376 2595 573 2651 anima:
617 2595 939 2666 quandoque
980 2594 1242 2651 morituro
1282 2595 1384 2667 (2).
1430 2595 1504 2651 Ita
1564 2599 1736 2666 portio
1784 2600 1974 2654 mortis

372 2703 497 2743 cum
523 2686 714 2742 anima)
740 2687 988 2758 portione
1019 2685 1336 2741 remanebit.
1383 2686 1494 2742 Nec
1527 2687 1715 2758 ignoro
1760 2688 1973 2760 aliquod

373 2781 802 2855 esseveSIigium
833 2780 1101 2852 opinionis
1144 2781 1315 2836 istius.
1351 2781 1427 2836 De
1464 2796 1585 2838 meo
1620 2782 1803 2838 didici.
1851 2784 1975 2840 Scio

377 2875 654 2931 faemiuam
681 2873 968 2946 quamdam
998 2874 1078 2945 (ὁ)
1107 2873 1447 2929 vernaculam
1494 2874 1771 2942 Ecclesiae,
1807 2875 1975 2931 forma

374 2975 429 3022 et
454 2975 612 3022 :etate
637 2966 839 3037 integra
868 2965 1126 3031 functam,
1156 2974 1277 3036 post
1306 2964 1520 3020 unicum
1543 2976 1598 3022 et
1620 2965 1778 3022 breve
1802 2968 1978 3023 matri-

375 3056 643 3123 monium,
675 3072 796 3113 cum
843 3057 896 3112 in
930 3071 1061 3126 pace
1087 3055 1396 3122 dormisset,
1428 3066 1482 3113 et
1526 3068 1772 3112 morante
1801 3057 1978 3114 adhuc

2679 1853 2908 1911 CAPUT
2969 1852 3081 1909 ιιι.

2148 1945 2262 2001 lloc
2288 1945 2450 2016 igitur
2474 1960 2610 2016 opus
2638 1946 2846 2010 mortis,
2877 1946 3272 2016 separationctn
3308 1948 3486 2003 carnis
3516 1959 3678 2019 atque

2076 2038 2290 2102 animm,
2322 2036 2401 2109 (It)
2432 2036 2668 2109 seposita
2707 2037 3013 2109 quzestione
3051 2037 3285 2093 fatorum
3335 2048 3387 2094 et
3432 2037 3680 2094 fortuito-

2075 2146 2215 2194 rum,
2250 2129 2492 2185 bifariam
2522 2131 2768 2185 distinxit
2796 2129 3062 2186 lmmauus
3083 2130 3348 2197 adfectus,
3381 2130 3432 2186 iu
3463 2133 3679 2187 ordim-

2078 2225 2213 2278 riam
2245 2231 2299 2278 ct
2340 2222 2822 2278 extraordinariam
2866 2223 3096 2279 formam
3129 2240 3143 2277 :
3185 2223 3513 2279 ordinarium
3557 2224 3680 2294 qui-

2074 2312 2197 2369 dem
2246 2323 2448 2370 naturzc
2487 2314 2751 2385 deputans
2797 2315 3019 2386 placidm
3045 2315 3301 2386 cujusque
3339 2316 3548 2381 mortis;
3587 2332 3683 2373 cx-

2078 2404 2485 2461 traordinariatn
2512 2421 2640 2460 vero
2691 2416 2886 2476 przeter
2914 2417 3159 2462 naturam
3180 2406 3430 2477 judicans
3457 2409 3682 2464 violenti

2076 2496 2334 2569 enjusque
2381 2496 2523 2552 finis.
2576 2497 2675 2565 Qui
2721 2507 2899 2553 autem
2931 2498 3222 2569 primordia
3266 2499 3500 2557 hominis
3530 2501 3683 2555 novi-

2078 2605 2220 2657 mus,
2243 2589 2505 2646 audenter
2542 2590 2989 2658 determiuamus,
3036 2599 3263 2647 mortem
3313 2607 3418 2647 non
3473 2608 3537 2647 ex
3591 2593 3759 2646 na-V

2082 2691 2196 2737 tura
2226 2692 2461 2738 secutam
2492 2684 2784 2751 hominem,
2831 2684 2928 2740 sed
2975 2701 3040 2739 ex
3086 2672 3266 2754 culpa,
3297 2702 3365 2740 ne
3406 2686 3519 2756 ipsa
3560 2686 3683 2755 qni-

2084 2773 2207 2829 dem
2240 2776 2468 2829 naturali
2506 2794 2519 2829 :
2552 2775 2709 2831 facile
2733 2783 2911 2830 autem
2945 2775 3188 2845 usurpari
3220 2785 3422 2831 natura:
3448 2792 3642 2830 nomen
3664 2816 3681 2844 ,

2083 2865 2135 2919 in
2156 2880 2224 2921 ea
2244 2881 2362 2935 qua:
2395 2865 2641 2920 videntur
2659 2880 2688 2919 a
2713 2865 2988 2920 nativitate
3023 2880 3085 2919 cx
3110 2865 3403 2921 accidentia
3429 2866 3686 2921 adhaesis-

2081 2972 2160 3012 se.
2181 2957 2310 3012 Nam
2343 2961 2388 3014 si
2422 2960 2579 3013 homo
2607 2959 2658 3013 in
2680 2968 2905 3015 mortem
2930 2957 3138 3014 directo
3171 2960 3446 3014 institutus
3469 2959 3681 3027 fuisset,

2084 3061 2210 3106 tunc
2234 3051 2450 3106 demum
2475 3065 2619 3105 mors
2646 3061 2851 3105 natura:
2892 3051 3308 3107 adscriberetur.
3345 3052 3533 3116 Porro,
3570 3067 3677 3106 non

374 3149 673 3219 sepultura,
706 3149 916 3204 interim
949 3149 1189 3203 oratione
1219 3148 1521 3220 presbyteri
1566 3160 1980 3218 componeretur
2006 3157 2051 3221 ρ
2088 3145 2137 3200 in
2166 3152 2393 3199 mortem
2438 3143 2741 3198 inStitutum
2791 3159 2933 3208 eum,
2983 3145 3175 3215 probat
3203 3146 3316 3216 ipsa
3349 3145 3455 3207 lex.
3500 3143 3686 3198 condi-

376 3240 560 3314 (ε),ηά
588 3241 819 3312 primum
838 3240 1059 3296 halitum
1092 3239 1173 3313 (5)
1200 3239 1458 3296 orationis
1503 3241 1583 3312 (ά)
1622 3256 1811 3295 manus
1836 3257 1865 3297 a
1895 3244 1973 3299 la-

376 3332 586 3415 teribus
612 3333 843 3391 dimotas
872 3333 926 3391 in
970 3331 1211 3389 habitum
1257 3332 1554 3405 supplicem
1582 3334 1970 3406 conformasse,

2083 3236 2266 3292 tiouali
2295 3236 2708 3292 commutatione
2755 3235 3109 3306 suspendens,
3140 3247 3193 3292 ct
3239 3237 3464 3294 arbitrio
3513 3236 3688 3311 hotni.

2084 3333 2163 3386 nis
2215 3329 2470 3385 addicens
2525 3333 2713 3384 mortis
2762 3337 3010 3385 eventum
3057 3326 3146 3400 (i).
3177 3328 3453 3400 Denique,
3493 3327 3537 3384 si
3579 3344 3688 3385 non

1587 3448 1764 3505 LECT
1769 3448 1879 3506 ΙοΝ
1888 3450 1968 3507 ES
2009 3441 2418 3504 VARIANTES.

476 3542 517 3600 Il
545 3541 734 3594 Exodia
755 3544 875 3593 Jun.

445 3541 517 3733 (τι
545 3541 734 3594 Exodia
755 3544 875 3593 Jun.

470 3608 499 3653 2
546 3604 793 3655 Moritur-ae
819 3614 966 3655 Fran.

468 3604 521 3731 δὲ
544 3667 745 3718 Aditum
766 3676 949 3718 Wouw.

468 3665 521 3718 3i
544 3667 745 3718 Aditum
766 3676 949 3718 Wouw.
972 3665 1189 3717 habitum
1213 3666 1362 3717 Fran.
1386 3667 1529 3718 Pam.

2152 3538 2226 3659 (ἓ)
2245 3534 2335 3586 Illa
2356 3534 2468 3619 cod.
2494 3532 2649 3600 Agob.

2210 3599 2221 3659 )
2253 3599 2466 3649 Accessu
2486 3597 2597 3647 cod.
2623 3594 2759 3659 Agob

2152 3599 2221 3663 (5)
2253 3599 2466 3649 Accessu
2486 3599 2597 3647 cod.
2623 3599 2776 3660 Agob.

2152 3664 2224 3727 (6)
2255 3660 2394 3711 Unde
2415 3666 2597 3709 tantum
2623 3665 2767 3709 tmen.
2794 3659 2937 3708 Pam.
2965 3655 3116 3708 Seml.

1744 3743 2310 3805 COMMENTARIUS.

453 3870 534 3945 (η)
590 3870 697 3945 Pro
751 3871 961 3945 cerebri,
988 3869 1228 3945 ubertate.
1285 3866 1361 3945 _Ex
1413 3865 1727 3923 humidilate
1777 3866 1983 3945 cerebri

382 3939 667 4015 contingit,
700 3951 758 3999 ut
800 3942 888 4014 pili
917 3942 1176 3999 citissime
1215 3940 1477 4005 oriantur,
1526 3946 1871 4010 pereantque.
1906 3939 1982 3992 Le

383 4016 486 4072 Pu.

458 4083 541 4158 (b)
579 4084 912 4158 lfernacufam
961 4082 1223 4158 I'Icelesire.
1248 4077 1979 4158 _Christianam_cbristian‘i_s

426 4148 701 4212 arentibus
754 4168 953 4217 natam,
1006 4154 1085 4209 sic
1125 4152 1328 4207 Plinius
1382 4150 1517 4207 libro
1570 4148 1710 4216 XIV,
1758 4164 1876 4215 cap.
1924 4151 1980 4203 ‘2.

426 4172 701 4212 arentibus
754 4172 953 4217 natam,
1006 4172 1085 4209 Slc
1125 4172 1328 4207 rutilus
1382 4172 1517 4207 Iluro
1570 4172 1710 4216 An,
1758 4172 1876 4215 cup.
1926 4172 1980 4203 Ζ.

384 4172 533 4283 {iras
581 4226 879 4296 peculiares
925 4219 1657 4297 atquevernaculaslt-tlg;
1689 4221 1983 4297 nobiliores

387 4313 511 4353 esse
537 4291 613 4351 ait
639 4298 851 4352 caeteris
892 4291 1016 4364 qute'
1049 4295 1378 4349 advenerant
1414 4291 1551 4364 Chio
1592 4292 1855 4347 Thasovc.
1892 4292 1981 4346 Sic

388 4369 549 4424 etiam
592 4366 883 4436 Septimius
912 4361 972 4420 ’iu
1003 4365 1329 4436 Apologetico
1351 4379 1370 4415 :
1414 4361 1744 4436 [ornandam
1787 4372 1979 4436 septem

389 4439 597 4494 collium
627 4431 840 4507 plebem.
858 4438 925 4494 Et
951 4431 1123 4507 libri.
1147 4431 1221 4507 De
1236 4434 1387 4489 Cultu
1406 4431 1774 4488 Freminarum.
1802 4433 1992 4487 Aurum
2020 4439 2071 4499 ι)

388 4511 532 4581 apud
557 4506 799 4581 barbaros
828 4506 1173 4581 vernaculum.
1204 4506 1325 4562 Βία.

463 4579 540 4653 (σι)
575 4580 832 4653 Oratione
871 4578 1149 4653 presbyteri
1187 4586 1590 4653 componeretur.
1640 4574 1790 4653 Facit
1823 4575 1982 4630 etiam

393 4646 497 4706 hoe
520 4646 589 4706 ad
628 4646 949 4707 vetustatem
992 4646 1253 4704 orationis
1290 4662 1387 4717 pro
1424 4646 1689 4702 defunctis
1732 4660 1983 4717 compro-

392 4722 645 4788 bandam;
677 4722 762 4777 cui
809 4721 1013 4777 similes
1063 4721 1207 4774 locos
1257 4716 1433 4773 videat
1479 4718 1649 4772 lector
1680 4717 1731 4771 in
1785 4717 1878 4772 lib.
1919 4716 1988 4772 de

396 4793 543 4849 Orat.
573 4808 623 4848 c.
657 4795 712 4858 1,
742 4807 805 4847 ac
831 4792 923 4847 lib.
951 4792 1019 4847 de
1049 4791 1168 4846 Cor.
1200 4789 1356 4846 Milit.
1396 4804 1446 4844 c.
1479 4789 1534 4844 5.
1564 4789 1660 4843 llic
1685 4801 1830 4843 certe
1861 4801 1987 4856 pro-

392 4866 510 4939 prie
535 4864 604 4939 de
627 4860 1216 4939 orationepreshytcri,
1246 4861 1295 4915 id
1340 4869 1443 4926 est,
1482 4860 1629 4929 juxta
1676 4873 1828 4913 usum
1858 4860 1989 4939 'l‘erf

397 4932 920 5000 iulliani,.sacrificio
951 4934 1002 4988 in
1043 4932 1338 5002 sepultura
1361 4939 1689 5002 mortuorum
1734 4945 1900 5002 z'natn
1929 4937 1989 5002 et

392 5006 485 5062 illa
510 4998 696 5072 verba,
722 5006 792 5060 ad
816 5007 1037 5076 primum
1063 4998 1290 5076 habiturn
1319 5000 1436 5076 (seu
1447 4998 1694 5076 _Ita_litum)
1724 5000 1986 5076 orationis,

393 5071 787 5148 cumnamque
814 5071 1017 5148 condita
1029 5073 1272 5148 pace,__ad
1296 5071 1616 5129 sacriﬁcium
1640 5071 1807 5148 magis
1830 5086 1989 5139 quam

398 5143 465 5205 ad
523 5143 820 5203 orationem
862 5146 1130 5217 pertinere
1158 5145 1577 5217 dignoscantur;
1606 5143 1838 5197 maxime
1855 5156 1989 5217 cum

398 5220 563 5290 etiam
593 5213 1134 5290 [mntinam'mortuam
1157 5213 1339 5290 manus
1362 5221 1416 5290 in
1457 5214 1686 5290 [nubilum
1712 5213 1992 5290 supplicent

397 5287 565 5363 (quali
593 5284 905 5363 presbyteri
942 5291 1120 5361 potius
1155 5288 1208 5342 in
1243 5284 1515 5363 sacrificio
1542 5300 1700 5354 quam
1740 5284 1840 5337 alia
1865 5298 1991 5338 ora-

398 5356 545 5434 tione
570 5356 644 5434 uti
671 5356 873 5434 solent)
900 5356 1247 5434 conformqsse
1274 5356 1617 5434 addat._Pa_n.

470 5431 749 5508 (d)Manus
774 5425 1319 5508 q_loteri6us_t_iimotas
1355 5428 1410 5508 in
1453 5426 1678 5508 habitum
1711 5425 1993 5508 supplicem

398 5497 761 5576 confirmasse.
793 5503 907 5559 Hoc
935 5513 1037 5576 est,
1065 5502 1355 5576 dispansas
1386 5497 1742 5576 inmodulum
1791 5497 1990 5576 crucis,

395 5566 555 5649 quem
579 5574 747 5634 fuisse
785 5574 989 5633 amntis
1021 5566 1302 5649 christiani
1340 5569 1580 5649 habitum
1603 5582 1753 5649 saepe
1794 5566 1996 5649 signifi-

395 5637 482 5705 éat
512 5666 528 5705 :
549 5649 816 5720 hodieque
834 5660 939 5720 non
961 5660 1129 5716 pauca
1145 5640 1414 5720 ejusmodi
1442 5637 1782 5710 reperiuntur
1807 5638 1859 5691 in
1888 5637 1997 5691 Ro-

395 5732 500 5774 ma:
526 5713 889 5778 subterraneis
922 5713 1164 5779 veterum
1208 5713 1621 5770 cbristianorum
1674 5723 1994 5766 monumen-

394 5798 466 5848 ta.
499 5792 616 5851 Rto.
1066 5796 1073 5803 ‘
1642 5814 1673 5824 ἢ

2158 3857 2235 3934 (e)
2269 3858 2588 3934 Rursumque
2612 3856 2817 3934 condita
2841 3871 2966 3934 pace
2992 3855 3115 3910 simi
3140 3871 3232 3934 suo
3253 3856 3552 3934 reddidisse.
3580 3855 3697 3918 lloc

2085 3927 2190 3995 cst‘.
2218 3927 2343 4000 post
2362 3930 2603 3983 osculum
2635 3928 2800 4000 pacis,
2827 3927 2966 4000 quod
2990 3930 3461 4000 erat_siguacuhun
3490 3939 3539 3982 et
3564 3946 3696 3984 cott-

2084 3996 2256 4060 clusio
2286 4000 2567 4063 orationis,
2595 4009 2652 4053 ut
2695 3997 2811 4065 ipse
2840 3996 2915 4052 ait
2954 3997 3057 4052 sub
3099 3996 3258 4054 finem
3300 4000 3419 4054 libri
3462 4000 3526 4054 de
3555 4000 3695 4056 θνα.

2088 4078 2244 4137 tione,
2295 4070 2566 4127 conditam
2616 4083 2802 4139 pacem
2845 4068 3059 4139 proprie
3095 4069 3229 4124 dixit
3271 4072 3453 4125 oscula
3503 4085 3690 4127 mutuo

2088 4147 2229 4211 data,
2262 4157 2454 4209 nempe
2501 4138 2640 4194 inter
2689 4138 2912 4212 Fratres
2950 4155 3046 4194 seu
3090 4138 3324 4212 Fideles,
3361 4143 3454 4212 qui
3500 4147 3696 4201 mortui

2087 4214 2441 4284 componendi
2475 4212 2654 4284 officio
2684 4210 3320 4284 interfttcratttacondere
3339 4210 3445 4268 hoc
3475 4214 3591 4268 loco
3618 4216 3696 4268 si-

2085 4282 2302 4359 gnificat
2342 4304 2354 4339 ε
2398 4294 2573 4338 mutuo
2616 4283 2759 4349 dare,
2822 4292 2880 4336 ut
2927 4282 3216 4347 condicere,
3238 4295 3452 4359 _mutuo
3504 4287 3691 4343 dicere.

3237 4353 3353 4410 [ἰεῦ.

2170 4452 2235 4527 (1⁸)
2285 4450 2349 4506 In
2390 4451 2692 4527 ca’ntcterio:
2722 4448 2814 4527 _De
2874 4448 3203 4527 cmmeteriis
3262 4448 3691 4527 Chrislitulut'ttm

2089 4520 2230 4597 («piae
2256 4534 2402 4597 extra
2423 4533 2630 4597 portam
2664 4520 2827 4597 fuisse
2848 4522 2977 4597 olim
3007 4529 3332 4597 constructa,
3353 4536 3529 4597 supra
3551 4524 3695 4577 dixi-

2091 4589 2209 4650 nios
2232 4597 2281 4649 in
2307 4595 2398 4648 lib.
2424 4589 2503 4648 'de
2544 4593 2847 4648 Testimonio
2887 4592 3094 4656 animae,
3124 4606 3170 4645 c.
3207 4589 3286 4658 4),
3319 4591 3438 4644 vide
3465 4593 3695 4647 aduot-t-
3733 4610 3740 4616 ·

2092 4669 2262 4722 tiones
2314 4676 2527 4719 nostras
2571 4666 2623 4719 in
2668 4664 2729 4718 Β.
2774 4663 3237 4734 Cyprianum._ep.
3283 4660 3352 4734 68
3395 4662 3463 4715 ad
3505 4664 3692 4732 Steph.

2091 4738 2248 4807 Atqui
2290 4752 2357 4790 an
2407 4738 2568 4791 etiam
2610 4736 2748 4803 apud
2788 4732 3041 4807 ethnicos
3089 4732 3194 4807 tale
3250 4733 3377 4807 quid
3427 4734 3690 4802 tradatur,

2093 4803 2466 4877 inquirendum
2490 4806 2734 4876 relinquo
2784 4805 2971 4860 lectori
2992 4804 3224 4877 curioso.
3253 4803 3389 4877 lftm.

2118 4910 2121 4911 ν
2164 4873 2241 4949 fg)
2273 4878 2484 4933 Sibintet
2514 4879 2612 4947 ipsi
2633 4873 3218 4949 refrigerasset.Simili
3242 4873 3446 4949 phrasi,
3495 4875 3605 4949 lib.
3629 4878 3698 4930 ad

2094 4945 2395 5020 Scopulum,
2439 4945 2569 5002 dixit
2598 4945 2799 5020 Auctor
2833 4954 2985 5020 cap.“
3000 4948 3053 5020 ὥς
3092 4945 3454 5020 [adigentibus
3485 4948 3695 5017 refrige-

2092 5015 2290 5080 rant'us.
2326 5020 2377 5073 id
2405 5031 2509 5086 est,
2532 5018 2874 5089 refrigerium
2900 5015 3192 5072 afferimus.
3230 5015 3369 5070 Pan.

2165 5111 2314 5169 CAP.
2349 5111 2456 5167 ιιι.
2479 5140 2548 5150 --
2576 5108 2658 5183 (b)
2691 5108 3249 5183 Sepositaqnatstione
3288 5107 3692 5183 fatorum._Nou

2095 5186 2201 5239 vult
2224 5183 2570 5255 prolixiorem
2586 5176 2746 5255 "hanc
2764 5176 2833 5233 de
2873 5178 3051 5255 anima
3095 5176 3511 5255 disputationem
3543 5176 3690 5255 face-

2095 5271 2154 5312 re
2182 5272 2194 5308 :
2225 5248 2317 5309 sed
2347 5254 2460 5307 sive
2489 5251 2597 5305 fato
2628 5250 2817 5305 modus
2840 5249 3025 5304 mortis
3048 5250 3276 5312 accidat,
3304 5249 3419 5304 sive
3448 5248 3691 5315 fortuito,

2094 5322 2610 5399 prwtertnissadtac
2639 5319 2962 5399 __qu:e_stione
3015 5320 3080 5373 ad
3127 5319 3447 5399 divisionem
3504 5321 3693 5399 mortis

2095 5389 2453 5470 progreditur,
2480 5393 2531 5447 iu
2559 5389 2886 5446 ordinariam
2914 5400 2965 5445 et
3005 5389 3511 5443 extraordinariam.
3557 5390 3689 5446 Lac.

2168 5486 2232 5572 (ἰ)
2265 5484 2489 5572 Arbitrio
2511 5483 2727 5572 hominis
2751 5480 3010 5572 adt-licensI
3030 5481 3482 5572 mortis‘ettentum.
3520 5480 3695 5572 laneus

2099 5550 2187 5616 ltiti
2206 5550 2401 5615 iterum
2433 5554 2558 5610 facit
2585 5569 2679 5622 pro
2700 5552 2932 5622 hominis
2958 5551 3127 5622 libero
3153 5550 3396 5610 arbitrio,
3424 5552 3565 5617 quod
3607 5553 3691 5622 ipf

2099 5646 2218 5688 sum
2238 5637 2525 5685 vocatmox
2545 5620 2673 5679 satis
2697 5638 2832 5676 nove
2852 5621 3123 5675 oblationis
3145 5627 3531 5690 potestatem,eo
3548 5620 3691 5685 quod

2103 5704 2271 5772 possit
2298 5706 2575 5772 acceptare
2623 5710 2734 5772 per;
2765 5692 3090 5747 voluntatem
3131 5691 3291 5747 vitam
3330 5695 3421 5742 aut
3459 5699 3689 5746 mortem

2098 5764 2201 5831 Sibi
2226 5787 2258 5826 a
2289 5773 2398 5829 ι)αο
2421 5764 2674 5825 oblatam.
2701 5764 2835 5820 Pax.
