4042 6288
443 271 545 332 759

1849 264 2312 328 τΕΒΤυιιιιΑΜ

3619 265 3723 326 ’1ιο

437 388 772 461 deliquisset,
826 404 1158 461 nequaquam
1209 388 1449 443 obiisset.
1500 385 1577 443 ita
1621 402 1725 441 non
1794 386 1897 441 erit
1951 385 2029 457 (1)
2057 385 2109 445 Α
2136 387 2324 441 mortis
2349 385 2551 457 aliquid
2580 386 2649 443 de
2693 385 3021 458 ejuscemodi
3061 385 3212 442 exitu
3253 385 3619 453 interstruam,
3668 385 3720 440 in

438 491 651 548 natura,
683 480 826 550 quod
854 497 921 537 ex
962 480 1248 536 oblationis
1292 488 1555 550 potestate
1575 478 1771 534 accidit
1811 493 1908 549 per
1932 492 2030 533 vo-

437 574 716 640 luntatem,
750 590 856 627 non
880 588 945 629 ex
977 573 1201 628 instituti
1248 573 1569 626 auctoritate
1596 587 1691 641 per
1734 571 2027 625 necessita-

435 677 564 721 tem.
594 665 847 733 Proinde,
875 668 977 722 etsi
1003 667 1137 721 varii
1181 666 1357 721 exitus
1397 666 1605 731 mortis,
1634 675 1691 718 ttt
1729 674 1812 720 est
1849 664 2029 720 multi-

434 759 590 813 tuoda
621 759 856 814 conditio
877 774 1210 826 caussarum,
1237 758 1441 813 nullum
1471 759 1539 812 ita
1570 757 1796 813 dicimus
1828 758 2023 824 lenem,

432 850 513 923 (a)
545 861 730 908 utnon
762 856 813 908 vi
841 863 1048 924 agatur.
1080 852 1196 921 Ipsa
1222 852 1310 907 illa
1350 852 1486 905 ratio
1506 852 1773 922 operatrix
1817 850 2025 915 mortis,

430 945 662 1017 simplex
686 944 829 1011 licet,
858 945 938 999 vis
962 955 1063 1000 est.
1086 944 1221 1012 Quid
1251 944 1433 1000 enim?
1458 942 1586 1011 Qua:
1610 952 1807 996 tantam
1835 941 2028 996 animm

432 1049 486 1095 et
514 1039 692 1094 carnis
731 1038 1064 1100 societatem,
1110 1045 1311 1091 tantam
1350 1050 1379 1089 a
1422 1043 1685 1106 conceptu
1724 1033 2026 1089 concretio-

431 1146 556 1186 nem
600 1145 845 1186 sororum
894 1129 1310 1185 substantiarum
1341 1128 1544 1183 divellit
1580 1142 1643 1183 ac
1698 1125 1919 1182 dirimit.
1954 1125 2029 1198 (ὁ)

430 1221 562 1279 Nam
595 1223 694 1278 etsi
717 1237 826 1292 pra:
847 1221 1041 1293 gaudio
1067 1222 1186 1291 quis
1211 1221 1455 1290 spiritum
1485 1218 1718 1285 exhalet,
1754 1228 1812 1272 ut
1836 1216 2026 1273 Chilon

430 1326 739 1386 spartanus,
768 1315 896 1370 dum
932 1316 1191 1370 victorem
1234 1312 1498 1384 Olympiae
1543 1312 1713 1366 filiu'm
1750 1310 2025 1380 amplecti-

432 1419 538 1474 tur;
583 1407 658 1482 (c)
704 1407 804 1463 etsi
869 1422 979 1477 prae
1023 1407 1213 1477 gloria,
1264 1413 1322 1459 ut
1363 1402 1635 1459 Clidemus
1675 1390 2035 1469 atheniensis,

430 1501 558 1556 dum
590 1500 658 1554 ab
686 1498 1039 1554 histrionibus
1064 1498 1135 1553 ob
1166 1499 1529 1565 praestantiam
1560 1512 1693 1551 auro
1719 1507 2025 1562 coronatur;

432 1596 533 1649 etsi
581 1608 675 1663 per
716 1594 1007 1660 somnium,
1055 1602 1112 1648 ut
1160 1592 1334 1654 Plato;
1365 1590 1467 1647 etsi
1505 1606 1601 1662 per
1640 1592 1827 1657 risum,
1859 1602 1917 1645 ut
1965 1590 2024 1644 P.

429 1688 654 1743 Crassus
684 1703 698 1740 :
728 1686 898 1741 multo
925 1686 1210 1741 violentior
1236 1700 1401 1751 mors,
1432 1701 1549 1755 quze
1573 1700 1666 1754 per
1684 1685 1854 1740 aliena
1876 1696 2027 1754 gras-

2130 495 2237 552 quo
2267 480 2519 551 paulatim
2546 496 2609 536 ac
2655 482 2959 537 minutatim
3000 481 3174 535 anima
3226 479 3522 533 dilabitur:
3568 477 3722 532 habi-

2131 583 2242 628 tum
2270 574 2411 628 enim
2443 576 2712 630 sustinens
2738 574 3080 638 defectionis,
3127 571 3427 634 abducitur,
3456 570 3580 624 dum
3614 570 3712 626 ab-

2132 667 2269 721 sumi
2328 666 2556 732 videtur,
2590 675 2643 721 et
2685 666 3044 736 conjecturam
3098 674 3315 736 praestat
3361 662 3605 718 interitus
3659 660 3725 717 de

2131 773 2385 814 excessus
2431 768 2816 831 temperatura.
2849 758 2984 813 Tota
3026 768 3205 813 autem
3249 757 3301 811 in
3329 770 3552 826 corpore
3577 764 3629 809 et
3656 768 3724 810 ex

2130 842 2374 924 corpore.
2406 864 2487 909 est
2523 856 2678 910 ratio.
2710 853 2843 908 Nam
2870 852 3111 923 quisquis
3159 852 3247 907 ille
3284 851 3461 907 exitus
3495 849 3681 905 mortis
3708 890 3723 914 ,

2132 949 2248 1003 sine
2274 947 2436 1003 dubio
2477 929 2571 1003 aut
2613 948 2980 1011 materiarum,
3014 954 3106 1001 aut
3135 946 3436 1017 regionum,
3479 952 3571 997 aut
3616 943 3726 997 via-

2132 1046 2250 1095 rum
2270 1040 2505 1095 vitaliunt
2527 1041 2735 1095 eversio
2751 1050 2828 1095 est
2856 1036 3253 1102 :niatcriarum,
3277 1048 3331 1089 ut
3349 1035 3506 1102 fellis,
3539 1042 3595 1089 ut
3611 1050 3724 1089 san-

2130 1132 2306 1203 guinis
2337 1149 2350 1186 :
2384 1131 2684 1202 regionum,
2718 1141 2774 1187 ttt
2800 1130 3002 1198 cordis,
3037 1138 3093 1184 ιιι
3119 1129 3320 1200 jecoris
3351 1146 3363 1182 :
3399 1127 3607 1183 viarum
3629 1169 3643 1194 ,
3669 1138 3724 1181 ut

2132 1240 2411 1289 venarum,
2461 1233 2519 1279 ut
2545 1225 2888 1280 arteriarum.
2927 1224 3061 1280 Dum
3090 1223 3249 1295 igitur
3281 1221 3397 1277 lu-c
3423 1236 3487 1277 ex
3515 1221 3722 1293 propria

2132 1317 2571 1388 quaqueinjuriae
2586 1332 2772 1372 caussa
2805 1325 3082 1371 vastantur
3109 1316 3159 1369 iu
3185 1329 3414 1385 corpore
3441 1355 3454 1378 ,
3489 1313 3724 1383 adusque

2131 1413 2372 1467 ultimam
2399 1412 2778 1476 eversionem,
2831 1419 2887 1465 et
2931 1409 3308 1464 rescissionem
3349 1405 3429 1477 (2)
3467 1405 3723 1471 vitalium,

2133 1503 2183 1558 id
2212 1513 2296 1559 est
2319 1502 2635 1558 naturalium
2667 1502 2877 1566 tioium,
2904 1502 3125 1561 situum.
3157 1497 3486 1562 officiorum,
3538 1511 3720 1551 neces-

2133 1596 2276 1650 sario
2298 1605 2352 1650 ct
2401 1596 2603 1662 anima,
2659 1590 3300 1660 dilabentibuspaulatim
3334 1587 3723 1654 instrumentis,

2134 1698 2187 1743 et
2225 1687 2511 1742 domiciliis
2535 1728 2551 1753 ,
2598 1694 2656 1741 et
2694 1684 2883 1755 Spatiis
2917 1684 3029 1739 suis
3053 1723 3068 1749 ,
3122 1681 3376 1753 paulatim
3403 1690 3458 1735 et
3490 1680 3602 1751 ipsa
3634 1678 3726 1734 mi-

433 1790 605 1845 satur,
633 1794 753 1849 qum
782 1778 1016 1833 animam
1045 1793 1141 1848 per
1178 1776 1458 1832 commoda
1491 1776 1726 1847 expellit,
1757 1792 1873 1846 quae
1906 1787 2030 1831 tunc
2056 1776 2107 1838 Β
2133 1794 2290 1850 grarc
2312 1779 2607 1849 compulsa,
2642 1776 2924 1833 deducitur
2955 1776 3007 1831 in
3040 1775 3413 1830 diminutionis
3444 1772 3677 1845 effigiem
3708 1789 3722 1838 ;

431 1871 570 1927 mori
595 1870 789 1937 adfert,
818 1886 939 1926 eum
966 1871 1256 1939 jucundius
1299 1870 1482 1926 vivere
1506 1879 1610 1937 est,
1649 1869 1700 1924 in
1744 1870 2030 1925 exultatio-

431 1981 520 2031 ne,
550 1966 602 2020 iu
636 1966 859 2031 honore,
888 1964 941 2019 in
972 1965 1176 2035 requie,
1211 1967 1264 2019 in
1291 1964 1586 2035 voluptate.
1612 1963 1708 2019 Vis
1746 1972 1828 2018 est
1853 1973 1909 2019 et
1939 1964 2026 2019 illa

370 2067 381 2079 ‘
432 2055 677 2127 ltavigiis,
709 2072 829 2112 enm
861 2054 941 2127 (ά)
968 2055 1125 2126 longe
1146 2072 1176 2110 a
1202 2054 1495 2126 Caphareis
1539 2053 1704 2119 saxis,
1735 2053 1894 2109 nullis
1935 2054 2026 2111 dc-
2059 2044 2063 2048 ’

431 2160 660 2221 pugnata
688 2150 1008 2213 turbinibus,
1039 2149 1196 2204 nullis
1237 2157 1485 2219 quassata
1519 2149 1850 2214 decumanis,
1892 2148 2027 2204 adu-

431 2243 579 2297 lante
618 2240 769 2307 ﬂatu,
803 2242 1018 2297 labente
1065 2255 1247 2305 cursu,
1300 2240 1515 2295 lartaute
1545 2242 1822 2305 comitatu,
1858 2242 2027 2296 intes-

430 2336 545 2388 tino
574 2343 793 2403 repente
824 2334 1094 2404 perculso,
1139 2348 1258 2387 cum
1290 2342 1398 2387 tota
1430 2334 1717 2389 securitate
1750 2333 2025 2389 desidunt.

428 2424 544 2482 Non
591 2442 748 2482 secus
796 2426 1070 2496 naufragia
1126 2438 1251 2479 sunt
1316 2427 1457 2491 vitro,
1509 2427 1669 2481 etiam
1726 2427 2028 2495 tranquillte

433 2520 621 2573 mortis
653 2527 899 2572 eventus.
928 2516 1107 2571 Nihilo
1133 2517 1298 2571 refert
1321 2518 1579 2588 integram
1609 2517 1758 2573 abire
1785 2518 2027 2588 corporis

429 2623 642 2673 navent,
673 2622 742 2663 an
785 2606 1115 2678 dissipatam,
1163 2621 1285 2662 cum
1335 2609 1528 2664 anima:
1576 2609 1843 2681 navigatio
1869 2624 2025 2667 ever-

431 2712 596 2761 tatur.

1027 2795 1254 2853 CAPUT
1292 2796 1424 2852 Lill.

498 2890 603 2949 Sed
652 2906 759 2963 quo
786 2889 980 2947 deinde
1026 2892 1201 2947 anima
1256 2892 1394 2946 nuda
1436 2901 1491 2946 et
1525 2891 1745 2963 explosa
1786 2892 2024 2960 divertit,

429 2988 549 3042 sine
599 2985 764 3042 dubio
814 3000 1201 3056 prosequemur
1248 3001 1312 3041 ex
1370 2984 1586 3041 ordine.
1640 2986 1795 3042 Prius
1846 2995 2023 3043 tamen

430 3078 573 3150 quod
599 3085 684 3135 est
711 3077 814 3133 loci
840 3077 995 3149 hujus
1017 3076 1375 3147 explebimus,
1411 3092 1478 3134 ne
1503 3078 1626 3147 quia
1649 3078 1825 3135 varios
1851 3081 2026 3135 exitus

2135 1888 2241 1928 non
2288 1872 2395 1927 alio
2437 1871 2617 1936 modo,
2645 1887 2802 1942 quam
2836 1886 2945 1941 quo
2976 1878 3030 1923 et
3052 1869 3290 1939 aurigam
3320 1868 3494 1938 ipsum
3522 1878 3726 1937 quoque

2135 1965 2396 2020 defecisse
2424 1965 2765 2035 prmsnmitur
2787 2003 2804 2031 ,
2835 1976 2958 2017 cum
2987 1961 3130 2016 vires
3177 1975 3438 2030 equorum
3470 1958 3724 2029 defatiga-

2134 2060 2209 2114 tio
2236 2058 2538 2129 denegavit,
2585 2066 2845 2129 quantum
2876 2056 2943 2111 de
2972 2054 3328 2125 dispositione
3359 2053 3602 2109 destituti
3632 2052 3723 2107 ho-

2133 2153 2334 2220 minis,
2384 2167 2490 2207 non
2544 2150 2612 2206 de
2642 2149 2907 2221 passionis
2957 2150 3202 2205 veritate.
3262 2145 3496 2202 Perinde
3547 2146 3723 2215 auriga

2131 2245 2376 2316 corporis
2402 2243 2623 2315 spiritus
2652 2241 2903 2297 animalis
2932 2285 2948 2309 ,
2978 2239 3279 2297 deficientis
3330 2238 3598 2294 vectaculi
3630 2250 3720 2292 no-

2132 2341 2297 2405 mine,
2331 2355 2435 2392 uon
2458 2353 2576 2401 suo,
2608 2336 2806 2401 deficit,
2838 2349 3001 2404 opere
3028 2331 3319 2399 decedens,
3349 2347 3457 2386 non
3489 2324 3708 2401 vigore;

2130 2440 2251 2486 actu
2278 2430 2568 2511 elangucus
2598 2471 2612 2496 ,
2642 2443 2768 2505 'non
2797 2434 2938 2483 statu
2966 2444 2980 2489 ;
3028 2424 3406 2487 constantiam,
3458 2440 3562 2477 non
3591 2421 3716 2477 sub-

2131 2525 2381 2580 stantiam
2433 2524 2762 2595 decoqucns,
2814 2522 2937 2592 quia
2990 2535 3307 2590 comparere
3359 2528 3587 2583 cessat,
3619 2534 3722 2573 non
3809 2554 3821 2562 -

2130 2618 2253 2688 quia
2296 2631 2439 2672 esse.
2474 2614 2543 2687 (ε)
2574 2615 2664 2670 Sic
2694 2622 2749 2670 et
2776 2612 2964 2684 rapida
2988 2626 3213 2683 qumque
3244 2626 3392 2665 mors
3421 2653 3436 2678 ,
3469 2622 3526 2665 ut
3552 2611 3722 2667 cervi-

2128 2726 2248 2767 cum
2276 2711 2467 2765 messis
2491 2750 2507 2775 ,
2540 2708 2709 2765 semel
2740 2706 2819 2779 (3)
2857 2715 3054 2761 tantam
3076 2706 3295 2775 januam
3325 2703 3605 2776 pandens,
3654 2702 3724 2776 (ι’)

2129 2812 2189 2858 ut
2218 2803 2388 2857 ruina:
2444 2801 2523 2872 (4)
2559 2800 2639 2854 vis
2678 2799 2842 2853 semel
2871 2798 3046 2852 omnia
3075 2796 3252 2851 vitalia
3284 2795 3366 2867 (5)
3396 2795 3603 2851 elidens
3626 2837 3640 2861 ,
3672 2803 3727 2850 ut

2128 2895 2425 2967 apoplexis,
2456 2894 2679 2948 interior
2704 2895 2878 2955 ruina,
2912 2890 3113 2945 nullam
3141 2890 3336 2944 anima:
3368 2904 3576 2943 moram
3598 2903 3721 2958 pra:-

2130 2999 2257 3056 stat,
2306 3002 2406 3043 nec
2450 2986 2743 3042 discessum
2786 2983 2903 3055 ejus
2934 2984 2985 3039 in
3015 2992 3285 3037 momenta
3317 2980 3632 3037 discruciat.
3662 2980 3727 3035 At

2130 3083 2217 3139 ubi
2242 3082 2397 3154 longa
2424 3093 2590 3145 mors,
2616 3087 2771 3150 prout
2792 3076 3060 3132 deseritur
3088 3074 3286 3141 anima,
3314 3073 3384 3127 ita
3403 3084 3459 3129 et
3483 3071 3719 3135 deserit;

428 3171 619 3226 mortis
645 3169 933 3234 ediximus,
959 3179 1235 3239 exspecta
1260 3169 1379 3239 quis
1403 3184 1434 3225 a
1464 3170 1620 3226 nobis
1648 3171 1881 3228 rationes
1910 3173 2024 3226 sin-
2051 3162 2099 3227 C
2135 3192 2239 3231 non
2278 3184 2456 3229 tamen
2485 3169 2784 3227 conciditur
2814 3168 2913 3223 hac
2941 3166 3077 3221 facie
3096 3206 3110 3233 ,
3166 3163 3260 3221 sed
3304 3163 3634 3229 extrahitur;
3666 3170 3718 3217 et

426 3260 694 3332 gulorum,
734 3259 958 3315 medicis
985 3260 1161 3330 potius
1182 3259 1583 3328 relinquendas,
1612 3262 1842 3332 propriis
1871 3262 2023 3318 arbi-

427 3352 527 3408 tris
553 3351 791 3406 omnium
812 3349 1089 3407 lethalium
1108 3366 1285 3405 rerum
1305 3351 1418 3407 sive
1445 3366 1777 3420 caussarum,
1805 3363 1859 3409 et
1880 3354 2026 3424 ipsa.

427 3464 549 3504 rum
574 3447 931 3519 corporalium
972 3447 1362 3503 conditionum.
1395 3447 1561 3505 Plane
1604 3448 1670 3503 ad
1702 3449 2024 3507 immortali-

426 3547 595 3596 tatem
623 3539 815 3595 animze
843 3538 930 3595 hic
974 3552 1187 3609 quoque
1230 3537 1612 3609 protegendam
1658 3538 1710 3594 in
1752 3543 2025 3600 mentione

2132 3268 2262 3324 dum
2299 3263 2628 3327 extrahitur,
2676 3259 3104 3333 postremitatem
3140 3272 3291 3312 suam
3322 3266 3531 3327 partem
3558 3254 3722 3311 videri

2132 3361 2277 3416 facit.
2313 3358 2430 3415 Non
2475 3355 2654 3413 omnis
2694 3364 2872 3410 autem
2906 3367 3031 3429 pars
3080 3352 3259 3405 statim
3305 3358 3362 3405 et
3387 3349 3627 3405 abscissa
3647 3342 3726 3403 est

2130 3453 2252 3524 quia
2299 3431 2512 3522 postera
2565 3457 2686 3514 est;
2731 3462 2830 3503 nec
2872 3446 2996 3516 quia
3042 3444 3238 3514 exigua
3278 3452 3396 3511 est,
3448 3443 3628 3498 statim
3674 3448 3726 3496 et

2130 3547 2245 3616 ipsa
2289 3543 2369 3616 (6)
2407 3541 2645 3613 peritura
2682 3548 2785 3595 est.
2822 3536 3079 3607 Sequitur
3112 3534 3312 3593 seriem
3342 3547 3477 3590 suus
3495 3531 3648 3597 linis,
3671 3538 3724 3587 et

1672 3679 2051 3744 LECTIONES
2088 3687 2181 3745 VA
2189 3683 2506 3743 RIAN'I‘ES.

488 3799 564 3859 (1)
586 3798 704 3849 Erat
725 3799 869 3849 Pam.
894 3794 1045 3849 Rhea.
1070 3792 1215 3859 Seml.

495 3856 542 3913 ’Ξ
585 3861 938 3913 Becusslonem
959 3860 1102 3910 Pam.
1128 3856 1283 3909 len.
1305 3856 1460 3908 Seml.

488 3856 563 3989 l3;
588 3927 661 3989 ac
676 3922 797 3989 add.
821 3921 931 3989 Εἰς,
961 3931 1105 3989 Ven._
1348 3981 1360 3989 _
1428 3982 1452 3989 _

511 3921 563 3983 5)
588 3927 661 3975 Ae
676 3922 797 3975 add.
821 3921 931 3983 Rig.
961 3931 1075 3972 Ven.

487 3986 563 4050 (4)
590 3986 654 4039 Ut
676 3988 831 4038 ruinae

1234 3981 1375 4035 send.
1417 3979 1616 4034 Obertlt.
1634 3989 1688 4034 ut
1730 3984 2022 4039 rutua‘cod.
2047 3956 2102 4016 Ῑ)

2130 3800 2393 3865 Δαορκξυι
2407 3799 2568 3865 ruinae
2592 3795 2695 3862 nig.
2711 3803 2840 3865 gen.
2868 3790 2949 3865 ιςρ.
2980 3788 3165 3844 Ursini.

2124 3893 2134 3902 -
2175 3854 2269 3913 "(Si
2294 3860 2473 3912 Vitalia
2494 3861 2628 3911 abeat
2645 3854 2680 3908 ἶι
2703 3859 2828 3907 Par.
2849 3854 2980 3908 aliis.

2193 3861 2195 3863 ⁷
2216 3865 2248 3913 5
2294 3861 2473 3912 Vitalia
2494 3861 2628 3911 abeat
2649 3861 2680 3908 a
2703 3861 2828 3907 Par.
2849 3870 2885 3905 at

2193 3861 2269 3991 ξεί)
2289 3925 2395 3989 Ipsa
2417 3924 2593 3975 abesto
2608 3924 2732 3974 Par.
2752 3916 2885 3972 aliis.

1808 4088 2097 4150 COMMEN
2102 4096 2182 4152 TA
2194 4097 2373 4157 RIUS.

501 4211 578 4285 (a)
620 4210 687 4267 Ut
727 4225 839 4285 non
868 4208 935 4285 vi-
962 4215 1165 4285 agatur.
1212 4206 1541 4285 Dubitatnm__
1565 4202 1893 4285 philosophis
1937 4214 2021 4285 est

427 4274 571 4341 nuitt'
607 4297 755 4337 mors
797 4281 867 4337 sit
922 4274 1125 4333 homini
1173 4278 1451 4331 naturalis.
1499 4274 1861 4329 Tertttlliatitts
1913 4278 2018 4331 etsi

427 4358 608 4412 dicere
648 4354 888 4408 videatur
935 4365 1147 4404 omnem
1193 4357 1421 4402 mortem
1467 4360 1589 4401 esse
1622 4346 1930 4411 violentam,
1966 4348 2016 4401 id

427 4427 556 4484 dicit
583 4425 703 4496 quia
736 4440 874 4479 nunc
908 4436 1122 4491 semper
1171 4418 1430 4496 contingit
1457 4433 1522 4470 ex
1549 4416 1817 4470 contraria
1842 4417 2015 4487 aliqua

429 4493 713 4569 passio-ne:
746 4513 849 4549 tton
875 4506 1050 4569 tamen
1085 4493 1305 4560 proinde
1346 4496 1520 4558 negat,
1555 4498 1780 4569 mortem
1819 4502 2014 4568 secun-

426 4559 553 4625 dum
577 4583 636 4625 se
663 4583 785 4623 esse
804 4559 1094 4620 secundum
1125 4569 1395 4625 naturam,
1414 4559 1655 4629 quamvis
1685 4559 1896 4628 proprie
1925 4574 2019 4614 na-

429 4641 613 4695 turalis
654 4655 760 4693 non
803 4639 1021 4691 omnino
1062 4633 1167 4687 dici
1209 4642 1390 4701 queat,
1417 4631 1540 4699 quia
1572 4637 1761 4684 natura
1791 4646 1895 4683 non
1931 4632 2015 4686 itt-

428 4711 599 4767 tcndit
624 4709 1040 4778 corruptionem.
1073 4704 1203 4758 Lac.

499 4781 581 4856 (ll)
625 4778 761 4856 Nam
788 4771 893 4856 ἐιξὶ
922 4791 1045 4856 pra:
1080 4773 1414 4856 gaudio-quis
1441 4771 1676 4856 spiritum
1706 4771 2018 4856 exhalet-tenut

427 4843 630 4909 Chilon.
658 4851 893 4919 Sumpsit
922 4843 1043 4914 hoc,
1067 4843 1221 4919 Sicuti
1249 4843 1346 4899 alia
1365 4844 1549 4919 multa,
1579 4845 1778 4919 Auctor
1794 4858 1856 4919 ex
1873 4843 2014 4919 Plin.

425 4925 521 4980 lib.
558 4924 667 4987 Vll,
709 4914 829 4989 cap.
873 4919 963 4984 32,
1000 4921 1085 4973 ubi
1121 4917 1199 4972 sic
1226 4914 1511 4989 illlEVQu-i'il‘
1540 4924 1584 4966 et
1614 4917 1767 4989 [unus
1791 4914 2018 4989 Chilonis

427 4985 811 5059 lacedwtuoniii,
861 5007 975 5044 cum
1009 5030 1023 5054 ,
1054 4990 1235 5042 victore
1285 4987 1393 5055 ﬁlio
1446 4985 1707 5059 Olympico
1742 4986 2020 5053 expirasset

426 5068 661 5139 gattdio,__
680 5056 805 5117 tota
829 5061 1029 5139 βνωςὶα
1059 5068 1472 5139 ,ριὀἧεεηηένωῑ.
1501 5056 1652 5139 Quod
1694 5057 1867 5139 ipsum
1912 5070 2017 5110 non

428 5128 501 5192 illi
535 5128 716 5200 modo,
749 5135 841 5188 sed
865 5144 919 5188 et
944 5128 1197 5202 Sephocli
1229 5145 1291 5183 ac
1323 5129 1574 5202 Dionysio
1601 5128 1792 5202 Sicilia:
1833 5133 2019 5202 tyran-

429 5225 499 5264 no
541 5196 823 5267 accidisse,
865 5196 1086 5271 accepto
1128 5203 1341 5271 tragica:
1372 5196 1609 5254 victoria:
1655 5199 1840 5269 signo,
1879 5196 2019 5252 idem

427 5282 613 5335 scribit
638 5293 757 5345 cap.
800 5276 890 5333 55.
915 5276 1049 5329 Pam.

499 5350 574 5423 (c)
606 5338 726 5423 Etsi
745 5363 851 5418 pra:
879 5346 1043 5423 gloria
1062 5386 1077 5409 ,
1110 5352 1173 5423 ut
1206 5341 1475 5423 Clidemus
1488 5338 2021 5423 atheniensiszjlllide-

428 5406 516 5475 Illi‘
540 5406 817 5489 cujusdam
854 5406 1337 5489 scripta-adlegant
1374 5406 1666 5489 Atlietttcus
1710 5421 1764 5466 et
1804 5410 2019 5489 Plutar-

425 5494 558 5548 chus
603 5481 654 5546 in
696 5489 930 5544 Aristide.
966 5481 1057 5543 'An
1101 5481 1238 5541 idem
1288 5487 1358 5540 sit
1404 5484 1605 5550 nescio,
1654 5498 1828 5552 neque
1876 5481 2021 5536 enim

425 5564 566 5693 ill)plld
615 5562 777 5618 alium
825 5562 1062 5632 reperire
1106 5557 1207 5612 hoc
1251 5555 1556 5629 exemplum
1610 5556 1801 5609 mortis
1850 5552 2020 5607 licuit.

474 5652 565 5693 tu.

474 5652 565 5693 AM.

497 5706 783 5781 (d)_Logt_ge
813 5720 844 5781 ᾳ
869 5699 1459 5781 ϐαριιατᾳὶδραπὶεκειο.
1486 5698 1569 5781 ῡθ⁸
1591 5694 1771 5781 ιιῑξίίιιι
1794 5695 2026 5781 Ρςορθςι

497 5708 552 5781 ((1
611 5708 783 5777 Longe
813 5720 844 5758 a
869 5708 940 5759 Ca
981 5708 1149 5758 laureis
1174 5708 1334 5764 saxis,
1356 5708 1459 5754 etc.
1486 5708 1561 5756 ne
1592 5708 1672 5753 tus
1700 5708 1771 5752 tta
1796 5708 2025 5765 Propere

428 5778 532 5841 tius
551 5708 629 5839 lib.
664 5778 747 5849 lll,
782 5775 909 5857 εἰει).
939 5721 995 5851 Il),
1014 5773 1294 5843 adludens,
1309 5770 1444 5833 sicut
1464 5780 1515 5831 et
1543 5771 1764 5840 Auctor,
1795 5766 1863 5827 ad
1887 5766 2025 5827 clas-

2125 4226 2238 4269 srm
2283 4217 2617 4278 Grzceorum,
2668 4224 2788 4281 quae
2833 4206 2973 4277 apud
2992 4202 3442 4281 promontorium
3481 4200 3716 4267 Eubmm,

2127 4300 2312 4342 versos
2340 4275 2761 4355 llellrspontuin:
2784 4275 2937 4334 valde
2953 4277 3147 4332 afflicta
3177 4275 3277 4329 fttit
3308 4291 3321 4326 :

2217 4429 2348 4478 Saxa
2372 4423 2695 4487 triumphales
2715 4414 3187 4487 fregere-capharea
3215 4422 3422 4487 puppes.

2282 4468 2659 4551 ﬁSdiéJgii‘éiﬁii
2670 4468 2823 4533 vasto,
2832 4468 3019 4532 Graecia
3039 4483 3193 4527 tracta
3211 4468 3328 4522 dolo
3342 4477 3436 4521 est.
3463 4468 3597 4519 PAX.

2191 4618 2345 4673 (Ἃρ.
2380 4612 2665 4739 Litt—(e3

2191 4708 2207 4739 π
2233 4698 2586 4739 numsltmtcnt

2124 4691 2207 4747 hic
2233 4691 2586 4760 quaestionem

2634 4737 2759 4809 sive
2782 4749 3182 4807 diuturnitatem
3213 4752 3331 4818 post
3357 4749 3581 4818 mortem
3604 4737 3718 4818 plu:-

2123 4804 2641 4888 lri't't'u-t‘t't't.eotitl'ucere
2695 4824 2881 4878 mortis
2910 4834 3102 4891 genus,
3138 4804 3716 4891 [illlallﬂlllJlllllUI§flplll

2124 4879 3184 4975 prium-ptio,"vnitircot‘pnrcam:auituaitt
3238 4900 3357 4938 ttuut
3389 4879 3715 4975 Tt'l-l'llllllggo

2126 4961 2412 5037 iaciebant,
2434 4961 2495 5027 ut
2520 4961 2708 5029 Stoici,
2744 4982 2812 5020 an
2839 4961 3043 5037 scilicet
3074 4962 3221 5013 ruina
3260 4966 3547 5034 Oppressus
3580 4961 3712 5037 quis“,

2125 5029 2197 5101 an
2238 5060 2372 5115 aqua
2397 5029 2645 5105 obrutus,
2697 5038 2779 5115 vel
2826 5035 3166 5115 aliq‘geu'cre
3201 5029 3402 5115 moi-tis
3429 5029 3716 5115 rt-penttme

2126 5093 2682 5187 Fi'péFL-iiirl"séiuds
2720 5109 2773 5187 in
2805 5122 2843 5161 ι.
2884 5093 3017 5159 Afri.
3050 5099 3303 5181 Ingemuit
3330 5093 3714 5187 Αῐηιὲμὶηηςιξ

2602 5161 2760 5258 :sed
2804 5186 3007 5248 prapter
3046 5161 3224 5254 inditis
3248 5182 3429 5258 genus.
3455 5161 3711 5258 grave-fat

2125 5244 2277 5323 enim,
2300 5256 2576 5312 secundum
2598 5244 2878 5323 Homerum
2900 5244 2935 5323 ζ.
2952 5244 3424 5323 perire-naufragio,
3452 5249 3575 5323 quia
3599 5246 3710 5285 am-

2129 5307 2502 5396 iiia'ééc'ighiéa.
2536 5307 2583 5380 et
2615 5318 2872 5396 exstingui
2892 5307 3085 5395 videtur
3109 5307 3342 5396 ἐπιμιξνῆ
3593 5370 3677 5396 Ν

2896 5387 3087 5470 ὀηυιία
3103 5461 3114 5471 Α
3132 5378 3327 5471 φξιιέζᾷξ.
3341 5370 3710 5471 Aelius-usit}?

2131 5453 2327 5529 mdr'tis
2359 5485 2554 5541 genera
2595 5455 3431 5541 diligentissime.notatlituctor:
3457 5453 3710 5541 ἑκ

2128 5524 2289 5600 causa
2306 5524 2618 5598 extrinseca
2640 5578 2654 5598 ,
2688 5524 2753 5589 ἷιι
2778 5528 3098 5600 decollatio;
3148 5525 3374 5600 ἕί¹ιθν¹¹¹¹¹
3399 5532 3428 5570 ³
3454 5524 3710 5600 (³³⁸9ἓέξῖ

2131 5591 2743 5680 iiiiiéixclt',"ai75.iopt_ea
2753 5607 2795 5661 is
2820 5620 2834 5669 ;
2875 5591 3184 5680 tertiumab
3211 5591 3708 5680 tt‘t‘raqtteht‘tytttttf

2130 5656 3061 5753 'c'tili‘éiti'éoitialfé'uiﬁibiopterea
3093 5656 3361 5729 intestina'
3373 5661 3575 5718 viscera
3594 5656 3706 5717 col"

2131 5751 2472 5833 rumpuntur.
2504 5751 2634 5812 Lac.

2702 4610 2790 4667 Sic
2819 4618 2863 4663 et
2889 4606 3071 4677 rapida
3098 4596 3717 4677 qumqueutors._Tracl.'tt

2671 4701 2700 4737 e
2727 4667 2984 4753 qualitate
3003 4667 3232 4753 tuortis;
3279 4670 3407 4726 Nam
3435 4668 3502 4753 ad
3534 4667 3718 4753 animm
