4042 6288
389 280 483 336 7H

1765 272 1964 330 LIBER
2005 270 2099 326 DE
2131 269 2338 327 ANIMA
2350 316 2364 328 .

3577 270 3683 328 742

388 395 734 452 mediocritas
756 393 1075 450 trahiturad
1106 407 1314 449 summa
1337 434 1352 459 ,
1382 400 1436 446 et
1465 390 1702 460 reliquitc
1724 386 1981 444 universi-
2006 388 2056 447 A
2082 393 2227 441 cant.
2280 385 2430 441 Plato
2472 387 2690 457 quidem
2737 403 2842 445 non
2884 398 3088 446 temere
3138 390 3210 460 (ε)
3240 389 3681 461 philosophorum

388 491 480 545 tati
509 489 846 545 cohaerentes
871 530 887 555 ,
938 497 1316 560 exspectantur
1345 485 1411 549 ab
1442 484 1529 539 illa
1557 525 1571 549 ,
1611 498 1715 538 non
1746 481 1981 538 derelin-

388 593 577 654 quunt.
630 585 806 652 Atque
843 582 917 636 ita
970 582 1142 637 ausim
1161 580 1364 646 dicere,
1401 579 1562 633 totius
1592 577 1870 639 ultimum,
1902 584 1982 629 to-

389 685 500 731 tum
529 683 648 730 est:
676 677 801 746 quia
858 677 981 731 licet
1011 675 1187 730 minus
1217 681 1375 742 atque
1407 670 1671 741 posterius
1695 669 1784 731 sit,
1817 667 1983 737 ipsius

389 777 491 823 est.
540 769 674 825 llinc
715 768 948 840 denique
979 768 1189 827 evenit.
1224 758 1367 835 sirpe
1403 764 1636 818 animam
1670 762 1721 816 in
1756 762 1872 830 ipso
1898 759 1983 813 di-

389 861 567 916 vortio
594 862 868 932 potentius
894 859 1106 931 agitari,
1139 856 1450 913 sollicitiore
1474 855 1662 910 obtutu
1685 895 1698 919 ,
1733 860 1982 907 extraor-

388 955 592 1010 dinaria
625 955 967 1026 loquacitate,
998 953 1124 1009 dum
1152 966 1213 1006 es
1248 950 1436 1018 majori
1465 958 1721 1019 suggestu
1750 987 1763 1012 ,
1795 946 1907 1015 jam
1932 944 1983 999 in

390 1048 560 1104 libero
588 1048 877 1102 constituta
900 1087 913 1110 ,
963 1060 1062 1115 per
1090 1042 1421 1113 superﬂuum
1449 1039 1592 1111 quod
1624 1037 1800 1092 adhuc
1820 1052 1984 1092 cunc-

395 1152 538 1197 tatur
568 1142 621 1196 in
648 1154 896 1209 corpore,
928 1137 1304 1204 enuntiatquie
1336 1133 1499 1196 videt,
1531 1147 1649 1202 qum
1675 1129 1843 1195 audit,
1868 1143 1989 1198 qua:

393 1232 583 1301 incipit
611 1245 792 1286 nosse.
815 1230 870 1285 Si
898 1228 1042 1285 enim
1070 1226 1147 1302 (η)
1177 1241 1375 1296 corpus
1404 1224 1546 1279 istud
1578 1223 1844 1291 platouica
1864 1236 1992 1275 sen-

401 1324 569 1378 tentia
612 1336 833 1388 carcer,
886 1328 1142 1375 cieterum
1186 1317 1476 1386 apostolica
1536 1314 1586 1389 (Ι
1622 1313 1739 1371 Cor.
1774 1311 1860 1377 lll,
1896 1311 1991 1384 16)

412 1414 508 1473 Dei
563 1414 859 1482 templum,
917 1426 1038 1466 cum
1093 1411 1144 1464 in
1195 1408 1408 1463 Christo
1455 1414 1581 1472 est;
1636 1406 1730 1462 sed
1781 1404 1991 1459 interim

395 1506 629 1560 animam
679 1514 938 1574 consepto
965 1517 1063 1558 suo
1095 1501 1359 1565 obstruit,
1389 1510 1443 1555 ct
1471 1500 1722 1555 obscurat
1745 1540 1759 1562 ,
1789 1507 1841 1552 et
1865 1512 1986 1551 con-

391 1600 641 1655 cretione
688 1600 864 1654 carnis
920 1595 1174 1662 infircat;
1228 1594 1371 1650 unde
1428 1594 1501 1647 illi
1537 1635 1549 1656 ,
1581 1592 1725 1647 velut
1773 1591 1852 1662 (b)
1900 1607 1994 1660 per

392 1705 654 1747 corneum
699 1689 947 1760 specular
974 1729 990 1755 ,
1031 1686 1324 1743 obsoletior
1354 1687 1440 1741 lux
1475 1701 1652 1740 rerum
1675 1694 1778 1752 est,
1807 1682 1993 1755 procul

2085 476 2368 532 animabus
2400 477 2500 534 hoc
2533 488 2771 548 praestat,
2825 481 2917 537 sed
2950 497 3135 537 eorum
3162 483 3250 553 qui
3284 480 3682 553 philosotihiam

2086 567 2291 623 scilicet
2342 572 2726 627 exornaverint
2773 588 2960 628 amore
3005 588 3312 644 puerorum.
3344 573 3495 631 Adeo
3517 575 3757 641 etiamy

2086 657 2228 714 inter
2270 660 2617 731 philosophos
2658 678 2906 734 magnum
2938 664 3460 735 habet’privilegium
3504 667 3681 738 impu-

2091 750 2242 805 ritas.
2306 751 2488 823 Itaque
2540 755 2680 825 apud
2736 757 2880 811 illum
2929 757 2982 812 in
3030 757 3287 813 mtherem
3328 758 3686 815 sublimantur

2091 844 2283 898 anima:
2312 846 2583 915 sapientes
2612 850 2789 919 ;apud
2821 852 3005 906 Arium
3038 894 3052 918 ,
3097 853 3150 907 in
3180 868 3359 908 aerem
3394 852 3461 926 (Ι)
3493 870 3507 921 ;
3545 856 3684 926 apud

2093 934 2326 1003 Stoicos,
2380 939 2480 992 sub
2528 940 2728 995 lunam.
2786 941 2865 1015 (g)
2910 946 3057 1011 Quos
3083 945 3299 1017 quidem
3330 947 3517 1015 miror,
3540 950 3684 1019 quod

2094 1024 2478 1100 imprudentes'
2499 1036 2705 1090 animas
2753 1038 2895 1092 circa
2940 1048 3136 1093 terram
3166 1049 3531 1109 prosternant.
3560 1059 3683 1099 cum

2095 1121 2214 1176 illas
2252 1138 2280 1176 a
2309 1124 2637 1194 sapientibus
2666 1128 2835 1183 multo
2881 1131 3254 1199 superioribus
3285 1134 3488 1189 erudiri
3523 1135 3687 1191 adlir-

2095 1225 2261 1268 ment.
2298 1214 2394 1270 Ubi
2426 1217 2742 1273 eritschola:
2771 1222 2935 1291 regio,
2970 1222 3020 1276 in
3052 1230 3194 1276 tanta
3221 1223 3473 1280 distantia
3500 1227 3685 1284 diver-

2097 1309 2403 1363 soriorum?
2443 1324 2546 1380 qua
2594 1313 2799 1366 ratione
2844 1312 3123 1383 discipulae
3153 1314 3219 1370 ad
3251 1318 3532 1387 magistras
3560 1334 3689 1375 con-

2097 1402 2393 1456 ventabunt
2413 1401 2515 1474 (‘2),
2539 1413 2684 1458 tanto
2709 1405 2790 1475 ('5)
2816 1406 3124 1462 discrimine
3148 1408 3373 1464 invicem
3403 1411 3689 1468 absentes?

2097 1496 2227 1564 Quis
2265 1504 2441 1552 autem
2484 1484 2588 1551 illis
2628 1498 2926 1569 posthumae
2961 1501 3279 1559 eruditionis
3307 1521 3436 1561 usus
3457 1524 3519 1564 ac
3544 1508 3685 1566 fruc-

2101 1589 2423 1659 lllszlllljalll
2455 1590 2874 1660 conﬂagratione
2917 1594 3214 1663 perituris?
3260 1597 3516 1671 Reliquas
3567 1605 3687 1658 ani-

2102 1695 2216 1735 mas
2242 1681 2307 1735 ad
2342 1679 2540 1736 inferos
2570 1682 2848 1752 dejiciunt.
2905 1685 3013 1740 llos
3048 1686 3201 1742 Plato
3240 1690 3386 1745 velut
3422 1694 3689 1761 gremium

392 1783 560 1838 dubio
589 1799 710 1838 cum
738 1783 784 1837 vi
816 1782 1005 1836 mortis
1031 1779 1350 1849 exprimitur
1381 1778 1450 1832 de
1493 1778 1840 1833 concretione
1866 1791 1989 1831 car-
2020 1782 2067 1842 B
2101 1786 2257 1831 terra:
2281 1775 2571 1841 describit,
2597 1776 2648 1830 in
2701 1775 2967 1832 I’Itwdoue
2986 1822 3001 1846 ,
3030 1796 3136 1851 quo
3159 1796 3349 1838 omnes
3376 1785 3525 1842 labes
3538 1786 3694 1843 mun-

395 1876 480 1929 nis
500 1917 514 1938 ,
561 1885 614 1930 ct
656 1874 769 1944 ipsa
812 1872 1163 1942 cxpressione
1210 1871 1417 1925 colatur
1439 1912 1452 1935 ,
1482 1879 1629 1926 certe
1658 1869 1725 1924 de
1752 1882 1991 1939 oppanso

394 1968 636 2038 corporis
689 1968 929 2036 erumpit
973 1967 1022 2019 in
1074 1974 1350 2035 apertum,
1395 1962 1461 2017 ad
1492 1978 1693 2018 meram
1727 1972 1782 2017 et
1808 1976 1995 2031 puram

394 2068 453 2113 ct
498 2073 650 2113 suam
691 2056 866 2113 lucem
911 2057 1089 2110 statim
1150 2054 1493 2124 semetipsum
1556 2054 1608 2108 iu
1659 2051 1998 2123 expeditione

396 2150 715 2207 substantia:
755 2148 1124 2220 recognoscit,
1169 2157 1219 2201 et
1250 2149 1300 2200 in
1329 2145 1660 2200 divinitatem
1690 2146 1802 2215 ipsa
1834 2145 1996 2199 liber-

397 2255 508 2301 tate
533 2242 819 2315 resipiscit,
845 2252 901 2295 ut
924 2241 993 2297 de
1021 2255 1212 2296 somno
1240 2252 1546 2310 emergens,
1571 2238 1639 2294 ab
1663 2227 1983 2309 imaginibus

403 2336 474 2391 ad
503 2337 753 2390 veritates
781 2353 793 2388 :
823 2343 949 2389 tunc
975 2344 1026 2387 et
1054 2332 1297 2389 enuntiat
1326 2347 1445 2401 qua:
1473 2330 1636 2394 videt,
1668 2341 1794 2385 tunc
1823 2332 2000 2386 exsul-

400 2440 479 2487 tat
526 2438 620 2485 ant
664 2426 942 2498 trepidat,
1004 2433 1162 2495 prout
1213 2434 1514 2493 paraturam
1561 2422 1856 2479 deversorii
1911 2424 1995 2478 sui

398 2522 584 2587 sentit,
635 2520 709 2592 (c)
756 2518 826 2575 de
884 2518 1050 2589 ipsius
1092 2518 1271 2572 statim
1315 2516 1487 2586 angeli
1526 2515 1684 2584 facie,
1724 2514 2000 2573 vocatoris

396 2616 721 2681 animarum,
756 2611 1004 2668 Mercurii
1034 2621 1334 2681 poetarum.

999 2702 1229 2759 CAPUT
1267 2701 1409 2758 LIV.

476 2800 594 2868 Quo
636 2799 795 2869 igitur
835 2797 1133 2854 deducetur
1156 2795 1358 2864 anima,
1404 2795 1516 2867 jam
1557 2794 1681 2851 hinc
1706 2795 2001 2853 reddimus.

411 2891 620 2946 Omnes
665 2891 833 2946 ferme
880 2888 1227 2960 philosophi,
1272 2888 1362 2958 qui
1393 2887 1850 2943 immortalitatem
1882 2888 2001 2943 aui-

401 2998 532 3048 tnar,
565 2982 794 3053 qualiter
820 2981 1026 3063 volunt,
1071 2989 1245 3035 tamen
1275 2979 1354 3051 (l)
1386 2978 1676 3045 vindicant,
1718 2990 1774 3035 ttt
1800 2980 2000 3052 Pytha-

2100 1869 2299 1923 dalium
2346 1868 2582 1923 sordium
2624 1867 2975 1935 conﬂuendo,
3008 1881 3055 1926 et
3090 1872 3162 1926 ibi
3192 1874 3487 1931 desidendo
3518 1878 3684 1935 exha-

2112 1962 2255 2027 lent,
2286 1971 2339 2016 et
2365 1963 2515 2031 quasi
2547 1976 2703 2017 coeno
2725 1963 3179 2020 immnnditiaruni
3210 1982 3426 2024 suarum
3458 1971 3694 2028 crassio-

2103 2068 2215 2108 rem
2239 2051 2489 2108 liaustum
2519 2060 2574 2107 et
2602 2054 2863 2123 privatum
2893 2053 3003 2109 illic
3029 2071 3209 2112 aerem
3231 2057 3451 2128 stipeut.

2708 2145 2938 2201 CAPUT
2969 2147 3079 2202 LV.

2174 2234 2340 2290 Nobis
2394 2234 2550 2291 inferi
2602 2251 2708 2292 non
2752 2237 2890 2291 nuda
2917 2240 3224 2309 cavositas,
3273 2259 3372 2300 nec
3396 2245 3693 2307 subdivalis

2102 2327 2277 2398 aliqua
2309 2327 2489 2382 mundi
2518 2329 2728 2383 sentina
2760 2330 3056 2385 creduntur
3086 2350 3099 2384 :
3138 2334 3230 2388 sed
3262 2335 3312 2389 in
3342 2336 3484 2393 fossa
3517 2348 3695 2407 terra),

2104 2430 2158 2476 et
2181 2421 2234 2475 in
2266 2420 2373 2474 alio
2401 2421 2638 2488 vastitas,
2673 2430 2726 2476 et
2753 2422 2804 2475 in
2835 2423 2964 2491 ipsis
2992 2425 3284 2481 visceribus
3312 2430 3430 2498 ejus
3452 2430 3699 2488 abstrusa

2106 2511 2465 2583 profunditas.
2502 2512 2777 2584 Siquidem
2822 2512 3094 2572 Christum
3133 2518 3211 2589 (4)
3257 2520 3310 2574 in
3353 2521 3518 2578 corde
3544 2533 3702 2581 terra:

2108 2605 2284 2678 (Matt.
2328 2606 2445 2678 ΧΗ)
2485 2608 2716 2663 triduum
2757 2610 2946 2666 mortis
2984 2612 3211 2684 legimus
3241 2628 3599 2685 expunctum,
3646 2619 3702 2674 id

2107 2707 2191 2754 est
2217 2700 2268 2753 in
2294 2714 2512 2756 recessu
2532 2702 2719 2755 intimo
2745 2712 2803 2756 et
2824 2702 3036 2758 interno
3057 2706 3177 2760 etin
3200 2706 3309 2776 ipsa
3331 2717 3470 2765 terra
3490 2717 3698 2780 operto,

2107 2803 2160 2848 et
2208 2795 2345 2849 intra
2397 2794 2565 2864 ipsam
2612 2796 2797 2851 clauso
2848 2797 2968 2868 (5),
3017 2806 3071 2853 et
3131 2799 3474 2857 inferioribus
3525 2802 3704 2859 adhuc

2107 2887 2314 2957 abyssis
2341 2896 2727 2957 superstructo.
2763 2889 2915 2956 Quod
2942 2891 2986 2944 si
3025 2890 3270 2947 Christus
3304 2894 3470 2964 Deus,
3498 2897 3620 2965 quia
3648 2904 3706 2952 et

2108 2968 2292 3044 homo,
2326 2987 2567 3033 mortuus
2593 2979 2887 3034 secundum
2916 2980 3241 3051 Scripturas,
3265 2996 3317 3040 et
3345 2989 3589 3057 sepultus
3615 3003 3704 3044 se-

398 3090 563 3146 goras
585 3117 599 3141 ,
634 3084 690 3130 ut
717 3072 1074 3144 Empedocles
1097 3113 1112 3135 ,
1157 3080 1214 3126 ut
1242 3071 1413 3153 Plato,
1450 3071 1528 3141 (ά)
1559 3072 1757 3142 quique
1785 3073 2000 3142 aliquod
2028 3092 2073 3155 ρ
2104 3071 2335 3125 cundum
2372 3068 2452 3144 (6)
2488 3071 2736 3137 easdem,
2780 3071 2864 3128 hic
2896 3070 2978 3144 (7)
3007 3089 3219 3144 quoque
3263 3077 3362 3148 legi
3412 3080 3702 3148 satisfecit,

400 3170 476 3225 illi
521 3178 732 3239 tempus
784 3167 1060 3236 indulgent
1105 3166 1175 3221 ab
1219 3180 1444 3220 excessu
1494 3179 1662 3235 usque
1711 3167 1763 3220 in
1794 3165 2001 3221 conlla-

399 3262 711 3335 grationcm
745 3260 1129 3327 universitatis,
1172 3269 1231 3315 ut
1258 3259 1445 3327 Stoici,
1483 3274 1608 3315 suas
1636 3260 1795 3328 solas,
1844 3261 1893 3315 id
1920 3272 2002 3319 est

399 3354 707 3425 sapientum
747 3353 974 3418 animas,
1029 3352 1081 3408 in
1135 3352 1391 3423 supernis
1434 3351 1804 3429 mansionibus
1830 3354 1998 3409 collo-

2106 3160 2276 3217 forma
2326 3162 2576 3218 humana:
2629 3164 2818 3218 mortis
2873 3166 3012 3234 apud
3075 3166 3276 3224 inferos
3316 3171 3568 3240 functus;
3605 3189 3707 3231 nec

2106 3270 2229 3314 ante
2270 3256 2512 3312 ascendit
2555 3259 2607 3319 in
2635 3257 2951 3314 sublimiora
2976 3261 3260 3327 oculorum,
3290 3281 3450 3335 quam
3477 3268 3709 3324 descen-

2105 3351 2184 3407 dit
2224 3352 2277 3405 iu
2327 3349 2578 3404 interiora
2622 3359 2883 3405 terrarum
2928 3348 3104 3424 (Ii),ut
3147 3354 3258 3411 illic
3283 3356 3624 3415 Palriarchas
3653 3367 3709 3417 et

1671 3464 2055 3525 LECTIONES
2093 3459 2504 3521 VARIANTES.

498 3565 548 3626 l)
571 3563 788 3626 Tantum
799 3559 951 3626 Biton.
978 3560 1131 3612 Semt.
1156 3566 1384 3625 tanquam
1410 3566 1554 3616 Pam.

570 3622 1155 3738 magistras
1178 3622 1581 3679 convertenturc.
1601 3624 2006 3691 Agob.memlose.

474 3747 550 3815 (4')
574 3750 765 3802 Cluisto
787 3747 890 3813 Rig.
925 3757 1039 3799 Ven.
1062 3748 1305 3800 mendose.

2199 3556 2251 3619 5)
2275 3555 2452 3619 Caveto
2470 3555 2613 3619 Pan.
2638 3551 2788 3605 then.
2812 3555 2962 3606 Seml.

2175 3555 2251 3680 (5.)
2275 3555 2452 3606 Caveto
2470 3555 2613 3623 Pan.
2638 3555 2705 3603 th

2196 3621 2247 3683 6)
2274 3617 2429 3683 _S_eeus
2448 3620 2557 3683 mg.
2586 3626 2705 3683 rea.

2182 3625 2228 3680 (u'
2274 3625 2429 3667 Secus
2448 3625 2557 3683 th.
2591 3626 2680 3667 Ven

2182 3625 2251 3747 (τέ
2274 3679 2402 3730 Huic
2424 3678 2534 3744 Rig.
2560 3682 2680 3732 Ven.

1767 3828 2339 3889 COMMENTARIUS.

484 3947 564 4020 (τι)
593 3944 791 4020 Corpus
831 3944 1249 4020 istndptatonica
1276 3945 1540 4020 sententia,
1576 3955 1681 4001 etc.
1709 3945 1765 4001 S.
1811 3944 2006 4020 Hiero:

408 4015 579 4090 nyino
621 4017 819 4090 objecit
868 4015 1113 4070 Bullinus
1143 4057 1156 4079 ,
1179 4016 1317 4084 quod
1355 4016 1405 4068 in
1437 4024 1728 4070 comment.
1755 4018 1911 4085 epist.
1940 4015 2006 4070 ad

408 4088 616 4160 E‘plies.
647 4088 905 4160 dixisset,
946 4102 1146 4160 corpus
1171 4090 1356 4139 anima:
1385 4102 1635 4140 carcerem
1658 4129 1673 4154 ,
1715 4097 1874 4157 atque
1925 4103 2011 4160 rc-

410 4157 650 4231 spondet
673 4174 739 4214 ex
765 4158 1008 4231 Origenis
1039 4157 1242 4211 dixisse
1263 4160 1547 4231 sententia,
1585 4161 1673 4231 qui
1704 4169 1765 4231 ut
1789 4160 1838 4211 in
1868 4158 2007 4231 muli

412 4227 506 4297 tis,
532 4232 694 4286 etiam
715 4231 767 4283 in
801 4227 901 4283 hoc
924 4228 1195 4282 Platonem
1225 4237 1308 4281 est
1336 4227 1593 4282 imitatus.
1625 4228 1802 4281 Facile
1831 4229 1878 4282 id
1908 4227 2009 4282 sibi

412 4303 633 4359 induxit
652 4301 930 4370 Origenes,
962 4309 1014 4352 et
1040 4299 1127 4368 qui
1155 4298 1363 4351 animus
1391 4306 1643 4367 putarunt
1663 4300 1734 4354 ob
1762 4299 1951 4353 delicta
1977 4314 2007 4353 a

412 4387 632 4431 summo
659 4371 769 4426 Deo
796 4370 1029 4426 intrusas
1060 4372 1109 4423 in
1142 4383 1389 4437 corpora.
1426 4370 1554 4424 Lac.

491 4441 577 4513 (b)
610 4441 710 4496 Per
734 4440 1246 4513 corneumspecutar.
1278 4440 1568 4513 (Platonem
1601 4441 1872 4502 imitatur,
1921 4440 2009 4510 qui

416 4512 668 4573 similiter
710 4515 760 4566 in
808 4512 1077 4566 illim-mide
1106 4512 1314 4565 vocavit
1359 4525 1576 4566 carnem
1602 4526 1859 4565 corneum
1891 4514 2013 4580 spe—

418 4588 593 4644 cular.
645 4583 845 4640 Allndit
887 4594 1112 4651 uterque
1161 4582 1227 4635 ad
1274 4590 1453 4650 portas
1498 4597 1749 4636 corneum
1775 4592 1829 4636 et
1853 4581 2013 4636 ebur-

420 4672 582 4715 neam
611 4656 943 4710 somniorum
968 4652 1105 4722 apud
1135 4652 1444 4706 Homerum.
1473 4653 1602 4708 Lac.

497 4730 583 4797 (c)
613 4725 865 4795 Deipsius
888 4725 1061 4797 statim
1085 4724 1274 4797 angeli,
1296 4733 1401 4778 etc.
1432 4725 1583 4777 Putat
1609 4739 1872 4797 apparere
1898 4724 2015 4780 cui-

421 4815 588 4871 quam
614 4798 864 4871 angelum
887 4796 1071 4871 iuliae
1101 4796 1251 4871 vitae,
1279 4797 1416 4849 sicut
1441 4810 1599 4871 supra
1625 4796 1877 4871 inAinitio,
1909 4806 1962 4850 et
1985 4811 2012 4849 a

426 4866 706 4927 tiativitate
732 4867 984 4923 indicavit
1012 4866 1253 4920 comitari
1281 4881 1294 4928 ;
1321 4874 1375 4919 et
1398 4869 1641 4933 angelum
1664 4866 2013 4922 dciluctorein

426 4950 577 4997 notat
611 4942 679 4995 de
701 4954 808 5010 quo
835 4937 1410 5010 ClirysostOIiius_.'_zon_i.
1433 4930 1504 4992 29
1531 4937 1584 5010 in
1613 4955 1657 4991 c.
1688 4937 1796 4990 Vlll
1828 4937 2013 4991 Matth.

424 5021 485 5070 et
503 5013 618 5067 hom
672 5005 736 5064 dé
756 5005 960 5064 Lazaro
971 5009 1039 5061 ad
1062 5024 1178 5076 cap.
1206 5005 1326 5061 XVI
1356 5006 1525 5061 Lucra
1550 5008 1678 5063 Lac.

506 5082 585 5156 (d)
612 5084 808 5156 Quique
835 5080 1057 5156 aliquod
1080 5078 1157 5132 illi
1188 5089 1379 5146 (corpus
1409 5079 1693 5156 indulgent.
1728 5078 2018 5156 Il'ttionalis

428 5151 624 5209 animae
672 5151 1229 5219 incorruptibilitatcm
1269 5164 1456 5204 omnes
1505 5152 1671 5205 l'erme
1714 5151 2016 5220 philosophi

430 5226 754 5289 adstruunt;
799 5222 962 5278 Stoici
1019 5236 1168 5286 vero,
1219 5221 1340 5274 licet
1378 5224 1610 5275 animam
1648 5231 1763 5289 post
1792 5235 2016 5276 mortem

432 5312 715 5352 remanere
734 5303 938 5364 putent,
967 5292 1366 5364 corruptibiletn
1394 5302 1569 5346 tamen
1589 5293 1835 5347 credunt.
1869 5292 2019 5347 Unde

435 5368 642 5424 Tullius
672 5362 762 5422 lib.
794 5382 831 5420 ι.
865 5365 1083 5419 Tuscul.
1111 5380 1124 5416 :
1161 5362 1323 5417 Stoici
1337 5379 1542 5417 usuram
1569 5366 1710 5417 nobis
1732 5364 2021 5434 largiuntur

435 5437 997 5511 tanquamcornicilgus,
1032 5434 1121 5487 diu
1151 5444 1417 5511 "tonsuras
1443 5436 1640 5511 ultimas
1666 5434 1809 5488 aiunt
1833 5477 1847 5498 ,
1891 5452 2020 5488 sem-

435 5503 755 5584 prr'nrqant.
786 5507 864 5563 LE
890 5507 989 5584 _l’_n.
1020 5503 1422 5573 euieutlmttibas.
1440 5505 1592 5584 filio.

508 5570 777 5655 (el'Plato
1064 5570 1389 5655 nontamen.
1438 5576 1613 5655 Habes
1659 5575 1760 5655 hoc
1788 5576 2023 5655 Platonis

432 5645 743 5726 paradoxou
778 5645 970 5726 partim
1016 5648 1069 5701 in
1118 5647 1425 5726 P-Itwaone,‘
1458 5649 1652 5726 partim
1683 5649 1733 5702 in
1779 5645 2020 5713 Ιηιιιιάνο⁹

428 5717 664 5793 denique
690 5732 747 5779 et
777 5717 829 5777 in
860 5718 1052 5795 Timaeo
1071 5720 1206 5795 ;_ubi
1226 5719 1385 5795 docet
1407 5717 1886 5795 (quode_tiam_eap.
1906 5733 2020 5790 seq.

429 5787 628 5877 repetit
674 5787 903 5867 Auctor)
945 5789 1001 5853 in
1023 5788 1276 5851 aetherem
1317 5787 1493 5869 (sive,
1518 5792 1592 5849 uti
1620 5787 1884 5866 inquitur,
1928 5787 2025 5863 pii-

2038 4480 2090 4537 D

2115 3958 2228 3999 ram
2279 3930 2784 4016 habiunionemseu
2811 3945 3034 4016 emtum)
3065 3947 3340 4007 sublimari
3381 3952 3588 4012 animas
3620 3972 3711 4012 sa-

2116 4016 2320 4083 pientes
2360 4027 2480 4068 cum
2529 4015 2708 4082 pueris
2734 4032 2745 4067 :
2793 4016 2934 4083 quod
2961 4057 2974 4083 ,
3008 4015 3106 4073 etsi
3135 4023 3339 4077 Auctor
3368 4027 3521 4082 aliter
3550 4029 3715 4084 inter-

2113 4093 2390 4164 pretetur,
2441 4084 2706 4164 hlarsilius
2747 4095 2921 4164 tamen
2974 4092 3174 4146 mavult
3219 4094 3424 4152 referre
3468 4097 3531 4151 ad
3575 4114 3707 4164 eos,

2114 4156 2601 4279 tltll|p|[l)l|050plllill
2652 4157 3039 4215 institutionem
3093 4179 3379 4233 puerorum
3420 4156 3715 4240 conjunxe;

2116 4243 2254 4279 ran.
2334 4242 2424 4279 ΑΜ.
2980 4267 2991 4273 ρ

2116 4239 2254 4281 rant.
2292 4239 2424 4280 I’AM.
2980 4267 2991 4273 ρ

2189 4295 2253 4383 (η
2279 4297 2431 4383 Αιψά
2466 4297 2642 4352 Arium
2672 4300 2725 4383 in
2752 4317 2938 4383 aerem.
2966 4304 3216 4383 Idipsum
3240 4311 3435 4380 repetit
3455 4327 3572 4380 cap.
3593 4327 3711 4383 seq.

2115 4368 2257 4437 Quid
2292 4379 2468 4422 autem
2519 4384 2609 4422 aer
2639 4369 2705 4425 ab
2741 4372 2945 4429 aethere
2975 4375 3216 4439 dillerat,
3245 4368 3494 4437 munibus
3522 4368 3711 4437 notum

2116 4450 2231 4519 est:
2288 4456 2481 4507 nempe
2521 4440 2662 4519 quod
2689 4448 3065 4519 aertninnrsit
3088 4463 3153 4502 ex
3182 4463 3412 4519 quatuor
3431 4455 3714 4508 elementis

2120 4510 2289 4592 (jttltltt
2324 4521 2573 4592 veterino
2592 4513 2802 4581 placita)
2831 4555 2870 4592 ,_
2899 4510 3411 4592 :etherplertimque
3445 4540 3539 4592 pro
3570 4525 3713 4580 ρωιο

2118 4583 2427 4664 accipi-itur.
2476 4581 2605 4664 Quis
2641 4596 2817 4664 autem
2861 4587 2959 4664 isto
2993 4581 3175 4663 Arius,
3205 4581 3455 4662 disii'iciut'
3483 4594 3714 4664 diligens

2120 4651 2305 4706 lector.
2341 4653 2474 4705 Pam.
2501 4655 2878 4710 adnotantibus.
2913 4656 3077 4712 EDD.‘
3160 4651 3173 4666 ἡ

2191 4720 2269 4793 (g)
2297 4722 2445 4792 Apud
2470 4724 2668 4778 Stoicos
2689 4725 2779 4806 sub
2801 4728 2995 4782 lunam.
3021 4730 3209 4785 Dehoc
3232 4732 3420 4806 iterum
3444 4748 3560 4804 cap.
3594 4749 3711 4806 seq.

2120 4792 2319 4873 Horam
2352 4810 2479 4873 rem
2504 4796 2849 4873 sent_entia:_n,
2899 4809 3253 4873 prieterqnam
3280 4803 3423 4872 quod
3449 4792 3600 4873 seipti
3630 4792 3714 4861 vi.-

2122 4869 2309 4990 ticaltlli'
2346 4864 2534 4920 Cicero
2581 4866 2757 4940 (Tusc.
2787 4866 2853 4940 Ι),
2900 4864 3152 4927 Lucanus
3194 4873 3275 4928 his
3298 4864 3605 4944 'amplex'us
3631 4887 3716 4933 est

2122 4951 2258 4990 versn
2303 4952 2361 4990 us
2392 4953 2405 4989 :

2122 4951 2361 4991 VCI'SIDIIS
2392 4953 2405 4989 ἒ

2213 5027 2454 5097 Quodque
2480 5033 2615 5091 patet
2633 5035 2793 5097 terras
2816 5031 2945 5080 inter
2969 5030 3218 5097 Lunaque
3236 5041 3443 5095 meatus,

2215 5089 2431 5157 Semidei
2458 5089 2627 5157 manes
2644 5090 2894 5157 habitant;
2916 5107 3044 5157 quos
3068 5089 3211 5157 ignea
3234 5097 3389 5148 virtus

2216 5152 2456 5201 Innocuos
2480 5154 2574 5201 vita
2601 5156 2842 5215 patientes
2864 5152 3048 5204 atlieris
3072 5152 3154 5205 lini

2219 5215 2371 5271 Fecit,
2398 5220 2450 5263 et
2473 5221 2687 5263 aeternos
2705 5216 2915 5264 animum
2941 5216 3141 5279 collegit
3165 5219 3212 5267 iu
3236 5220 3397 5271 orbes.
3451 5220 3587 5271 PaMt

2195 5295 2645 5370 βηλμνρ-(ιι)
2712 5296 2978 5352 Descendit
3040 5302 3094 5355 in
3139 5301 3383 5370 inferiora
3439 5314 3711 5363 lci-rarum.

2125 5368 2336 5446 Αιιελςτιι
2364 5368 2729 5446 hic_,__pr_:_eter
2773 5370 3075 5437 Scriplttt‘us
3109 5372 3174 5446 ibi
3199 5368 3396 5427 'citatas
3428 5373 3717 5446 (quemad-

2125 5438 2349 5511 modum
2370 5446 2425 5511 et
2451 5437 2555 5511 ΒᾲΒἶ
2587 5438 2977 5511 Hieronymus.
3029 5451 3078 5493 et
3108 5442 3358 5503 Irenzvus,
3402 5437 3717 5500 c't'Ambro-

2126 5509 2280 5584 sius).
2302 5508 2428 5562 illud
2465 5509 2657 5584 l‘lphes.
2692 5508 2756 5584 μγ
2783 5508 2799 5563 Ξ
2828 5509 3411 5584 ρψοιιιιιιιεηιίᾳδεεηίιίι
3442 5518 3547 5584 (cui
3570 5518 3718 5571 addit

2127 5581 2327 5656 Auctor
2367 5580 2733 5656 ex_plit‘.:ttionis
2776 5582 2966 5656 gratia,
2996 5583 3070 5656 Ain
3097 5582 3391 5656 sublimiora
3422 5580 3711 5656 (velorum),

2126 5651 2249 5720 quid
2287 5661 2356 5726 est
2385 5652 2479 5703 nisi
2502 5651 2620 5721 quia
2648 5650 2902 5726 desceudit
2925 5653 3146 5726 primum
3173 5653 3225 5726 in
3252 5656 3517 5726 inferiores
3541 5650 3713 5726 partes

2129 5722 2318 5777 teme?
2362 5737 2456 5793 pro
2490 5736 2608 5794 quo
2632 5720 2771 5794 apud
2795 5721 2928 5794 lreu.
2961 5734 3014 5777 et
3044 5722 3130 5777 hic
3160 5722 3249 5779 :iu
3279 5720 3523 5794 inferiora
3541 5720 3711 5782 terra-

2126 5808 2277 5863 rum;
2300 5791 2390 5869 qui
2430 5791 2535 5851 non
2565 5791 2770 5851 videtur
2794 5793 2986 5867 legisse
3016 5808 3199 5853 vocem
3230 5791 3372 5869 iatn,
3402 5811 3523 5873 quae
3551 5796 3714 5863 hodie
