4042 6288
443 268 554 326 745

448 376 624 435 nullas
658 378 797 437 alias
832 382 1040 440 animas
1064 386 1202 457 apud
1226 402 1285 444 se
1308 399 1505 461 praeter
1529 400 1825 465 martyrum
1856 402 2040 451 osten-

428 469 583 525 .dit?-
611 469 897 539 Quomodo
947 473 1028 547 (a)
1057 477 1313 549 Perpetua
1358 481 1649 539 fortissima
1691 495 1914 558 martyr,
1940 486 2041 542 sub

439 562 529 618 die
555 565 842 634 passionis.
866 566 919 622 in
940 570 1267 630 revelatione
1299 577 1554 645 paradisi.
1583 579 1731 636 solos
1759 580 1865 637 illic
1889 595 2040 637 eom-

438 668 709 729 martyres
737 674 868 717 suos
897 662 1049 728 vidit,
1084 664 1186 720 nisi
1214 669 1336 737 quia
1370 669 1528 724 nullis
1582 670 1853 742 romplnca
1884 687 2038 742 para-

436 747 540 803 disi
564 747 789 819 jauitrix
819 752 981 821 cedit,
1015 754 1116 811 nisi
1143 757 1309 828 quiin
1336 760 1555 818 Christo
1569 761 1899 821 decesserint
1927 764 2033 834 (l),

434 856 546 897 nou
580 842 635 897 in
660 842 879 899 Adam?
907 844 1051 903 Nova
1082 865 1229 904 mors
1254 867 1354 923 pro
1382 852 1513 921 Deo,
1541 855 2034 912 etextraordinaria

436 946 539 1003 pro
564 930 783 989 Christo
807 975 822 1001 ,
866 936 979 992 alio
1016 948 1071 994 et
1098 940 1304 1009 privato
1328 945 1593 1015 excipitur
1617 945 1872 1017 hospitio.
1928 948 2037 1019 Ag-

433 1039 602 1080 nosce
641 1026 820 1096 itaque
856 1027 1212 1087 differentiam
1241 1034 1440 1091 ethnici
1471 1047 1526 1092 et
1560 1036 1732 1093 fidelis
1758 1039 1810 1093 in
1838 1050 2031 1096 morte.

431 1116 490 1173 Si
519 1133 618 1188 pro
645 1118 757 1176 Deo
784 1124 1102 1190 occumbas,
1162 1136 1221 1181 ut
1265 1127 1577 1186 Paracletus
1606 1142 1809 1200 monet,
1841 1149 1948 1189 non
1977 1135 2030 1191 in

432 1211 688 1269 mollibus
735 1212 975 1271 febribus
1018 1227 1072 1273 et
1102 1218 1155 1274 in
1181 1219 1414 1295 lectulis,
1447 1223 1541 1279 sed
1578 1224 1630 1279 in
1660 1227 1954 1299 martyriis,
1984 1228 2030 1283 si

429 1319 649 1361 erucem
706 1315 850 1363 tuam
905 1308 1083 1375 tollas,
1116 1320 1171 1367 et
1213 1314 1456 1384 sequaris
1493 1315 1799 1384 Dominum,
1829 1327 1886 1374 ut
1916 1319 2032 1390 ipse

428 1400 687 1475 prrceepit
727 1399 907 1472 (Matt.
940 1402 1014 1475 Χ)
1045 1420 1060 1470 ;
1096 1414 1216 1475 EE

426 1491 548 1563 guis
598 1500 700 1547 est.
742 1492 816 1575 ςὸ)
850 1493 1027 1552 Habes
1057 1498 1219 1553 etiam
1249 1501 1313 1555 de
1354 1500 1609 1558 Paradiso
1635 1520 1665 1558 a
1694 1491 2032 1563 om

328 1582 373 1612 ν
425 1581 562 1647 lunt,
596 1598 703 1654 quo
732 1586 1113 1644 constituimus
1139 1605 1356 1648 omnem
1386 1594 1621 1650 animam
1652 1596 1794 1664 apud
1825 1597 2029 1655 inferos

421 1677 758 1749 sequestrari
787 1678 840 1734 in
869 1679 1012 1737 diem
1040 1682 1275 1741 Domini.
1303 1690 1309 1698 ’

1028 1796 1255 1856 CAPUT
1286 1799 1422 1856 LVI.

495 1883 738 1940 Occurrit
757 1885 1094 1956 disceptatio,
1110 1906 1179 1947 an
1202 1894 1364 1949 etiam
1387 1895 1491 1952 hoc
1514 1896 1582 1954 ab
1594 1913 1818 1956 excessu
1846 1903 2024 1958 statim

421 1977 538 2043 liat,
568 1993 635 2034 an
662 1979 921 2048 quasdam
953 1983 1162 2040 animas
1206 1986 1384 2058 aliqua
1413 1991 1551 2046 ratio
1575 1990 1815 2049 detineat
1842 1994 1926 2051 hic
1951 1995 2025 2051 in-

427 2072 586 2126 terim
616 2113 633 2139 ,
684 2088 752 2127 an
793 2075 953 2130 etiam
985 2088 1230 2149 receptas
1262 2080 1419 2138 liceat
1444 2092 1628 2154 postea
1649 2085 1716 2140 ah
1741 2085 1929 2142 inferis
1954 2102 2020 2145 ex

424 2163 649 2219 arbitrio
674 2165 757 2220 vel
786 2180 852 2221 ex
886 2166 1114 2238 imperio
1141 2170 1349 2229 interve
1365 2174 1483 2231 nire
1508 2192 1523 2231 :
1549 2191 1648 2232 nec
1671 2177 1858 2234 harum
1876 2179 2019 2236 enim

425 2255 738 2326 opinionmn
763 2260 1017 2315 suasoriae
1035 2261 1249 2320 desunt.
1289 2265 1565 2324 Creditum
1607 2279 1690 2326 est
1718 2311 1734 2337 ,
1788 2271 2023 2342 insepul-

412 2356 510 2402 tos
542 2363 646 2404 non
679 2357 805 2406 ante
829 2350 893 2405 ad
922 2350 1311 2430 inferos‘reiligi
1339 2399 1356 2423 ,
1411 2375 1570 2431 quam
1591 2361 1737 2432 justa
1770 2377 2020 2434 percepe-

417 2437 574 2506 rint,
630 2441 927 2498 secundum
972 2443 1299 2505 homerieum
1332 2450 1633 2508 Patroclum
1662 2451 1741 2526 (c)
1769 2454 1932 2510 funus
1961 2455 2012 2512 iu

416 2534 627 2589 somnis
676 2532 746 2591 de
790 2535 999 2593 Achille
1024 2538 1372 2608 ﬂagitantem,
1404 2544 1548 2614 quod
1578 2562 1685 2602 non
1711 2548 1846 2603 alias
1865 2547 2016 2606 adire

416 2634 604 2696 portas
631 2624 860 2683 inferum
890 2640 1094 2699 posset,
1123 2634 1432 2692 arcentibus
1461 2652 1584 2693 eum
1619 2638 1778 2710 longe
1804 2640 2014 2698 anima-

414 2719 520 2776 bus
567 2722 919 2789 sepultorum.
970 2723 1231 2781 Novimns
1283 2739 1462 2785 autem
1490 2771 1504 2795 ,
1577 2742 1775 2803 praeter
1802 2736 2008 2806 poetica

405 2810 533 2881 jura
569 2852 584 2877 ,
639 2812 856 2883 pietatis
902 2830 1116 2886 quoque
1144 2817 1431 2877 honterica:
1464 2823 1805 2883 industriam.
1836 2828 2011 2885 Tanto

407 2902 580 2984 magis
624 2903 766 2958 enim
826 2920 1012 2962 curam
1072 2911 1368 2979 sepultura:
1422 2914 1758 2987 collocavit,
1813 2932 2012 2990 quanto

406 2975 569 3047 etiam
622 3009 828 3055 moram
877 2996 993 3067 ejus
1040 2998 1353 3069 injuriosam
1395 3004 1677 3061 animabus
1704 3008 2004 3078 incusavit;

405 3084 567 3141 simul
617 3096 673 3142 et
713 3103 783 3145 ne
807 3089 930 3159 quis
955 3089 1268 3149 defunctum
1288 3094 1430 3150 domi
1457 3096 1705 3154 detinens
1731 3099 1846 3170 ipse
1882 3117 2001 3156 am-

1801 281 2007 338 LIBER
2049 283 2136 342 DE
2177 290 2414 352 ANIMA.

1323 1408 1484 1465 radisi
1516 1410 1702 1468 clavus
1739 1422 2053 1483 tttttsusttr);~

3629 327 3736 385 746

2066 403 2117 462 Λ
2145 403 2223 459 ria
2253 408 2600 479 deputabitur
2625 416 2705 491 (5)
2735 420 2927 478 animm
2962 427 3192 482 cessatio
3242 434 3550 503 sepulturae,
3578 456 3735 511 quam

2148 511 2246 567 pro
2271 505 2439 572 gratia
2470 506 2693 567 deberet
2721 517 2993 586 amplecti.
3030 519 3226 592 Utique
3252 529 3392 581 enim
3436 505 3644 591 tardius
3669 540 3735 594 ad

2147 593 2347 652 inferos
2388 599 2626 659 abstrahi
2680 610 2842 666 malet
2886 610 2991 685 (t),
3040 632 3159 686 qua:
3216 636 3314 676 nec
3360 606 3494 680 tnort
3541 629 3730 686 voluit.

2143 687 2359 744 Amahit
2400 691 2617 762 impium
2649 696 2938 772 hmredem,
2971 721 3067 775 per
3094 724 3255 779 quem
3296 713 3471 771 adhuc
3501 721 3737 787 pascitur

2142 776 2261 834 luce
2287 797 2301 835 :
2332 793 2422 837 aut
2448 784 2494 839 si
2520 804 2622 854 qua
2652 807 2748 857 pro
2772 807 2920 850 certo
2947 798 3139 868 injuria
3165 814 3246 857 est
3273 804 3475 862 tardius
3503 811 3605 866 sub
3626 821 3732 868 ter-

2142 883 2256 924 ram
2286 871 2517 941 detrudi,
2553 879 2740 937 titulus
2780 895 2958 942 autem
3001 889 3209 958 injuria:
3239 898 3471 951 cessatio
3513 913 3596 956 est
3640 920 3732 960 sc-

2140 963 2388 1033 pulturze,
2421 982 2517 1039 per
2549 987 2709 1044 quam
2740 968 2978 1049 iniquum
3026 996 3143 1037 eam
3191 984 3382 1054 injuria
3424 990 3616 1059 adﬁci,
3648 997 3733 1050 cui

2141 1072 2246 1112 non
2291 1059 2639 1131 imputabitur
2660 1065 2741 1141 (5)
2768 1072 2995 1127 cessatio
3025 1076 3335 1146 sepultum,
3362 1080 3428 1134 ad
3459 1086 3734 1152 proximos

2137 1149 2347 1208 scilicet
2375 1156 2666 1223 pertinens.
2700 1161 2860 1217 Aiunt
2888 1172 2944 1220 et
2969 1166 3253 1225 immatura
3284 1184 3459 1230 morte
3490 1192 3734 1245 prawen-

2135 1335 2472 1406 compleatur
2511 1350 2727 1397 a-tatum
2751 1384 2767 1410 ,
2809 1362 2942 1416 quas
2994 1361 3100 1405 tum
3136 1350 3219 1427 (7)
3251 1335 3733 1428 pervixisscnt,‘si

2136 1441 2241 1481 non
2291 1429 2668 1499 intempeSIive
2715 1436 2997 1496 uhiissent.
3050 1442 3239 1511 Porro,
3297 1458 3391 1504 aut
3435 1455 3726 1511 constituta

2133 1527 2259 1573 sunt
2288 1529 2524 1593 tempora
2556 1526 2864 1600 unicuique,
2895 1541 2951 1586 et
2991 1535 3277 1592 constituta
3312 1543 3525 1613 pr-.eripi
3570 1561 3730 1616 posse

2135 1623 2239 1664 non
2270 1612 2521 1682 credam;
2552 1627 2646 1672 aut
2674 1617 2720 1673 si
2767 1622 3057 1680 constituta
3093 1639 3217 1682 sunt
3246 1612 3490 1700 quidem,
3521 1612 3616 1690 Dei
3650 1645 3745 1691 ta-‘

2135 1717 2255 1758 tuen
2288 1705 2562 1764 voluntate
2593 1709 2676 1767 vel
2713 1713 2886 1785 aliqua
2913 1726 3185 1787 potestate
3216 1723 3555 1791 mutilantur,
3583 1729 3727 1784 frus-

2057 1797 2107 1858 B
2138 1802 2216 1849 Ira
2252 1797 2597 1866 mutilantur,
2626 1801 2672 1857 si
2699 1803 2809 1873 jam
2853 1806 3054 1878 impleti
3104 1813 3370 1868 sustinent
3399 1815 3515 1888 (8);
3552 1824 3718 1879 autsi

2132 1904 2239 1945 non
2285 1902 2410 1947 sunt
2438 1895 2747 1962 constituta,
2779 1900 2923 1956 nulla
2967 1904 3072 1959 erit
3099 1898 3384 1978 reliquatio
3417 1921 3723 1983 temporum

2129 1994 2236 2035 non
2264 1985 2697 2043 constitutorum.
2732 1990 2920 2048 Adhuc
2965 1993 3158 2052 addam
3184 2016 3198 2052 :
3228 2014 3357 2057 ecce
3385 2003 3520 2059 obiit
3543 2006 3726 2078 (verbi

2126 2076 2329 2146 gratia)
2358 2077 2533 2155 infans
2560 2082 2662 2138 sub
2701 2084 2922 2141 uberum
2951 2086 3212 2161 fontibus,
3245 2105 3367 2162 puta
3397 2076 3558 2155 nunc
3583 2116 3718 2171 puer

2126 2166 2370 2238 iurestis,
2412 2183 2536 2241 puta
2576 2177 2864 2248 vesticeps,
2910 2180 3001 2250 qui
3043 2191 3223 2240 tamen
3255 2190 3524 2260 ocIOginta
3551 2208 3724 2250 annos

2126 2256 2364 2319 viclarus
2406 2264 2596 2323 fuisset
2639 2286 2651 2323 :
2687 2269 2786 2327 hos
2829 2286 3127 2345 prsereptos
3169 2288 3227 2333 ut
3269 2282 3448 2338 anima
3490 2284 3605 2355 ejus
3636 2287 3725 2344 hic

2126 2365 2243 2424 post
2269 2367 2495 2412 mortem
2529 2361 2803 2433 transigat,
2828 2365 2987 2435 quale
3015 2370 3138 2423 est?
3164 2369 3402 2430 Aitatem
3435 2376 3578 2432 enim
3612 2394 3726 2436 non

2123 2457 2299 2518 potest
2336 2465 2531 2523 capere
2574 2454 2690 2511 sine
2719 2471 2979 2526 corpore;
3024 2462 3148 2530 quia
3181 2478 3275 2533 per
3317 2480 3545 2538 corpora
3586 2485 3720 2541 ope-

2120 2553 2305 2599 rantur
2330 2553 2537 2601 :rtates.
2567 2546 2749 2605 Nostri
2781 2560 2960 2607 autem
2989 2552 3115 2608 illud
3146 2572 3360 2627 quoque
3399 2561 3717 2631 recogitent,

2121 2649 2351 2706 corpora
2379 2637 2571 2694 eadem
2613 2651 2924 2712 recepturas
2971 2645 3023 2698 in
3069 2651 3464 2707 resurrectione
3492 2653 3720 2720 animas,

2119 2727 2172 2782 in
2222 2728 2418 2798 quibus
2461 2730 2835 2790 decesserunt.
2868 2734 3030 2791 Iidem
3077 2752 3207 2810 ergo
3255 2742 3617 2811 sperabuntur
3658 2759 3714 2803 ct

2116 2834 2405 2891 corporum
2447 2823 2625 2890 modi,
2652 2822 2726 2898 (ι’)
2756 2834 2810 2881 et
2837 2826 3039 2883 easdem
3069 2838 3255 2907 anates
3280 2849 3401 2902 qua:
3430 2850 3713 2906 corporum

2117 2911 2306 2967 modos
2331 2912 2552 2970 faciunt.
2582 2915 2701 2983 Quo
2729 2913 2858 2986 crgo
2891 2928 3045 2986 pacto
3074 2930 3251 2989 potest
3279 2922 3496 2980 infantis
3535 2927 3714 2983 anima

2114 3003 2203 3060 hic
2231 3004 2526 3076 transigere
2563 3016 2825 3077 przcrepta
2855 3008 3136 3080 tempora',
3166 3021 3224 3067 ut
3251 3018 3592 3085 octogenaria
3621 3035 3712 3075 re-

2112 3110 2295 3171 surgat
2324 3100 2376 3154 in
2415 3115 2647 3173 corpore
2677 3102 2876 3158 mensis
2911 3105 3104 3159 unius?
3134 3107 3240 3161 Aut
3267 3108 3312 3162 si
3351 3107 3438 3165 hic
3480 3126 3706 3169 necesse

406 3179 544 3250 plius
566 3193 688 3235 cum
709 3179 802 3236 illo
820 3184 1223 3257 maceretur(d)
1250 3187 1573 3245 cnormitate
1612 3191 1785 3247 solatii
1816 3191 2002 3250 dolore
2039 3190 2084 3252 C
2118 3192 2221 3248 erit
2244 3207 2306 3247 ea
2329 3193 2790 3265 lemporaimplcri
2822 3209 2941 3266 qua:
2961 3193 3177 3252 fuerant
3199 3197 3483 3268 destinata,
3503 3218 3629 3258 nunt
3658 3214 3714 3261 ct

406 3274 620 3329 nutriti.
670 3273 747 3329 lta
792 3275 1044 3346 querelas
1089 3279 1284 3335 anima:
1316 3280 1598 3353 insepulta:
1622 3283 1689 3339 ad
1722 3295 2008 3357 utrumque

404 3365 662 3429 coniicit;
697 3375 755 3420 ut
776 3364 1028 3423 instantia
1056 3368 1279 3440 funeris,
1309 3382 1362 3428 et
1383 3371 1560 3430 honor
1584 3391 1870 3447 corporum
1899 3393 2009 3434 scr-

404 3466 582 3527 vetur,
609 3467 666 3515 et
687 3473 887 3516 oneror
906 3459 985 3532 (2)
1017 3461 1320 3520 adfcctmun
1343 3474 1690 3539 temperetur.
1715 3471 2002 3541 Caeterum,

400 3566 560 3622 quam
613 3566 812 3608 vanum
842 3562 901 3608 ut
922 3555 1099 3611 anima
1115 3560 1518 3630 corporisjusta
1549 3564 1833 3631 sustineat,
1852 3566 2003 3636 quasi

400 3640 602 3714 aliquid
627 3659 695 3699 ex
715 3642 821 3701 illis
837 3644 903 3701 ad
927 3645 1128 3704 inferos
1143 3650 1545 3709 avehat?Multo
1564 3656 1775 3721 vanius,
1792 3657 1836 3712 si
1864 3657 2003 3728 inju-

2112 3282 2356 3340 ordinem
2400 3286 2523 3341 vita:
2547 3302 2706 3358 quam
2739 3286 2821 3359 (9)
2848 3288 3036 3349 sortita
3058 3301 3181 3346 sunt
3214 3303 3452 3363 tempora
3502 3298 3705 3367 pariter

2109 3391 2231 3431 cum
2260 3374 2362 3430 illis
2388 3375 2477 3433 hic
2504 3376 2849 3445 destinatum,
2879 3380 3080 3450 pariter
3107 3380 3194 3437 hic
3217 3383 3395 3440 anima
3424 3386 3697 3454 deeurrct,

2110 3478 2166 3523 ut
2194 3476 2246 3524 et
2275 3467 2486 3524 studeat
2511 3468 2579 3523 ab
2608 3467 2848 3533 infantia,
2893 3472 3136 3542 pueritia:
3167 3473 3447 3545 delegata;
3479 3487 3531 3533 et
3562 3482 3703 3537 mili-

2109 3567 2189 3617 tet
2225 3560 2293 3617 ah
2335 3559 2716 3629 adolescentia,
2745 3560 2982 3631 juventze
3013 3563 3133 3636 (lO)
3173 3567 3439 3635 excitata;
3475 3578 3531 3625 ct
3574 3587 3705 3628 cen-

2107 3662 2223 3710 seat
2247 3670 2277 3710 a
2298 3654 2542 3724 juventa,
2588 3663 2824 3711 senecta:
2867 3656 3199 3728 ponderata;
3234 3669 3290 3716 et
3317 3662 3491 3719 loenus
3520 3669 3708 3738 capri-

1616 3763 1998 3823 LECTIONES
2040 3765 2450 3824 VARIANTES.

462 3849 537 3912 (l)
558 3848 850 3923 Qecesserit
875 3852 1156 3919 Venet.Rig.
1171 3854 1340 3920 Ctedlt,
1366 3870 1417 3906 n.
1438 3872 1488 3923 q.
1510 3861 1560 3909 iu
1584 3859 1671 3911 Ch.
1695 3861 2006 3916 decesserint

393 3913 542 3963 Pam.
567 3921 712 3963 Fran.
1107 3913 1129 3919 '
1326 3913 1337 3920 '
1455 3913 1473 3923 '

460 3974 534 4051 ςξ)
557 3973 793 4051 ﬂecteris
816 3974 968 4051 Rhegi.
996 3978 1103 4044 Rig.
1126 3980 1275 4031 Seml.
1311 3990 1427 4034 Ven.
1454 3984 1566 4047 cod.
1591 3985 1744 4051 Agob.

480 4034 534 4091 ὅ)
557 4034 836 4091 Deputatur
856 4035 961 4091 alii.

460 3976 514 4035 (2
557 3976 793 4025 Memoria
816 3976 968 4046 Rhegi.

480 4035 513 4084 ὅ
557 4034 633 4086 De
669 4045 836 4088 utatur
856 4035 961 4091 alti.

482 4098 512 4147 4
560 4050 728 4149 Mallet
749 4098 901 4151 Seml.

480 4159 512 4210 5
557 4158 829 4223 Imputatar
850 4166 985 4215 Por.’

480 4158 532 4223 5)
557 4158 829 4224 Imputatur
850 4166 1115 4216 Parium.

2195 3861 2247 3929 6)
2270 3862 2355 3929 Isti
2376 3863 2457 3929 hic
2476 3863 2598 3912 Jun.
2623 3864 2724 3929 Lat.

2194 3924 2246 3991 7)
2270 3924 2442 3991 βαλεῖς
2462 3939 2558 3988 qua
2575 3937 2685 3991 cum
2707 3927 2851 3976 Ρπηι.
2876 3925 3030 3980 Biton.

2168 3986 2241 4052 (’8)
2264 3986 2582 4052 Sustinentur
2603 3986 2714 4051 Rig.
2747 3996 2861 4038 re».

2165 4050 2238 4114 (9)
2263 4050 2384 4114 Quae
2412 4059 2525 4098 Ven.

2163 4110 2268 4177 (l0)
2289 4113 2502 4164 Juventa
2526 4110 2677 4165 then.
2700 4112 2840 4163 Pam.

1708 4312 1721 4325 ι
1783 4267 2379 4354 COMMENTARIUS.‘

390 4359 521 4441 lia‘ni
552 4362 816 4441 sententia
841 4362 1153 4421 discendum
1186 4356 1413 4437 videtur,
1437 4373 1621 4430 altaris
1640 4374 1856 4430 nomine
1868 4374 1974 4441 sig-

392 4431 601 4509 uilicari
626 4441 822 4509 terram
847 4444 1138 4509 martyrum
1167 4431 1425 4509 sanguine
1455 4446 1853 4500 cruentatamin
1875 4431 1988 4498 nio-
2011 4438 2067 4499 D

391 4500 523 4587 dum
550 4503 754 4587 altaris:
786 4500 1106 4587 llic—illic.
1133 4500 1304 4587 altare
1335 4512 1486 4578 illud,
1515 4516 1754 4587 cujus.lit
1785 4516 1989 4571 mentio

382 4573 621 4656 Appeal.
830 4577 1133 4646 paradisum
1176 4573 1599 4656 interpretatur;
1626 4588 1677 4642 in
1705 4603 1812 4656 quo
1842 4587 1989 4641 Solos

352 4670 359 4675 λ
392 4644 608 4727 videtur
636 4644 912 4737 collocare.
939 4660 1233 4737 martyres,
1274 4644 1496 4737 reliquis
1510 4644 2019 4737 “notreoucedens.

391 4715 721 4800 nisi-sinum
750 4718 1001 4774 Ahrahm.
1037 4715 1144 4800 tios
1170 4715 1469 4800 veroet'B.
1505 4725 1763 4800 Cyprian.
1793 4744 1879 4798 ep.
1915 4728 1990 4785 52

389 4786 466 4868 ait
491 4785 805 4872 :4::tonian._,
845 4791 1172 4872 martyribus
1216 4796 1409 4852 caelum
1429 4838 1445 4865 ,
1477 4785 1702 4872 reliquis
1733 4785 1989 4871 put-'gatu-

391 4857 463 4913 rii
489 4855 670 4913 locum
701 4855 1007 4916 tribuimus:
1039 4862 1176 4918 Pan.

465 4948 545 5023 (a)
578 4948 864 5037 Eerpetua.
887 4956 1167 5037 [omissima
1206 4972 1418 5037 martyr.
1472 4964 1771 5037 Perpetua,
1817 4967 1984 5034 impe-

391 5030 552 5078 rante
587 5022 810 5109 scvero,
930 5026 1121 5109 ﬁfrica
1156 5022 1471 5109 martyrium
1502 5022 1600 5109 pro
1632 5022 1828 5093 Christi
1882 5022 1988 5094 title

389 5106 552 5177 passa
576 5101 662 5148 est
695 5108 815 5177 cum
850 5094 1148 5177 Felicitate.
1208 5094 1598 5164 Fortitudinem
1655 5109 1708 5164 in
1761 5119 1986 5177 utraque

390 5164 625 5245 miratus
665 5174 752 5245 est
776 5166 835 5220 S.
878 5167 1269 5245 Augustinust
1295 5192 1451 5245 quem
1501 5179 1674 5235 adfert
1724 5164 1987 5236 Baronius

390 5233 462 5308 ad
488 5232 844 5308 Martyrolog.
886 5232 1188 5297 romanum.
1228 5232 1985 5307 Tertulliaiﬁium'subsertam

390 5304 594 5360 \ixisse
618 5304 668 5360 in
698 5304 951 5385 confesso
977 5322 1082 5385 est,
1117 5315 1301 5385 sicque
1329 5318 1457 5374 dum
1484 5304 1817 5377 beatissimos-
1840 5304 1986 5377 ius};

396 5384 550 5459 tyres
579 5379 850 5459 nominas,
883 5378 1001 5435 falsi
1030 5378 1317 5459 arguit'eos
1342 5390 1431 5459 qui
1462 5390 1563 5446 sub
1588 5390 1829 5449 Gallieno
1859 5408 1983 5447 eas-

440 5462 527 5501 em
554 5463 738 5515 passas
762 5449 924 5506 fuisse
951 5449 1211 5510 scribunt.
1235 5456 1314 5512 Le
1344 5449 1435 5516 l‘n.

473 5516 556 5592 (ρ)
584 5518 753 5592 Habes
783 5522 935 5592 etiam
960 5523 1022 5578 de
1046 5524 1302 5584 Paradiso
1320 5547 1359 5585 ἠ
1387 5532 1801 5592 nobislibcllum.
1834 5533 1985 5589 llunc

392 5589 460 5675 de
487 5588 749 5674 'Paradiso
788 5591 1022 5675 libellum
1065 5596 1245 5671 habuit
1285 5589 1561 5675 exemplar
1586 5588 1855 5674 Agobardi
1880 5588 1981 5660 an-

392 5670 608 5732 teq_uarn
636 5662 688 5717 in
723 5665 1042 5729 perniciales
1069 5668 1259 5725 manus
1287 5662 1580 5730 incidisset.
1606 5662 1730 5732 llic.

432 5776 437 5781 .
463 5729 618 5788 CAP.
641 5732 936 5807 _LVl.--(e)
978 5736 1274 5797 Secundum
1303 5729 1613 5802 homericnm
1643 5729 1979 5807 "Patroclum.

391 5799 566 5861 Locus
589 5803 656 5860 ad
677 5821 836 5873 quem
864 5799 1052 5863 alludit
1078 5815 1341 5880 reperitur
1360 5799 1514 5874 Iliad;

641 5897 1084 5985 Terrenum
1126 5904 1208 5969 ll.

2327 4375 2453 4414 enim
2475 4387 2520 4423 μι
2541 4372 2623 4411 ὅττι
2645 4372 2804 4424 τάχιστα
2828 4374 2945 4421 nam
2965 4372 3079 4416 αΐδιο
3101 4381 3259 4431 περήσω,

2343 4435 2443 4485 Τῆλι
2466 4451 2509 4487 ιιι
2532 4434 2707 4487 sip-{ouant
2730 4437 2841 4487 ψυχαὶ
2864 4434 2997 4476 ιῖδωλα
3020 4443 3221 4489 καμόντων.

2166 4513 2248 4586 (d)
2313 4508 2635 4592 Euormitate
2683 4506 2861 4592 solatii
2921 4511 3361 4592 datore__nu_triti.
3421 4518 3694 4592 Lugetnus

2093 4579 2434 4658 adén'iptum_,
2479 4591 2532 4658 et
2573 4589 2751 4658 tamen
2790 4579 3022 4658 adempti
3045 4583 3307 4658 reliquias
3332 4579 3570 4658 servar‘e,
3606 4579 3691 4650 in;

2094 4650 2529 4723 tuerifamplecti
2552 4691 2567 4714 ,
2593 4651 2823 4723 osculari
2847 4650 3018 4719 juvat.
3042 4651 3131 4709 Sic
3154 4650 3395 4713 dolorem
3424 4650 3691 4721 nutrimus

2092 4719 2441 4797 reliquiarum
2484 4722 2707 4797 ξυιυιὶοε
2741 4719 2845 4797 Sic
2883 4723 3149 4797 nutrimus
3187 4727 3439 4797 solatium
3478 4719 3687 4793 dolore.

2090 4791 2261 4855 Atrox
2292 4806 2346 4852 et
2378 4809 2600 4853 enorme
2628 4791 2902 4860 solatium,
2932 4794 3072 4861 quod
3104 4796 3205 4852 nisi
3225 4799 3407 4855 dolore
3431 4818 3533 4860 non
3557 4791 3690 4862 con-

2092 4879 2219 4926 stat.
2249 4866 2563 4939 Fulgentius
2594 4863 2885 4939 Mytholog.
2920 4880 2972 4919 ιε
3005 4863 3218 4939 Fecerat
3237 4871 3369 4924 enim
3398 4871 3513 4939 ille,
3552 4882 3689 4932 unde

2093 4941 2262 4997 luctus
2288 4935 2680 5015 resurrectione:
2709 4935 2898 5015 ξιξ-ἀίεις
2918 4937 3236 5015 acquireret,_
3254 4957 3354 4995 non
3375 4945 3430 4996 in
3450 4935 3549 5015 quo
3577 4950 3687 5002 luc-

2092 5022 2172 5068 tus
2196 5010 2435 5082 solutioni
2464 5007 2723 5082 inveniret.
2754 5005 2824 5060 Et
2842 5017 3027 5082 tamen
3061 5010 3329 5066 fatendum
3358 5005 3474 5082 est;
3507 5016 3684 5074 inesse

2090 5085 2322 5147 aliquam
2353 5081 2426 5154 _in
2467 5078 2724 5154 eo_luctt_t
2759 5076 3097 5154 _\'olnptatem
3123 5121 3139 5146 ,
3193 5084 3403 5152 qualem
3430 5076 3683 5154 exprimit

2091 5146 2324 5212 Achilles
2352 5149 2657 5207 Patroclum
2686 5146 3064 5205 delunctumin
3090 5146 3294 5209 somnis
3315 5146 3679 5227 amplectens:

2340 5283 2349 5291 .
2372 5282 2382 5291 .
2405 5281 2414 5290 .
2439 5282 2449 5290 .
2468 5250 2695 5299 Μινυυοάςιρ
2710 5249 2915 5301 inﬂauit
2938 5263 2980 5288 τι

2340 5308 2518 5362 itan
2532 5312 2655 5351 ὁλοοισ.»
2675 5311 2958 5364 τιοιρπὺμσοι
2973 5313 3087 5362 recte.
3242 5305 3353 5357 R16.

2162 5387 2238 5462 (ε)
2280 5383 2755 5462 Douec__t_-eliquatio
2796 5383 3126 5462 compleatur.
3176 5386 3464 5459 Eleganter
3493 5393 3679 5450 admo.

2088 5453 2429 5517 dunt'vocem
2459 5453 2601 5510 illam
2623 5453 3117 5522 jureconsnltorum
3153 5453 3427 5517 transtulit
3451 5465 3516 5519 ad
3549 5476 3676 5522 mta-

2090 5534 2157 5587 lis
2199 5529 2492 5593 residuum,
2542 5524 2686 5594 quod
2716 5522 3052 5580 desideratur
3093 5524 3145 5579 in
3179 5528 3460 5587 immatura
3506 5551 3679 5593 morte

2090 5597 2561 5675 prmveutis._Nam
2591 5613 2618 5648 a
2649 5594 2908 5675 Paulo,.l.
2940 5596 3344 5675 quipomigdbus
3384 5602 3455 5656 Β.
3489 5608 3553 5658 de
3578 5609 3677 5660 ad-

2088 5665 2212 5737 ium.
2242 5682 2287 5726 et
2316 5671 2472 5746 peric.
2500 5675 2649 5746 ἠπίη,
2690 5666 2950 5746 accipitur
2977 5665 3244 5746 reliqui-{tio
3273 5683 3370 5737 pro
3400 5690 3465 5728 eo
3492 5678 3633 5744 quod
3655 5717 3675 5744 ,

2088 5730 2384 5802 rationibus
2413 5730 2687 5802 deductis,
2718 5730 3112 5806 est'rcliquum'.
3146 5730 3281 5793 Pani

2156 5812 2225 5889 (Γ)
2277 5810 2343 5870 Et
2367 5809 2553 5869 ewdcm
2576 5816 2751 5866 (etate:
2779 5822 2893 5881 qua:
2927 5822 3217 5877 corporum.
3251 5806 3393 5863 Care
3423 5826 3490 5871 ne
3524 5822 3684 5885 putes

2861 5899 3394 5985 (Vingt-quatre.)

3317 4431 3442 4483 Pu.

3765 1180 3813 1216 οἵ

3816 1277 3879 1305 in“
3916 1286 3938 1311 ετ

2140 1252 2220 1297 tas
2259 1258 2498 1312 eousque
2546 1252 2724 1320 vagari
2777 1255 2936 1311 isthic
2980 1257 3092 1330 (6),
3126 1260 3300 1319 donec
3350 1268 3632 1338 reliquatio
3661 1273 3731 1343 (ι’)
3766 1267 3836 1332 εει
