4042 6288
400 207 503 269 747

1812 200 2273 265 TERTULLIANI

3589 208 3696 283 748

412 340 543 399 mat,
576 340 627 386 et
659 340 845 400 agrum
889 337 1095 399 urgeat,
1143 324 1376 399 naviget,
1404 322 1595 399 litiget,
1629 322 1814 391 nnbat,
1844 323 1997 380 Iabo-
2027 323 2080 384 A
2108 323 2231 379 Iutis
2281 324 2480 396 pariter
2543 324 2843 400 animatque
2900 326 3243 389 vastatrieem
3288 328 3566 387 scientiam
3614 328 3697 405 (6)

417 436 521 490 ret,
570 424 910 495 :rgritudines
960 422 1147 483 obeat;
1190 431 1245 475 et
1293 433 1644 490 qtttecumque
1693 418 1837 472 illam
1878 431 2001 471 cum

418 516 747 586 temporibus
781 514 1069 568 manebant
1114 513 1281 566 tristia
1314 527 1376 567 ac
1408 512 1571 565 beta?
1601 510 1704 565 Sed
1735 509 1847 564 Iure
1887 507 2005 564 sine

407 624 633 678 eoi-pore
650 607 918 677 quomodo
950 605 1435 677 transigentur?_vita
1451 605 1566 660 sine
1582 602 1710 658 vita?
1722 601 1828 658 Sed
1844 616 2004 656 vacua

415 711 573 757 erunt
615 711 876 768 tempora,
906 700 1022 755 solo
1053 698 1280 776 decursu
1318 695 1680 766 adimplenda.
1706 693 1841 762 Quid
1876 709 2007 764 ergo

416 793 656 863 prohibet
693 792 829 861 apud
865 792 1063 847 inferos
1094 809 1154 846 ea
1185 789 1423 860 impleri,
1456 789 1544 844 ubi
1574 788 1798 859 perinde
1826 786 2005 841 nullus

409 899 635 941 estusus
667 886 914 940 illorum?
937 884 1008 939 Ita
1029 885 1257 939 dicimus
1274 899 1487 939 omnem
1513 885 1766 948 animam,
1796 895 2007 952 quaqua

412 991 570 1035 actate
600 979 913 1041 decesserit,
950 979 999 1032 in
1047 995 1105 1031 ea
1150 987 1292 1031 stare
1337 977 1400 1029 ad
1447 992 1567 1029 cum
1616 975 1783 1038 diem,
1838 989 2007 1043 nsque

407 1090 512 1144 quo
542 1072 836 1144 perfectum
867 1071 995 1126 illud
1017 1071 1405 1142 repromittitur
1431 1069 1497 1124 ad
1553 1069 1808 1139 angelica:
1841 1067 2011 1137 pleni-

420 1166 619 1222 tudinis
650 1152 955 1221 mensurain
1001 1172 1375 1233 temperatura.
1413 1161 1640 1216 Proinde
1662 1175 1759 1232 nec
1789 1156 1868 1233 (I)
1913 1174 2009 1213 ex—

419 1270 593 1315 torres
642 1257 869 1314 inferum
926 1256 1283 1320 habebuntur,
1333 1271 1464 1325 quas
1509 1258 1558 1309 vi
1606 1262 1819 1324 ereptas
1867 1253 2012 1308 arbi-

416 1360 644 1416 trantur,
691 1350 957 1420 praicipue
1002 1365 1097 1419 per
1147 1348 1455 1402 atrocitates
1482 1345 1566 1420 ('2)
1604 1346 2008 1416 suppliciorum,

417 1448 593 1502 crucis
622 1446 765 1509 dico,
819 1456 869 1499 et
912 1445 1133 1507 securis,
1181 1451 1237 1498 et
1280 1442 1462 1513 gladii,
1500 1451 1554 1496 et
1595 1441 1759 1508 ferae;
1796 1456 1893 1495 nec
1923 1441 2008 1495 isti

418 1554 580 1608 porro
603 1540 778 1593 exitus
806 1537 1050 1598 violenti,
1098 1550 1231 1607 quos
1272 1534 1476 1607 justitia
1508 1536 1771 1607 decerpit,
1806 1534 2014 1589 violen—I

419 1634 504 1688 tiae
533 1630 748 1687 vindex.
786 1649 804 1679 ι
840 1629 902 1683 Et
931 1629 1072 1691 ideo,
1100 1628 1328 1698 inquies,
1364 1628 1608 1682 scelesta:
1637 1642 1863 1698 qua-que
1899 1627 2014 1680 ani-

2111 419 2321 488 magiae,
2369 420 2621 475 secundze
2665 423 2872 477 scilicet
2903 422 3241 489 idololatrian
3271 424 3321 478 iu
3353 440 3451 495 qua
3501 439 3565 479 se
3588 424 3701 481 daa-

2111 524 2302 565 mones
2342 511 2563 581 perinde
2610 522 2851 569 mortuos
2899 514 3123 585 lingunt,
3153 515 3605 585 quemadmodum
3649 515 3703 573 in

2114 602 2200 657 illa
2239 603 2391 660 deos.
2435 604 2669 674 Quidni?
2700 623 2820 662 cum
2855 618 2908 662 ct
2950 608 3023 664 dii
3074 613 3291 665 ntortui.
3328 612 3509 681 Itaque
3546 614 3704 669 invo-

2112 708 2304 754 cantur
2331 699 2549 771 quidem
2579 702 2691 756 aori
2722 713 2773 757 et
2806 702 3170 767 blIDOIlIlIIIall,
3204 704 3304 759 sub
3347 705 3437 760 illo
3461 706 3585 761 fidei
3614 722 3706 767 ar-

2111 799 2390 859 gumento,
2440 790 2580 862 quod
2629 792 2887 848 credibile
2935 793 3180 849 videatur
3222 811 3321 851 cas
3365 799 3704 865 potissimum

2114 883 2322 937 animas
2355 883 2421 939 ad
2465 885 2569 939 vim
2601 895 2653 940 et
2685 885 2933 955 iujuriam
2970 888 3168 956 lacere,
3214 905 3346 959 quas
3390 908 3483 959 per
3518 892 3624 946 vim
3655 901 3708 947 et

2114 988 2290 1029 smvus
2319 983 2374 1029 et
2420 975 2737 1031 immaturus
2778 976 2902 1032 finis
2931 960 3191 1045 extorsit,
3237 982 3385 1048 quasi
3416 981 3481 1035 ad
3539 982 3706 1037 vicem

2117 1065 2356 1122 oll'euszc.
2377 1066 2480 1123 Sed
2504 1067 2782 1124 dmmones
2805 1080 3095 1139 operantur
3116 1071 3218 1125 sub
3238 1072 3459 1126 obtentu
3490 1089 3706 1139 earnm;

2116 1168 2168 1211 et
2196 1158 2247 1211 hi
2281 1159 2361 1212 vel
2392 1162 2642 1239 maxime,
2673 1162 2761 1231 qui
2793 1161 2844 1215 in
2877 1161 3007 1232 ipsis
3042 1172 3167 1217 tunc
3198 1163 3409 1219 fuerunt
3445 1182 3574 1221 eum
3618 1167 3712 1221 ad-

2116 1251 2376 1315 viverent,
2408 1254 2604 1325 quique
2636 1254 2753 1317 illas
2803 1255 2856 1309 in
2887 1255 3190 1326 huiusmodi
3248 1259 3581 1329 impegerunt
3630 1259 3708 1334 (7)

2120 1347 2317 1402 exitus.
2349 1345 2506 1413 Nam,
2549 1357 2605 1404 et
2629 1348 2993 1419 suggessimus
3021 1351 3224 1404 nullum
3253 1367 3388 1421 pene
3435 1354 3707 1411 hominem

2118 1448 2304 1495 car‘ere
2332 1439 2625 1508 da'monio,
2650 1450 2702 1494 et
2731 1441 2974 1511 pluribus
3001 1454 3185 1497 notum
3209 1454 3287 1498 est
3322 1445 3708 1503 dmmoniornm

2118 1548 2331 1604 quoque
2352 1539 2512 1604 opera
2553 1543 2604 1587 et
2634 1534 2945 1590 immaturas
2966 1545 3017 1590 et
3050 1545 3259 1591 atroces
3290 1536 3429 1591 eftici
3487 1549 3707 1604 mortes,

2119 1639 2251 1694 quas
2297 1624 2599 1679 incursibus
2651 1625 2930 1696 deputant.
2985 1627 3133 1683 Hane
3177 1614 3711 1700 quoqtte'fallaciam

417 1742 518 1781 mre
546 1724 729 1780 inferis
756 1723 994 1778 exulant.
1030 1741 1047 1772 ι
1084 1720 1323 1776 Alterum
1355 1736 1483 1790 ergo
1511 1722 1813 1775 constituas
1853 1734 2005 1775 com-
2037 1718 2087 1779 B
2116 1716 2335 1789 Spiritus
2382 1733 2609 1787 nequam
2658 1720 2757 1773 sub
2784 1722 3028 1788 personis
3068 1720 3448 1776 defunctorum
3482 1723 3705 1779 delites-

416 1819 577 1889 pello,
606 1829 698 1871 aut
724 1818 892 1871 honos
926 1817 1147 1881 inferos,
1181 1824 1272 1868 aut
1299 1815 1490 1869 malos.
1523 1815 1577 1869 Si
1610 1813 1780 1869 malos
1807 1813 2003 1883 placet,

416 1924 471 1969 ct
505 1913 612 1985 jam
655 1910 978 1982 praecipitari
1020 1909 1146 1965 illuc
1176 1909 1370 1963 animm
1414 1910 1663 1979 pessima:
1705 1908 1922 1963 debent.
1954 1907 2011 1964 Si

420 2007 612 2072 bonos,
645 2021 742 2060 cur
789 2003 952 2065 idem,
1004 2003 1212 2056 animas
1260 2003 1592 2067 immaturas,
1637 2011 1692 2057 et
1736 2002 2008 2071 innuptas,

424 2115 522 2170 pro
548 2098 857 2155 conditione
890 2098 1062 2153 aetatis
1090 2112 1248 2167 puras
1278 2104 1335 2153 et
1365 2097 1642 2164 innocuas,
1684 2099 1897 2154 interim
1935 2097 2015 2154 di-

419 2206 549 2262 gnas
572 2188 758 2245 inferis
786 2206 890 2244 non
921 2188 1003 2261 (3)
1025 2187 1272 2256 iudicas?

997 2280 1222 2337 CAPUT
1263 2281 1419 2337 LVII.

493 2379 598 2432 Ant
624 2375 886 2445 Optimum
910 2382 993 2428 est
1015 2372 1100 2427 hic
1131 2373 1372 2435 retineri,
1401 2372 1480 2446 (τι)
1506 2373 1797 2430 secundum
1823 2389 2014 2440 aeros;

324 2510 331 2519 .
424 2479 516 2523 aut
545 2469 859 2538 pessimum.
892 2466 1185 2520 secundum
1219 2466 1629 2532 Iiitetitltztttatos,
1663 2476 1720 2521 ut
1749 2466 1877 2537 ipsis
1908 2467 2017 2536 jam

425 2561 702 2616 vocabulis
749 2572 899 2619 utar,
947 2558 1139 2626 quibus
1185 2557 1393 2612 auctrix
1441 2559 1749 2625 opinionum
1795 2561 2017 2616 istarum

424 2654 596 2723 magia
649 2662 824 2718 sonat,
882 2648 959 2723 (fl)
1016 2649 1277 2703 Hostanes
1306 2648 1385 2722 (4)
1436 2661 1489 2705 et
1528 2649 1795 2722 Typhon,
1848 2653 1920 2724 (ε)
1967 2664 2022 2708 et

424 2745 725 2807 Dardanus,
774 2753 827 2798 et
875 2743 1211 2811 Damigeron,
1258 2751 1312 2795 et
1355 2740 1622 2809 Nectabis,
1652 2752 1707 2797 et
1738 2743 2015 2801 Berenice.

423 2838 639 2894 Publica
677 2837 785 2907 jam
846 2835 1120 2890 literatura
1163 2844 1242 2889 est
1300 2832 1404 2907 (ες),
1447 2852 1565 2906 qua:
1619 2838 1823 2894 animas
1860 2840 2019 2895 etiam

368 2978 371 2981 .
420 2933 558 3001 justa
608 2939 763 2985 aetate
794 2929 1019 2999 sopitas,
1065 2929 1226 2983 etiam
1279 2934 1443 2998 proba
1490 2939 1661 2985 morte
1700 2931 2017 3003 disjnnctas,

421 3022 584 3077 etiam
616 3031 860 3092 prompta
891 3019 1206 3075 humatione
1232 3019 1561 3091 dispunctas,
1595 3034 1936 3078 evocatur-am
1962 3041 2020 3080 se

2117 1808 2310 1875 ceutis,
2358 1809 2459 1862 nisi
2511 1807 2686 1875 fallor,
2719 1810 2879 1864 etiam
2937 1811 3100 1866 rebus
3143 1813 3454 1882 probamus,
3493 1831 3619 1870 cum
3663 1817 3711 1870 in

2118 1900 2432 1956 exorcismis
2459 1901 2723 1956 interdum
2755 1902 2984 1974 aliquem
3018 1920 3075 1959 se
3103 1921 3167 1958 ex
3198 1908 3515 1975 parentibus
3548 1908 3712 1963 homi-

2120 2011 2239 2049 nem
2318 1995 2430 2050 suis
2485 1994 2565 2069 (8)
2634 1995 2900 2062 affirmat,
2979 1999 3246 2054 interdum
3319 2000 3714 2070 gladiatorem,

2120 2088 2204 2143 vel
2232 2087 2567 2155 bestiarium,
2601 2092 2738 2145 sicut
2766 2100 2817 2144 et
2861 2090 2986 2146 alibi
3018 2092 3210 2157 deum;
3255 2095 3383 2148 nihil
3417 2096 3593 2167 magis
3628 2111 3715 2152 cu-

2122 2198 2267 2243 rans,
2297 2197 2455 2251 quam
2489 2183 2590 2238 hoc
2620 2184 2790 2253 ipsum
2817 2184 3108 2242 excludere
3131 2187 3269 2258 quod
3318 2189 3676 2259 praedicamus
3696 2231 3710 2255 ,

2122 2294 2190 2334 ne
2228 2277 2385 2334 facile
2425 2279 2710 2335 credamus
2738 2281 2945 2334 animas
2985 2283 3262 2338 universas
3296 2284 3362 2337 ad
3392 2285 3601 2339 inferos
3633 2301 3713 2341 rc-

2121 2370 2250 2442 digi,
2303 2382 2361 2426 ut
2387 2372 2645 2443 etjudieii
2676 2384 2729 2427 et
2775 2375 3184 2429 resurreCtionis
3220 2376 3377 2430 fidem
3415 2378 3617 2432 turbet.
3651 2376 3718 2432 Et

2125 2475 2300 2519 tamen
2331 2465 2416 2519 ille
2457 2465 2665 2519 dmmon
2699 2474 2980 2536 postquam
3020 2467 3432 2524 circumstantes
3488 2470 3717 2529 circum-
3750 2506 3795 2516 η

2129 2560 2312 2613 venire
2358 2560 2598 2625 tentavit,
2653 2561 2904 2614 instantia
2946 2560 3140 2615 divinae
3188 2563 3374 2633 gratiae
3425 2564 3621 2630 victus,
3665 2562 3715 2619 id

2123 2651 2262 2721 quod
2293 2652 2345 2705 in
2379 2666 2506 2706 vero
2526 2661 2631 2717 est,
2659 2650 2856 2705 invitus
2879 2652 3186 2707 confitetur.
3220 2654 3309 2709 Sic
3331 2665 3384 2708 et
3415 2655 3471 2708 in
3503 2655 3591 2709 illa
3615 2652 3714 2709 alia

2124 2746 2302 2813 specie
2333 2746 2540 2815 magia),
2571 2761 2689 2814 qtae
2715 2745 2825 2814 jam
2863 2737 3203 2815 quiescentes
3237 2748 3443 2802 animas
3482 2747 3711 2802 evellere

2126 2838 2193 2891 ab
2225 2836 2409 2893 inferis
2449 2837 2689 2891 creditur
2716 2847 2770 2892 et
2794 2838 3107 2908 cetISpccttti
3148 2838 3425 2904 exhibere,
3465 2857 3570 2894 non
3610 2839 3709 2893 alia

2128 2932 2353 2986 fallaciae
2400 2932 2478 2986 vis
2521 2940 2605 2987 est
2643 2933 2932 3001 operatior.
2970 2932 3133 2987 Plane
3160 2934 3280 3002 quia
3313 2942 3368 2988 et
3398 2933 3713 3003 phantasma

2129 3036 2433 3097 praestatur,
2479 3026 2600 3097 quia
2652 3024 2733 3100 (9)
2774 3035 2829 3080 et
2865 3040 3061 3097 corpus
3099 3020 3417 3097 adlingitur;
3459 3043 3557 3083 nec
3602 3041 3713 3083 ma-

426 3115 494 3168 ah
543 3113 769 3168 inferum
803 3112 1040 3167 incolatu
1082 3111 1386 3182 pollicetur.
1432 3114 1570 3181 Quid
1615 3130 1743 3188 ergo
1782 3118 2023 3173 dicemus
2050 3109 2096 3172 C
2130 3134 2293 3191 gnum
2329 3119 2401 3172 illi
2432 3119 2729 3173 exteriores
2768 3118 2955 3173 oculos
2982 3118 3446 3184 circumscribere,
3478 3122 3563 3175 cui
3586 3120 3715 3175 inte-

424 3204 686 3273 magiam?
736 3202 887 3272 Quod
937 3218 1128 3259 omnes
1176 3219 1357 3275 pene:
1404 3205 1691 3263 fallaciam.
1735 3210 1840 3266 Sed
1884 3213 2020 3267 ratio

423 3296 643 3351 fallacia:
677 3293 758 3369 (ιι)
781 3295 933 3350 solos
962 3311 1065 3350 non
1101 3297 1234 3367 fugit
1262 3295 1617 3368 Christianos,
1642 3305 1729 3371 qui
1760 3304 2017 3373 spiritalia

426 3386 698 3459 nequitiac,
735 3402 839 3442 non
868 3386 1081 3458 quidem
1114 3389 1256 3442 socia
1285 3390 1641 3454 conscientia,
1671 3393 1765 3450 sed
1797 3394 2014 3453 inimica

426 3479 646 3538 scicntia
677 3480 947 3546 novimus,
980 3494 1079 3535 nec
1108 3480 1412 3537 invitatoria
1442 3485 1781 3553 operatione,
1808 3489 1900 3542 sed
1926 3506 2020 3545 ex-

430 3573 741 3643 pugnatoria
799 3570 1165 3626 dominatione
1233 3581 1563 3640 tractamus;
1637 3578 2018 3638 multiformem

426 3666 567 3721 luem
601 3665 794 3721 mentis
820 3664 1089 3730 humanae,
1116 3662 1188 3736 (e)
1218 3665 1379 3721 totius
1400 3667 1600 3724 erroris
1629 3671 1911 3744 artificem,
1935 3690 2021 3733 sa-

2125 3210 2322 3265 riorem
2353 3209 2546 3264 mentis
2577 3210 2744 3264 aciem
2763 3224 3038 3265 exerceare
3065 3209 3321 3279 perfacile
3345 3218 3449 3267 est.
3480 3213 3708 3281 Corpora

2127 3299 2357 3370 denique
2408 3298 2724 3355 videbantur
2767 3298 3042 3355 Pharaoni
3082 3311 3136 3355 ct
3176 3299 3452 3373 Aigyptiis
3484 3303 3708 3373 magica-

2127 3408 2242 3446 rum
2269 3392 2536 3461 virgarum
2563 3390 2847 3458 dracones,
2888 3392 2981 3447 sed
3010 3393 3175 3465 Moysi
3203 3391 3321 3465 (10)
3354 3396 3714 3451 veritasmcn-

2127 3485 2337 3539 dacium
2372 3484 2647 3539 devoravit
2675 3482 2693 3556 (
2720 3482 2915 3551 Exod.,
2949 3484 3039 3539 \"Il
3060 3484 3100 3557 ).
3133 3485 3294 3541 Multa
3326 3487 3513 3557 utique
3541 3497 3594 3542 et
3620 3486 3715 3542 ad-

2130 3593 2314 3634 versus
2344 3576 2631 3647 Apostolus
2658 3576 2842 3631 Simon
2871 3577 3020 3632 dedit
3069 3578 3113 3649 (I
3133 3577 3205 3649 l),
3237 3587 3288 3632 et
3335 3578 3552 3650 Elymas
3579 3577 3712 3650 magi

2125 3672 2302 3743 (Act.,
2350 3668 2536 3741 XIII);
2570 3669 2663 3724 sed
2712 3670 2860 3739 plaga
2904 3668 3158 3725 ca‘eitatis
3190 3669 3256 3725 de
3288 3656 3575 3742 prms'tigiis
3614 3684 3715 3725 non

1632 3783 2013 3851 LECTIONES
2050 3789 2466 3868 VARIANTES.

519 3900 562 3965 υ
587 3897 690 3965 lSee
711 3895 843 3965 obest
865 3908 896 3944 a
915 3896 1056 3965 Pani.
1073 3894 1232 3965 Erga.

515 3960 565 4023 "2)
586 3960 843 4023 Prgecipua
865 3961 1119 4023 atrocitate
1145 3959 1255 4023 Βίης
1286 3959 1581 4023 νεηκῦιιῃη.

513 4018 563 4083 5)
584 4018 812 4083 Indignas
835 4018 1336 4083 inferisjudicasthm.
1354 4018 1464 4083 Εἰς.
1500 4018 1615 4073 Pen.

516 4080 567 4140 4⁷)
588 4080 798 4133 Ostanes
820 4084 939 4129 Par.
963 4080 1066 4131 alii.

491 4140 561 4209 (ὃ)
584 4144 750 4209 l_.‘itera
776 4140 883 4206 Rig.
910 4152 1021 4209 φρει.

491 4204 563 4270 (6)
590 4204 908 4257 Vastatorem.
939 4204 1020 4255 Sic
1038 4207 1182 4255 etiam
1208 4205 1358 4256 Fran.
1386 4208 1527 4256 Pam.

2045 4196 2101 4255 D

2195 3906 2267 3967 (7)
2291 3904 2619 3968 Impegerant
2636 3908 2770 3950 Pam.
2797 3898 2947 3968 Rhein

2186 3959 2263 4032 ('8)'
2282 3959 2534 4032 Suilem,
2556 3960 2834 4032 Riten._suis
2857 3959 3111 4032 nigri/en.
3139 3964 3247 4013 cod.
3283 3963 3467 4016 Ii’onw.

2209 4026 2261 4095 9')
2288 4030 2409 4095 Quia
2431 4026 3046 4095 redttttdqt_.h_tn._prgestat
3071 4033 3124 4075 et
3154 4036 3190 4075 II
3211 4039 3335 4078 omo.

2216 4081 2493 4155 Imbioysis
2515 4087 2624 4155 _Rig.
2644 4087 2791 4155 Mpsis
2812 4081 3020 4138 S'entler.

2218 4148 2293 4211 ll)
2311 4148 2459 4204 Dedit
2476 4148 2607 4203 ubes't
2623 4166 2651 4202 α
2675 4148 2785 4215 Rig.
2817 4160 2928 4199 Ven.

1783 4314 2336 4381 COMMENTARIUS.

431 4436 817 4492 Tcrtullianum
845 4432 1081 4489 voluisse
1110 4432 1290 4506 dicere
1320 4429 1549 4506 infantes
1568 4448 1592 4506 ;Δ
1617 4431 1708 4487 scd
1734 4434 2014 4506 reliquum

435 4508 606 4562 :etatis
637 4506 982 4576 adimpletum
1013 4513 1137 4558 tunc
1167 4503 1453 4576 extiterunt
1492 4502 1649 4576 dicit,
1682 4504 1815 4560 adeo
1845 4502 1899 4560 ut
1929 4508 2013 4562 Iti-

435 4580 509 4634 hil
539 4594 567 4633 a
598 4572 887 4648 Theologis
928 4575 1232 4648 discrepare
1267 4572 1527 4637 videatur,
1562 4575 2016 4648 quiLresurrcctu-

436 4666 525 4705 ros
554 4644 1069 4705 homines'saueiant
1097 4644 1284 4699 eadem
1314 4654 1469 4699 artate
1499 4659 1601 4714 qua
1644 4644 1886 4703 Christus
1926 4664 2016 4705 re-

436 4722 686 4776 surrexit.
719 4720 824 4786 Qui
851 4719 1001 4780 creet,
1034 4715 1229 4774 claudi.
1262 4729 1325 4769 ac
1365 4714 1566 4770 debiles
1599 4715 1770 4781 fuere,
1802 4722 2014 4789 corpori

435 4792 670 4848 debitam
703 4789 1058 4862 integritatem
1089 4797 1385 4862 assumcnt,
1417 4792 1679 4862 eruntque
1708 4798 1831 4845 tunc
1859 4792 1909 4845 in
1952 4807 2018 4848 eo

435 4872 576 4918 statu
598 4878 755 4933 quem
784 4857 1114 4933 habuissent,
1143 4858 1185 4911 si
1220 4857 1523 4928 incorrupta
1555 4867 1607 4913 et
1636 4858 1836 4932 integra
1870 4877 2020 4918 man-

432 4935 591 4991 sisset
617 4931 819 4989 itatura.
853 4931 929 4987 LE
961 4931 1057 4988 PR.

505 5005 658 5062 CAP.
678 5004 833 5075 LVII.
857 5003 1017 5075 -—‘(a)
1044 4999 1337 5075 Secundum
1365 5016 1533 5066 aeros,
1553 5007 1657 5055 etc.
1680 5002 1807 5075 Aori
1843 5003 2022 5075 dicun-

441 5073 756 5151 IUI"(&aoRot)_
781 5075 868 5151 qui
909 5072 1079 5151 morte
1125 5072 1404 5126 immatura
1454 5081 1709 5151 pereunt;
1742 5073 2021 5151 _I}_i:e_otha-

444 5143 575 5209 nati;
595 5143 681 5218 qui
711 5143 941 5200 violenta
968 5161 980 5198 :
1005 5146 1104 5199 hoc
1130 5154 1307 5218 autem
1328 5143 1513 5218 mortis
1540 5158 1708 5213 genus
1741 5144 1816 5199 illi
1850 5146 2021 5201 Bizeo-

447 5214 646 5273 thanaii
676 5218 933 5286 Optimum
962 5215 1291 5286 asserebant.
1328 5214 1402 5268 Le
1433 5215 1525 5286 Ρη.

512 5288 592 5369 (1»)
620 5284 880 5369 ἸΙοριαηθδ
912 5284 1238 5369 ρίτῃρίιοηη
1268 5294 1371 5369 ειςζ
1407 5285 1668 5369 Ποεςξῃθε
1702 5286 2020 5369 ‘maggs’htit

438 5356 663 5429 insig'nis
692 5359 758 5412 de
793 5374 897 5428 quo
929 5356 1294 5429 Minntitts__in_
1324 5356 1465 5429 09L,
1495 5356 1649 5429 Plin.
1702 5356 1978 5429 IihQXXX
1998 5401 2013 5425 ,

431 5445 531 5498 cap
550 5426 607 5484 ’1
636 5447 651 5495 ;
680 5426 1004 5499 Augustinus
1042 5428 1130 5481 lib.
1166 5426 1228 5480 Vl
1262 5426 1324 5481 de
1354 5427 1612 5495 Baptismo
1639 5439 1812 5499 contra
1840 5427 2020 5483 Dona-

437 5497 582 5555 tistns
607 5515 723 5566 cap.
759 5497 853 5553 ult.
884 5516 895 5552 :
934 5498 1201 5567 Magorum
1231 5508 1393 5550 MIIIPII
1422 5499 1710 5569 prwcipuus
1742 5497 2013 5565 Hostanes,

437 5581 481 5623 et
529 5571 746 5639 fortnam
789 5571 893 5623 veri
927 5569 1017 5624 Dei
1046 5581 1192 5639 negat
1239 5572 1477 5641 conspici
1506 5584 1671 5641 posse,
1705 5571 2017 5641 etirrlngelos

435 5658 574 5696 veros
600 5642 706 5695 sedi
735 5642 845 5712 ejus
875 5642 996 5694 dicit
1039 5647 1288 5712 assistere.
1328 5639 1483 5711 Apud
1527 5640 1728 5712 Persas
1751 5639 2014 5712 Hostanes

435 5713 615 5784 Magos
643 5710 772 5769 oliui
799 5712 1092 5785 appellatos
1119 5711 1281 5771 refert
1307 5710 1655 5770 Pltavorimts.
1688 5710 1913 5787 Typhon
1942 5715 2012 5771 alo

2126 4450 2205 4494 ter
2234 4456 2419 4507 magns
2450 4455 2543 4495 sua
2574 4437 2811 4503 infamia,
2836 4439 2971 4494 sicut
2993 4441 3191 4501 exteri.
3225 4441 3456 4497 Celebris
3483 4460 3492 4496 :
3524 4443 3591 4499 de
3610 4442 3707 4497 hoc

2123 4510 2426 4567 Herodotus
2457 4512 2507 4565 in
2554 4511 2808 4582 Euterpe,
2838 4519 2891 4566 et
2921 4508 3177 4582 Synrsins
3210 4511 3301 4638 lllII.
3341 4514 3469 4639 Lpde
3497 4511 3702 4569 Prorid.

3288 4602 3338 4638 ιε
3412 4602 3462 4639 n.

3288 4602 3338 4638 4E
3371 4602 3462 4639 I’II.

2988 4644 3003 4665 ρ

2196 4674 2272 4749 (e)
2319 4674 2385 4730 Et
2418 4673 2691 4749 Dardanus
2720 4684 2765 4729 et
2798 4673 3123 4749 Damigeron,
3177 4688 3282 4731 etc.
3326 4679 3586 4733 Iiecensct
3622 4676 3703 4730 hic

2123 4745 2583 4803 nominatissimos
2633 4745 2686 4800 in
2736 4745 2963 4815 magicis
3000 4747 3264 4803 homines.
3304 4749 3533 4803 Dardani
3564 4763 3701 4802 men-

2127 4820 2324 4873 tionem
2376 4818 2587 4885 plurimi
2643 4816 2899 4871 faeinnt:
2963 4817 3215 4874 Clemens
3269 4820 3419 4874 Alex.
3479 4822 3528 4873 in
3585 4833 3700 4887 pro-

2124 4899 2316 4959 trept.;
2350 4888 2547 4944 Euseb.
2582 4887 2643 4952 II,
2694 4888 2757 4941 de
2810 4886 2983 4960 Prwp.
3008 4904 3025 4952 ;
3055 4891 3319 4945 Arnobius
3351 4892 3443 4945 Iib.
3474 4891 3526 4956 l;
3566 4892 3702 4957 Apu-

2127 4961 2259 5040 leius
2288 4961 2337 5014 in
2365 4961 2505 5031 apol.
2533 4960 2599 5013 ab
2626 4974 2691 5014 eo
2713 4960 2913 5040 magiea
2937 4976 3024 5040 ars
3046 4960 3455 5040 Dardardadiga
3481 4971 3579 5016 est.
3601 4961 3700 5040 So-

2125 5032 2266 5086 Iehat
2304 5041 2480 5085 autem
2522 5041 2638 5085 arte
2683 5032 2885 5099 magica
2937 5034 3125 5087 horrea
3173 5034 3463 5095 exinanire,
3520 5043 3572 5087 et
3599 5032 3699 5084 fru-

2126 5114 2301 5158 menta
2323 5104 2372 5156 in
2397 5117 2490 5155 sua
2520 5100 2763 5168 granaria
2796 5102 3082 5158 attrahere.
3123 5103 3484 5171 Damigerouis
3515 5100 3698 5157 memi-

2126 5177 2203 5229 nit
2235 5173 2500 5228 At'nobim
2529 5172 2620 5239 lib.
2646 5172 2689 5225 Ι.
2710 5202 2781 5212 -
2801 5171 3071 5240 Nectabis,
3100 5175 3232 5228 forte
3259 5175 3588 5230 Nectanchns
3609 5185 3698 5226 rex

2123 5246 2399 5316 :rgyptius.
2434 5273 2505 5283 —
2555 5245 2628 5299 De
2656 5243 2933 5309 Berenice,
2966 5262 3030 5296 :tu
3080 5246 3180 5310 vir,
3207 5264 3274 5300 an
3308 5246 3517 5302 fmmina
3551 5242 3698 5297 fuerit

2125 5318 2328 5379 nescio,
2380 5331 2551 5385 neque
2596 5316 2736 5369 enim
2787 5316 2950 5369 credo
2999 5316 3311 5371 Berenicent
3356 5319 3495 5371 illam
3542 5316 3695 5369 fuisse

2123 5396 2346 5442 matrem
2379 5386 2649 5441 Ptolemtci
2674 5385 3028 5456 Philadelphi.
3057 5387 3133 5442 Lr.
3165 5388 3260 5443 Ρη.

2120 5551 2154 5605 ι.
2191 5479 2271 5562 (d)
2296 5479 2448 5606 Slqlos
2476 5495 2578 5533 non
2608 5479 2736 5549 fugit
2756 5477 3094 5534 Christianos.
3118 5480 3257 5535 Solis
3282 5489 3403 5534 uota
3427 5488 3505 5535 est
3527 5476 3693 5533 Chris-
3762 5495 3766 5500 '

2142 5569 2295 5606 tants.
2379 5567 2446 5606 ιο.

2142 5569 2295 5607 llIfIIS.
2327 5567 2446 5607 HIG.

2298 5642 2475 5698 Totius
2492 5646 2681 5700 erroris
2718 5644 2987 5713 artiﬁcem,
3006 5652 3112 5698 etc.
3138 5641 3300 5713 Magia
3328 5642 3449 5698 ideo
3475 5639 3689 5719 infamis,

2225 5716 2517 5772 'tristianis
2548 5717 2817 5772 prohibita
2866 5723 3007 5772 tanta
3055 5714 3181 5772 olim
3224 5713 3538 5772 severitate.
3583 5723 3689 5772 nuta

2114 5723 2171 5772 et
2195 5714 2517 5773 Christianis
2548 5717 2817 5790 prohibita
2866 5723 3007 5775 tanta
3055 5714 3181 5773 olim
3224 5714 3538 5780 severitate,
3583 5714 3691 5786 quia
