  <div class='ocr_page' id='page_1' title='image "/cluster/home/n/w/nwhite01/storage/ocr_20150623/2/uva.x000669815/380.png"; bbox 0 0 4042 6288; ppageno 0'>
   <div class='ocr_carea' id='block_1_1' title="bbox 409 317 517 380">
    <p class='ocr_par' dir='ltr' id='par_1_1' title="bbox 409 317 517 380">
     <span class='ocr_line' id='line_1_1' title="bbox 409 317 517 380; baseline 0.019 -2"><span class='ocrx_word' id='word_1_1' title='bbox 409 317 517 380; x_wconf 69' lang='grc' dir='ltr'><strong>ἨΟ</strong></span> 
     </span>
    </p>
   </div>
   <div class='ocr_carea' id='block_1_2' title="bbox 1729 301 2329 370">
    <p class='ocr_par' dir='ltr' id='par_1_2' title="bbox 1729 301 2329 370">
     <span class='ocr_line' id='line_1_2' title="bbox 1729 301 2329 370; baseline -0.012 0"><span class='ocrx_word' id='word_1_2' title='bbox 1729 302 1931 370; x_wconf 74' lang='lat' dir='ltr'><strong>LIBER</strong></span> <span class='ocrx_word' id='word_1_3' title='bbox 1972 306 2058 368; x_wconf 82' lang='lat' dir='ltr'><strong>DE</strong></span> <span class='ocrx_word' id='word_1_4' title='bbox 2096 301 2329 368; x_wconf 66' lang='lat' dir='ltr'><strong>ANIMA.</strong></span> 
     </span>
    </p>
   </div>
   <div class='ocr_carea' id='block_1_3' title="bbox 3599 299 3772 366">
    <p class='ocr_par' dir='ltr' id='par_1_3' title="bbox 3599 299 3772 366">
     <span class='ocr_line' id='line_1_3' title="bbox 3599 299 3772 366; baseline -0.035 -3"><span class='ocrx_word' id='word_1_5' title='bbox 3599 299 3704 366; x_wconf 80' lang='lat'><strong>750</strong></span> <span class='ocrx_word' id='word_1_6' title='bbox 3767 352 3772 357; x_wconf 86' lang='lat'><strong><em>_</em></strong></span> 
     </span>
    </p>
   </div>
   <div class='ocr_carea' id='block_1_4' title="bbox 411 417 3685 506">
    <p class='ocr_par' dir='ltr' id='par_1_4' title="bbox 411 417 3685 506">
     <span class='ocr_line' id='line_1_4' title="bbox 411 417 3685 506; baseline -0.004 -13"><span class='ocrx_word' id='word_1_7' title='bbox 411 437 534 495; x_wconf 89' lang='lat' dir='ltr'><strong>fuit.</strong></span> <span class='ocrx_word' id='word_1_8' title='bbox 561 433 702 506; x_wconf 87' lang='lat' dir='ltr'><strong>Quid</strong></span> <span class='ocrx_word' id='word_1_9' title='bbox 729 434 850 493; x_wconf 80' lang='lat' dir='ltr'><strong>novi</strong></span> <span class='ocrx_word' id='word_1_10' title='bbox 869 428 1143 492; x_wconf 68' lang='lat' dir='ltr'><strong>aemulatio</strong></span> <span class='ocrx_word' id='word_1_11' title='bbox 1160 426 1450 490; x_wconf 86' lang='lat' dir='ltr'><strong>veritatisa</strong></span> <span class='ocrx_word' id='word_1_12' title='bbox 1475 428 1668 502; x_wconf 77' lang='lat' dir='ltr'><strong>Spiritu</strong></span> <span class='ocrx_word' id='word_1_13' title='bbox 1688 427 2001 485; x_wconf 83' lang='lat' dir='ltr'><strong>immundo?</strong></span> <span class='ocrx_word' id='word_1_14' title='bbox 2030 428 2076 488; x_wconf 82' lang='lat' dir='ltr'><strong>A</strong></span> <span class='ocrx_word' id='word_1_15' title='bbox 2109 425 2158 480; x_wconf 91' lang='lat' dir='ltr'><strong>in</strong></span> <span class='ocrx_word' id='word_1_16' title='bbox 2185 441 2406 494; x_wconf 86' lang='lat' dir='ltr'><strong>corpora</strong></span> <span class='ocrx_word' id='word_1_17' title='bbox 2442 423 2532 480; x_wconf 89' lang='lat' dir='ltr'><strong>Dei</strong></span> <span class='ocrx_word' id='word_1_18' title='bbox 2579 421 2765 489; x_wconf 84' lang='lat' dir='ltr'><strong>virtus,</strong></span> <span class='ocrx_word' id='word_1_19' title='bbox 2799 421 2850 479; x_wconf 87' lang='lat' dir='ltr'><strong>in</strong></span> <span class='ocrx_word' id='word_1_20' title='bbox 2881 417 3200 480; x_wconf 83' lang='lat' dir='ltr'><strong>documenta</strong></span> <span class='ocrx_word' id='word_1_21' title='bbox 3241 419 3380 494; x_wconf 80' lang='lat' dir='ltr'><strong>juris</strong></span> <span class='ocrx_word' id='word_1_22' title='bbox 3425 417 3529 486; x_wconf 87' lang='lat' dir='ltr'><strong>sui,</strong></span> <span class='ocrx_word' id='word_1_23' title='bbox 3577 441 3685 481; x_wconf 91' lang='lat' dir='ltr'><strong>non</strong></span> 
     </span>
    </p>
   </div>
   <div class='ocr_carea' id='block_1_5' title="bbox 408 526 2008 600">
    <p class='ocr_par' dir='ltr' id='par_1_5' title="bbox 408 526 2008 600">
     <span class='ocr_line' id='line_1_5' title="bbox 408 526 2008 600; baseline -0.008 -12"><span class='ocrx_word' id='word_1_24' title='bbox 408 531 552 588; x_wconf 85' lang='lat' dir='ltr'><strong>Ecce</strong></span> <span class='ocrx_word' id='word_1_25' title='bbox 602 529 761 585; x_wconf 90' lang='lat' dir='ltr'><strong>hodie</strong></span> <span class='ocrx_word' id='word_1_26' title='bbox 809 528 1051 598; x_wconf 87' lang='lat' dir='ltr'><strong>ejusdem</strong></span> <span class='ocrx_word' id='word_1_27' title='bbox 1083 527 1319 585; x_wconf 84' lang='lat' dir='ltr'><strong>Simonis</strong></span> <span class='ocrx_word' id='word_1_28' title='bbox 1362 526 1648 600; x_wconf 73' lang='lat' dir='ltr'><strong>hmreticos</strong></span> <span class='ocrx_word' id='word_1_29' title='bbox 1695 533 1838 578; x_wconf 87' lang='lat' dir='ltr'><strong>tanta</strong></span> <span class='ocrx_word' id='word_1_30' title='bbox 1873 539 2008 593; x_wconf 68' lang='lat' dir='ltr'><strong>prte-</strong></span> 
     </span>
    </p>
   </div>
   <div class='ocr_carea' id='block_1_6' title="bbox 408 615 2008 694">
    <p class='ocr_par' dir='ltr' id='par_1_6' title="bbox 408 615 2008 694">
     <span class='ocr_line' id='line_1_6' title="bbox 408 615 2008 694; baseline -0.007 -14"><span class='ocrx_word' id='word_1_31' title='bbox 408 623 650 694; x_wconf 88' lang='lat' dir='ltr'><strong>sumptio</strong></span> <span class='ocrx_word' id='word_1_32' title='bbox 677 621 808 675; x_wconf 84' lang='lat' dir='ltr'><strong>artis</strong></span> <span class='ocrx_word' id='word_1_33' title='bbox 835 621 1064 681; x_wconf 77' lang='lat' dir='ltr'><strong>extollit.</strong></span> <span class='ocrx_word' id='word_1_34' title='bbox 1100 631 1157 674; x_wconf 91' lang='lat' dir='ltr'><strong>ut</strong></span> <span class='ocrx_word' id='word_1_35' title='bbox 1186 619 1350 675; x_wconf 87' lang='lat' dir='ltr'><strong>etiam</strong></span> <span class='ocrx_word' id='word_1_36' title='bbox 1385 616 1768 689; x_wconf 70' lang='lat' dir='ltr'><strong>prophetarum</strong></span> <span class='ocrx_word' id='word_1_37' title='bbox 1800 615 2008 670; x_wconf 77' lang='lat' dir='ltr'><strong>animas</strong></span> 
     </span>
    </p>
   </div>
   <div class='ocr_carea' id='block_1_7' title="bbox 410 707 2004 781">
    <p class='ocr_par' dir='ltr' id='par_1_7' title="bbox 410 707 2004 781">
     <span class='ocr_line' id='line_1_7' title="bbox 410 707 2004 781; baseline -0.005 -12"><span class='ocrx_word' id='word_1_38' title='bbox 410 712 686 770; x_wconf 86' lang='lat' dir='ltr'><strong>ahinferis</strong></span> <span class='ocrx_word' id='word_1_39' title='bbox 713 727 938 767; x_wconf 76' lang='lat' dir='ltr'><strong>movere</strong></span> <span class='ocrx_word' id='word_1_40' title='bbox 967 725 1025 766; x_wconf 90' lang='lat' dir='ltr'><strong>se</strong></span> <span class='ocrx_word' id='word_1_41' title='bbox 1051 711 1373 781; x_wconf 70' lang='lat' dir='ltr'><strong>Sporttleaiit.</strong></span> <span class='ocrx_word' id='word_1_42' title='bbox 1408 709 1473 764; x_wconf 88' lang='lat' dir='ltr'><strong>Et</strong></span> <span class='ocrx_word' id='word_1_43' title='bbox 1502 709 1666 764; x_wconf 82' lang='lat' dir='ltr'><strong>credo</strong></span> <span class='ocrx_word' id='word_1_44' title='bbox 1690 707 1810 779; x_wconf 89' lang='lat' dir='ltr'><strong>quia</strong></span> <span class='ocrx_word' id='word_1_45' title='bbox 1851 721 2004 763; x_wconf 61' lang='lat' dir='ltr'><strong>men-</strong></span> 
     </span>
    </p>
   </div>
   <div class='ocr_carea' id='block_1_8' title="bbox 410 797 2003 876">
    <p class='ocr_par' dir='ltr' id='par_1_8' title="bbox 410 797 2003 876">
     <span class='ocr_line' id='line_1_8' title="bbox 410 797 2003 876; baseline -0.006 -16"><span class='ocrx_word' id='word_1_46' title='bbox 410 805 566 861; x_wconf 89' lang='lat' dir='ltr'><strong>dacio</strong></span> <span class='ocrx_word' id='word_1_47' title='bbox 585 814 806 876; x_wconf 74' lang='lat' dir='ltr'><strong>possunt</strong></span> <span class='ocrx_word' id='word_1_48' title='bbox 825 821 838 865; x_wconf 85' lang='lat'><strong>;</strong></span> <span class='ocrx_word' id='word_1_49' title='bbox 856 820 954 859; x_wconf 83' lang='lat' dir='ltr'><strong>nec</strong></span> <span class='ocrx_word' id='word_1_50' title='bbox 969 805 1110 858; x_wconf 87' lang='lat' dir='ltr'><strong>enim</strong></span> <span class='ocrx_word' id='word_1_51' title='bbox 1127 803 1414 874; x_wconf 78' lang='lat' dir='ltr'><strong>pythoaico</strong></span> <span class='ocrx_word' id='word_1_52' title='bbox 1429 810 1552 856; x_wconf 90' lang='lat' dir='ltr'><strong>tunc</strong></span> <span class='ocrx_word' id='word_1_53' title='bbox 1569 800 1775 870; x_wconf 78' lang='lat' dir='ltr'><strong>spiritui</strong></span> <span class='ocrx_word' id='word_1_54' title='bbox 1803 797 1879 870; x_wconf 77' lang='grc' dir='ltr'><strong>(η)</strong></span> <span class='ocrx_word' id='word_1_55' title='bbox 1903 799 1973 854; x_wconf 89' lang='lat' dir='ltr'><strong>mi</strong></span> <span class='ocrx_word' id='word_1_56' title='bbox 1988 826 2003 836; x_wconf 81' lang='lat'><strong>-</strong></span> 
     </span>
    </p>
   </div>
   <div class='ocr_carea' id='block_1_9' title="bbox 415 889 2004 967">
    <p class='ocr_par' dir='ltr' id='par_1_9' title="bbox 415 889 2004 967">
     <span class='ocr_line' id='line_1_9' title="bbox 415 889 2004 967; baseline -0.005 -13"><span class='ocrx_word' id='word_1_57' title='bbox 415 897 676 954; x_wconf 85' lang='lat' dir='ltr'><strong>nuslicuit</strong></span> <span class='ocrx_word' id='word_1_58' title='bbox 695 898 926 950; x_wconf 90' lang='lat' dir='ltr'><strong>animam</strong></span> <span class='ocrx_word' id='word_1_59' title='bbox 948 895 1211 951; x_wconf 80' lang='lat' dir='ltr'><strong>Samuelis</strong></span> <span class='ocrx_word' id='word_1_60' title='bbox 1225 893 1483 966; x_wconf 76' lang='lat' dir='ltr'><strong>effingere</strong></span> <span class='ocrx_word' id='word_1_61' title='bbox 1501 892 1548 967; x_wconf 84' lang='lat' dir='ltr'><strong>(I</strong></span> <span class='ocrx_word' id='word_1_62' title='bbox 1571 893 1718 964; x_wconf 63' lang='grc' dir='ltr'><strong>Περ..</strong></span> <span class='ocrx_word' id='word_1_63' title='bbox 1741 889 2004 962; x_wconf 66' lang='lat' dir='ltr'><strong>XXVIII),</strong></span> 
     </span>
    </p>
   </div>
   <div class='ocr_carea' id='block_1_10' title="bbox 413 985 2010 1064">
    <p class='ocr_par' dir='ltr' id='par_1_10' title="bbox 413 985 2010 1064">
     <span class='ocr_line' id='line_1_10' title="bbox 413 985 2010 1064; baseline -0.001 -24"><span class='ocrx_word' id='word_1_64' title='bbox 413 999 538 1064; x_wconf 79' lang='lat' dir='ltr'><strong>post</strong></span> <span class='ocrx_word' id='word_1_65' title='bbox 602 988 764 1042; x_wconf 86' lang='lat' dir='ltr'><strong>Deum</strong></span> <span class='ocrx_word' id='word_1_66' title='bbox 813 997 1052 1041; x_wconf 75' lang='lat' dir='ltr'><strong>Ittt‘tl‘lllOS</strong></span> <span class='ocrx_word' id='word_1_67' title='bbox 1093 987 1408 1042; x_wconf 69' lang='lat' dir='ltr'><strong>consulente</strong></span> <span class='ocrx_word' id='word_1_68' title='bbox 1451 985 1633 1041; x_wconf 88' lang='lat' dir='ltr'><strong>Saule.</strong></span> <span class='ocrx_word' id='word_1_69' title='bbox 1681 985 1832 1039; x_wconf 81' lang='lat' dir='ltr'><strong>Absit</strong></span> <span class='ocrx_word' id='word_1_70' title='bbox 1878 985 2010 1039; x_wconf 71' lang='lat' dir='ltr'><strong>aiio-</strong></span> 
     </span>
    </p>
   </div>
   <div class='ocr_carea' id='block_1_11' title="bbox 411 1077 2007 1152">
    <p class='ocr_par' dir='ltr' id='par_1_11' title="bbox 411 1077 2007 1152">
     <span class='ocr_line' id='line_1_11' title="bbox 411 1077 2007 1152; baseline -0.004 -15"><span class='ocrx_word' id='word_1_71' title='bbox 411 1081 544 1152; x_wconf 86' lang='lat' dir='ltr'><strong>qnin</strong></span> <span class='ocrx_word' id='word_1_72' title='bbox 600 1092 654 1134; x_wconf 92' lang='lat' dir='ltr'><strong>ut</strong></span> <span class='ocrx_word' id='word_1_73' title='bbox 699 1078 932 1134; x_wconf 83' lang='lat' dir='ltr'><strong>animam</strong></span> <span class='ocrx_word' id='word_1_74' title='bbox 977 1077 1262 1148; x_wconf 71' lang='lat' dir='ltr'><strong>etijinliliet</strong></span> <span class='ocrx_word' id='word_1_75' title='bbox 1308 1079 1500 1142; x_wconf 89' lang='lat' dir='ltr'><strong>sancti,</strong></span> <span class='ocrx_word' id='word_1_76' title='bbox 1543 1077 1740 1134; x_wconf 90' lang='lat' dir='ltr'><strong>nedum</strong></span> <span class='ocrx_word' id='word_1_77' title='bbox 1780 1077 2007 1147; x_wconf 87' lang='lat' dir='ltr'><strong>prophe-</strong></span> 
     </span>
    </p>
   </div>
   <div class='ocr_carea' id='block_1_12' title="bbox 411 1168 2008 1246">
    <p class='ocr_par' dir='ltr' id='par_1_12' title="bbox 411 1168 2008 1246">
     <span class='ocr_line' id='line_1_12' title="bbox 411 1168 2008 1246; baseline -0.004 -18"><span class='ocrx_word' id='word_1_78' title='bbox 411 1186 481 1228; x_wconf 69' lang='lat' dir='ltr'><strong>tae</strong></span> <span class='ocrx_word' id='word_1_79' title='bbox 511 1173 536 1246; x_wconf 85' lang='lat'>(</span> <span class='ocrx_word' id='word_1_80' title='bbox 569 1172 610 1228; x_wconf 95' lang='lat' dir='ltr'><strong>ll</strong></span> <span class='ocrx_word' id='word_1_81' title='bbox 649 1171 792 1237; x_wconf 65' lang='lat' dir='ltr'><strong>Con,</strong></span> <span class='ocrx_word' id='word_1_82' title='bbox 826 1168 956 1242; x_wconf 85' lang='lat' dir='ltr'><strong>XI),</strong></span> <span class='ocrx_word' id='word_1_83' title='bbox 993 1187 1022 1225; x_wconf 92' lang='lat' dir='ltr'><strong>a</strong></span> <span class='ocrx_word' id='word_1_84' title='bbox 1069 1170 1334 1227; x_wconf 72' lang='lat' dir='ltr'><strong>da-moiiio</strong></span> <span class='ocrx_word' id='word_1_85' title='bbox 1373 1171 1656 1226; x_wconf 79' lang='lat' dir='ltr'><strong>credamus</strong></span> <span class='ocrx_word' id='word_1_86' title='bbox 1690 1179 2008 1234; x_wconf 77' lang='lat' dir='ltr'><strong>extractam,</strong></span> 
     </span>
    </p>
   </div>
   <div class='ocr_carea' id='block_1_13' title="bbox 409 1263 1976 1338">
    <p class='ocr_par' dir='ltr' id='par_1_13' title="bbox 409 1263 1976 1338">
     <span class='ocr_line' id='line_1_13' title="bbox 409 1263 1976 1338; baseline -0.004 -14"><span class='ocrx_word' id='word_1_87' title='bbox 409 1267 591 1324; x_wconf 77' lang='lat' dir='ltr'><strong>cdocti</strong></span> <span class='ocrx_word' id='word_1_88' title='bbox 615 1265 756 1338; x_wconf 90' lang='lat' dir='ltr'><strong>quod</strong></span> <span class='ocrx_word' id='word_1_89' title='bbox 794 1267 912 1336; x_wconf 88' lang='lat' dir='ltr'><strong>ipse</strong></span> <span class='ocrx_word' id='word_1_90' title='bbox 943 1265 1170 1321; x_wconf 79' lang='lat' dir='ltr'><strong>Satanas</strong></span> <span class='ocrx_word' id='word_1_91' title='bbox 1229 1263 1312 1337; x_wconf 91' lang='lat' dir='ltr'><strong>(Il</strong></span> <span class='ocrx_word' id='word_1_92' title='bbox 1359 1263 1564 1327; x_wconf 58' lang='lat' dir='ltr'><strong>Thess,</strong></span> <span class='ocrx_word' id='word_1_93' title='bbox 1599 1263 1674 1336; x_wconf 95' lang='lat' dir='ltr'><strong>ll)</strong></span> <span class='ocrx_word' id='word_1_94' title='bbox 1721 1264 1976 1334; x_wconf 77' lang='lat' dir='ltr'><strong>transfigit</strong></span> 
     </span>
    </p>
   </div>
   <div class='ocr_carea' id='block_1_14' title="bbox 409 1355 2008 1423">
    <p class='ocr_par' dir='ltr' id='par_1_14' title="bbox 409 1355 2008 1423">
     <span class='ocr_line' id='line_1_14' title="bbox 409 1355 2008 1423; baseline -0.003 -9"><span class='ocrx_word' id='word_1_95' title='bbox 409 1371 562 1414; x_wconf 88' lang='lat' dir='ltr'><strong>retur</strong></span> <span class='ocrx_word' id='word_1_96' title='bbox 607 1357 659 1412; x_wconf 91' lang='lat' dir='ltr'><strong>in</strong></span> <span class='ocrx_word' id='word_1_97' title='bbox 704 1358 952 1423; x_wconf 76' lang='lat' dir='ltr'><strong>angelum</strong></span> <span class='ocrx_word' id='word_1_98' title='bbox 1001 1357 1156 1420; x_wconf 78' lang='lat' dir='ltr'><strong>locis,</strong></span> <span class='ocrx_word' id='word_1_99' title='bbox 1213 1356 1408 1412; x_wconf 84' lang='lat' dir='ltr'><strong>nedum</strong></span> <span class='ocrx_word' id='word_1_100' title='bbox 1461 1357 1513 1410; x_wconf 90' lang='lat' dir='ltr'><strong>in</strong></span> <span class='ocrx_word' id='word_1_101' title='bbox 1558 1355 1831 1410; x_wconf 78' lang='lat' dir='ltr'><strong>hominem</strong></span> <span class='ocrx_word' id='word_1_102' title='bbox 1873 1355 2008 1411; x_wconf 90' lang='lat' dir='ltr'><strong>lucis</strong></span> 
     </span>
    </p>
   </div>
   <div class='ocr_carea' id='block_1_15' title="bbox 411 1447 2008 1521">
    <p class='ocr_par' dir='ltr' id='par_1_15' title="bbox 411 1447 2008 1521">
     <span class='ocr_line' id='line_1_15' title="bbox 411 1447 2008 1521; baseline -0.001 -19"><span class='ocrx_word' id='word_1_103' title='bbox 411 1448 662 1521; x_wconf 61' lang='lat' dir='ltr'><strong>(Man/1.,</strong></span> <span class='ocrx_word' id='word_1_104' title='bbox 712 1447 944 1520; x_wconf 79' lang='lat' dir='ltr'><strong>XXIV),</strong></span> <span class='ocrx_word' id='word_1_105' title='bbox 993 1450 1155 1503; x_wconf 88' lang='lat' dir='ltr'><strong>etiam</strong></span> <span class='ocrx_word' id='word_1_106' title='bbox 1188 1449 1350 1502; x_wconf 89' lang='lat' dir='ltr'><strong>deum</strong></span> <span class='ocrx_word' id='word_1_107' title='bbox 1396 1462 1456 1502; x_wconf 90' lang='lat' dir='ltr'><strong>se</strong></span> <span class='ocrx_word' id='word_1_108' title='bbox 1496 1447 1915 1504; x_wconf 89' lang='lat' dir='ltr'><strong>adseveraturus</strong></span> <span class='ocrx_word' id='word_1_109' title='bbox 1953 1449 2008 1502; x_wconf 87' lang='lat' dir='ltr'><strong>in</strong></span> 
     </span>
    </p>
   </div>
   <div class='ocr_carea' id='block_1_16' title="bbox 412 1537 2008 1612">
    <p class='ocr_par' dir='ltr' id='par_1_16' title="bbox 412 1537 2008 1612">
     <span class='ocr_line' id='line_1_16' title="bbox 412 1537 2008 1612; baseline -0.001 -17"><span class='ocrx_word' id='word_1_110' title='bbox 412 1540 522 1595; x_wconf 80' lang='lat' dir='ltr'><strong>Iino</strong></span> <span class='ocrx_word' id='word_1_111' title='bbox 558 1537 660 1612; x_wconf 90' lang='lat' dir='ltr'><strong>(I),</strong></span> <span class='ocrx_word' id='word_1_112' title='bbox 714 1541 970 1611; x_wconf 85' lang='lat' dir='ltr'><strong>signaque</strong></span> <span class='ocrx_word' id='word_1_113' title='bbox 999 1542 1389 1610; x_wconf 88' lang='lat' dir='ltr'><strong>portentosiora</strong></span> <span class='ocrx_word' id='word_1_114' title='bbox 1432 1540 1693 1606; x_wconf 88' lang='lat' dir='ltr'><strong>editurus,</strong></span> <span class='ocrx_word' id='word_1_115' title='bbox 1738 1539 1802 1595; x_wconf 87' lang='lat' dir='ltr'><strong>ad</strong></span> <span class='ocrx_word' id='word_1_116' title='bbox 1854 1555 2008 1596; x_wconf 87' lang='lat' dir='ltr'><strong>ever-</strong></span> 
     </span>
    </p>
   </div>
   <div class='ocr_carea' id='block_1_17' title="bbox 411 1631 2010 1701">
    <p class='ocr_par' dir='ltr' id='par_1_17' title="bbox 411 1631 2010 1701">
     <span class='ocr_line' id='line_1_17' title="bbox 411 1631 2010 1701; baseline 0.001 -15"><span class='ocrx_word' id='word_1_117' title='bbox 411 1631 625 1696; x_wconf 86' lang='lat' dir='ltr'><strong>temlos,</strong></span> <span class='ocrx_word' id='word_1_118' title='bbox 647 1631 689 1685; x_wconf 91' lang='lat' dir='ltr'><strong>si</strong></span> <span class='ocrx_word' id='word_1_119' title='bbox 713 1631 824 1688; x_wconf 81' lang='lat' dir='ltr'><strong>fieri</strong></span> <span class='ocrx_word' id='word_1_120' title='bbox 859 1633 1044 1701; x_wconf 63' lang='lat' dir='ltr'><strong>possit,</strong></span> <span class='ocrx_word' id='word_1_121' title='bbox 1068 1632 1290 1686; x_wconf 82' lang='lat' dir='ltr'><strong>electos.</strong></span> <span class='ocrx_word' id='word_1_122' title='bbox 1315 1631 1600 1692; x_wconf 84' lang='lat' dir='ltr'><strong>Dubitavit.</strong></span> <span class='ocrx_word' id='word_1_123' title='bbox 1631 1634 1675 1687; x_wconf 98' lang='lat' dir='ltr'><strong>si</strong></span> <span class='ocrx_word' id='word_1_124' title='bbox 1701 1633 1860 1696; x_wconf 87' lang='lat' dir='ltr'><strong>forte,</strong></span> <span class='ocrx_word' id='word_1_125' title='bbox 1883 1644 2010 1688; x_wconf 92' lang='lat' dir='ltr'><strong>tunc</strong></span> 
     </span>
    </p>
   </div>
   <div class='ocr_carea' id='block_1_18' title="bbox 412 1722 2009 1795">
    <p class='ocr_par' dir='ltr' id='par_1_18' title="bbox 412 1722 2009 1795">
     <span class='ocr_line' id='line_1_18' title="bbox 412 1722 2009 1795; baseline 0.003 -21"><span class='ocrx_word' id='word_1_126' title='bbox 412 1723 727 1792; x_wconf 70' lang='lat' dir='ltr'><strong>prophetam</strong></span> <span class='ocrx_word' id='word_1_127' title='bbox 753 1738 812 1777; x_wconf 86' lang='lat' dir='ltr'><strong>se</strong></span> <span class='ocrx_word' id='word_1_128' title='bbox 846 1722 938 1776; x_wconf 76' lang='lat' dir='ltr'><strong>Dei</strong></span> <span class='ocrx_word' id='word_1_129' title='bbox 959 1738 1292 1786; x_wconf 69' lang='lat' dir='ltr'><strong>asseverare,</strong></span> <span class='ocrx_word' id='word_1_130' title='bbox 1319 1732 1372 1776; x_wconf 85' lang='lat' dir='ltr'><strong>et</strong></span> <span class='ocrx_word' id='word_1_131' title='bbox 1403 1724 1589 1794; x_wconf 90' lang='lat' dir='ltr'><strong>utique</strong></span> <span class='ocrx_word' id='word_1_132' title='bbox 1619 1724 1788 1789; x_wconf 82' lang='lat' dir='ltr'><strong>Sauli,</strong></span> <span class='ocrx_word' id='word_1_133' title='bbox 1824 1725 1874 1777; x_wconf 90' lang='lat' dir='ltr'><strong>in</strong></span> <span class='ocrx_word' id='word_1_134' title='bbox 1903 1741 2009 1795; x_wconf 89' lang='lat' dir='ltr'><strong>quo</strong></span> 
     </span>
    </p>
   </div>
   <div class='ocr_carea' id='block_1_19' title="bbox 2112 508 3700 587">
    <p class='ocr_par' dir='ltr' id='par_1_19' title="bbox 2112 508 3700 587">
     <span class='ocr_line' id='line_1_19' title="bbox 2112 508 3700 587; baseline 0 -16"><span class='ocrx_word' id='word_1_135' title='bbox 2112 516 2310 572; x_wconf 86' lang='lat' dir='ltr'><strong>ideirco</strong></span> <span class='ocrx_word' id='word_1_136' title='bbox 2337 517 2819 574; x_wconf 89' lang='lat' dir='ltr'><strong>communicabitur</strong></span> <span class='ocrx_word' id='word_1_137' title='bbox 2845 516 2966 571; x_wconf 86' lang='lat' dir='ltr'><strong>fidei</strong></span> <span class='ocrx_word' id='word_1_138' title='bbox 2987 559 3000 580; x_wconf 90' lang='lat'><strong>,</strong></span> <span class='ocrx_word' id='word_1_139' title='bbox 3032 525 3085 572; x_wconf 85' lang='lat' dir='ltr'><strong>et</strong></span> <span class='ocrx_word' id='word_1_140' title='bbox 3106 508 3354 571; x_wconf 66' lang='lat' dir='ltr'><strong>audaciae</strong></span> <span class='ocrx_word' id='word_1_141' title='bbox 3399 529 3700 587; x_wconf 80' lang='lat' dir='ltr'><strong>magorum,</strong></span> 
     </span>
    </p>
   </div>
   <div class='ocr_carea' id='block_1_20' title="bbox 2065 609 3700 680">
    <p class='ocr_par' dir='ltr' id='par_1_20' title="bbox 2065 609 3700 680">
     <span class='ocr_line' id='line_1_20' title="bbox 2065 609 3700 680; baseline -0.002 -15"><span class='ocrx_word' id='word_1_142' title='bbox 2065 655 2070 658; x_wconf 91' lang='lat'><strong>.</strong></span> <span class='ocrx_word' id='word_1_143' title='bbox 2111 619 2166 665; x_wconf 89' lang='lat' dir='ltr'><strong>et</strong></span> <span class='ocrx_word' id='word_1_144' title='bbox 2196 609 2411 666; x_wconf 70' lang='lat' dir='ltr'><strong>fallacia:</strong></span> <span class='ocrx_word' id='word_1_145' title='bbox 2437 611 2794 675; x_wconf 82' lang='lat' dir='ltr'><strong>somniorum,</strong></span> <span class='ocrx_word' id='word_1_146' title='bbox 2823 618 2878 664; x_wconf 89' lang='lat' dir='ltr'><strong>et</strong></span> <span class='ocrx_word' id='word_1_147' title='bbox 2900 609 3128 666; x_wconf 66' lang='lat' dir='ltr'><strong>licentia:</strong></span> <span class='ocrx_word' id='word_1_148' title='bbox 3153 617 3456 679; x_wconf 87' lang='lat' dir='ltr'><strong>poetarum.</strong></span> <span class='ocrx_word' id='word_1_149' title='bbox 3501 609 3700 680; x_wconf 80' lang='lat' dir='ltr'><strong>Atquin</strong></span> 
     </span>
    </p>
   </div>
   <div class='ocr_carea' id='block_1_21' title="bbox 2113 700 3706 770">
    <p class='ocr_par' dir='ltr' id='par_1_21' title="bbox 2113 700 3706 770">
     <span class='ocr_line' id='line_1_21' title="bbox 2113 700 3706 770; baseline -0.002 -14"><span class='ocrx_word' id='word_1_150' title='bbox 2113 701 2165 756; x_wconf 89' lang='lat' dir='ltr'><strong>in</strong></span> <span class='ocrx_word' id='word_1_151' title='bbox 2199 701 2611 756; x_wconf 82' lang='lat' dir='ltr'><strong>resurrectionis</strong></span> <span class='ocrx_word' id='word_1_152' title='bbox 2636 701 2920 770; x_wconf 77' lang='lat' dir='ltr'><strong>exemplis,</strong></span> <span class='ocrx_word' id='word_1_153' title='bbox 2959 715 3079 754; x_wconf 89' lang='lat' dir='ltr'><strong>cum</strong></span> <span class='ocrx_word' id='word_1_154' title='bbox 3114 700 3210 755; x_wconf 89' lang='lat' dir='ltr'><strong>Dei</strong></span> <span class='ocrx_word' id='word_1_155' title='bbox 3244 701 3435 767; x_wconf 73' lang='lat' dir='ltr'><strong>virtus,</strong></span> <span class='ocrx_word' id='word_1_156' title='bbox 3464 701 3580 755; x_wconf 89' lang='lat' dir='ltr'><strong>sive</strong></span> <span class='ocrx_word' id='word_1_157' title='bbox 3608 715 3706 770; x_wconf 84' lang='lat' dir='ltr'><strong>per</strong></span> 
     </span>
    </p>
   </div>
   <div class='ocr_carea' id='block_1_22' title="bbox 2115 791 3698 864">
    <p class='ocr_par' dir='ltr' id='par_1_22' title="bbox 2115 791 3698 864">
     <span class='ocr_line' id='line_1_22' title="bbox 2115 791 3698 864; baseline -0.001 -17"><span class='ocrx_word' id='word_1_158' title='bbox 2115 792 2430 862; x_wconf 77' lang='lat' dir='ltr'><strong>Prophetas,</strong></span> <span class='ocrx_word' id='word_1_159' title='bbox 2464 793 2577 848; x_wconf 84' lang='lat' dir='ltr'><strong>sive</strong></span> <span class='ocrx_word' id='word_1_160' title='bbox 2621 808 2714 864; x_wconf 88' lang='lat' dir='ltr'><strong>per</strong></span> <span class='ocrx_word' id='word_1_161' title='bbox 2740 791 3036 857; x_wconf 70' lang='lat' dir='ltr'><strong>Christum,</strong></span> <span class='ocrx_word' id='word_1_162' title='bbox 3070 793 3184 846; x_wconf 82' lang='lat' dir='ltr'><strong>sive</strong></span> <span class='ocrx_word' id='word_1_163' title='bbox 3209 807 3304 862; x_wconf 88' lang='lat' dir='ltr'><strong>per</strong></span> <span class='ocrx_word' id='word_1_164' title='bbox 3330 792 3619 863; x_wconf 85' lang='lat' dir='ltr'><strong>Apostolos</strong></span> <span class='ocrx_word' id='word_1_165' title='bbox 3647 794 3698 847; x_wconf 85' lang='lat' dir='ltr'><strong>in</strong></span> 
     </span>
    </p>
   </div>
   <div class='ocr_carea' id='block_1_23' title="bbox 2111 883 3700 956">
    <p class='ocr_par' dir='ltr' id='par_1_23' title="bbox 2111 883 3700 956">
     <span class='ocr_line' id='line_1_23' title="bbox 2111 883 3700 956; baseline -0.001 -16"><span class='ocrx_word' id='word_1_166' title='bbox 2111 899 2336 956; x_wconf 85' lang='lat' dir='ltr'><strong>corpora</strong></span> <span class='ocrx_word' id='word_1_167' title='bbox 2363 886 2570 940; x_wconf 89' lang='lat' dir='ltr'><strong>animas</strong></span> <span class='ocrx_word' id='word_1_168' title='bbox 2593 893 2972 956; x_wconf 67' lang='lat' dir='ltr'><strong>reprresentat,</strong></span> <span class='ocrx_word' id='word_1_169' title='bbox 3015 883 3191 940; x_wconf 85' lang='lat' dir='ltr'><strong>solida</strong></span> <span class='ocrx_word' id='word_1_170' title='bbox 3219 894 3273 940; x_wconf 90' lang='lat' dir='ltr'><strong>et</strong></span> <span class='ocrx_word' id='word_1_171' title='bbox 3297 885 3665 941; x_wconf 88' lang='lat' dir='ltr'><strong>contrectabili</strong></span> <span class='ocrx_word' id='word_1_172' title='bbox 3684 925 3700 948; x_wconf 90' lang='lat'><strong>,</strong></span> 
     </span>
    </p>
   </div>
   <div class='ocr_carea' id='block_1_24' title="bbox 2112 976 3705 1048">
    <p class='ocr_par' dir='ltr' id='par_1_24' title="bbox 2112 976 3705 1048">
     <span class='ocr_line' id='line_1_24' title="bbox 2112 976 3705 1048; baseline 0 -16"><span class='ocrx_word' id='word_1_173' title='bbox 2112 988 2165 1032; x_wconf 87' lang='lat' dir='ltr'><strong>et</strong></span> <span class='ocrx_word' id='word_1_174' title='bbox 2192 977 2382 1034; x_wconf 86' lang='lat' dir='ltr'><strong>satiata</strong></span> <span class='ocrx_word' id='word_1_175' title='bbox 2414 977 2658 1042; x_wconf 77' lang='lat' dir='ltr'><strong>veritate,</strong></span> <span class='ocrx_word' id='word_1_176' title='bbox 2694 976 3101 1048; x_wconf 72' lang='lat' dir='ltr'><strong>przejudicatum</strong></span> <span class='ocrx_word' id='word_1_177' title='bbox 3149 987 3232 1032; x_wconf 91' lang='lat' dir='ltr'><strong>est</strong></span> <span class='ocrx_word' id='word_1_178' title='bbox 3279 977 3422 1032; x_wconf 91' lang='lat' dir='ltr'><strong>hanc</strong></span> <span class='ocrx_word' id='word_1_179' title='bbox 3443 993 3563 1032; x_wconf 85' lang='lat' dir='ltr'><strong>esse</strong></span> <span class='ocrx_word' id='word_1_180' title='bbox 3591 977 3705 1032; x_wconf 78' lang='lat' dir='ltr'><strong>for-</strong></span> 
     </span>
    </p>
   </div>
   <div class='ocr_carea' id='block_1_25' title="bbox 2114 1071 3704 1134">
    <p class='ocr_par' dir='ltr' id='par_1_25' title="bbox 2114 1071 3704 1134">
     <span class='ocr_line' id='line_1_25' title="bbox 2114 1071 3704 1134; baseline 0.002 -11"><span class='ocrx_word' id='word_1_181' title='bbox 2114 1085 2256 1124; x_wconf 90' lang='lat' dir='ltr'><strong>mam</strong></span> <span class='ocrx_word' id='word_1_182' title='bbox 2289 1071 2550 1134; x_wconf 83' lang='lat' dir='ltr'><strong>veritatis,</strong></span> <span class='ocrx_word' id='word_1_183' title='bbox 2603 1081 2661 1124; x_wconf 88' lang='lat' dir='ltr'><strong>ut</strong></span> <span class='ocrx_word' id='word_1_184' title='bbox 2704 1083 2919 1124; x_wconf 84' lang='grc' dir='ltr'>οιιιιιι-ιη</span> <span class='ocrx_word' id='word_1_185' title='bbox 2947 1079 3281 1126; x_wconf 86' lang='lat' dir='ltr'><strong>mortuorum</strong></span> <span class='ocrx_word' id='word_1_186' title='bbox 3321 1071 3704 1127; x_wconf 80' lang='lat' dir='ltr'><strong>cshibitioncm</strong></span> 
     </span>
    </p>
   </div>
   <div class='ocr_carea' id='block_1_26' title="bbox 2115 1160 3068 1232">
    <p class='ocr_par' dir='ltr' id='par_1_26' title="bbox 2115 1160 3068 1232">
     <span class='ocr_line' id='line_1_26' title="bbox 2115 1160 3068 1232; baseline 0.002 -17"><span class='ocrx_word' id='word_1_187' title='bbox 2115 1160 2506 1232; x_wconf 87' lang='lat' dir='ltr'><strong>incorporalem</strong></span> <span class='ocrx_word' id='word_1_188' title='bbox 2541 1162 2836 1232; x_wconf 72' lang='lat' dir='ltr'><strong>praestigias</strong></span> <span class='ocrx_word' id='word_1_189' title='bbox 2859 1161 3068 1228; x_wconf 81' lang='lat' dir='ltr'><strong>judiees</strong></span> 
     </span>
    </p>
   </div>
   <div class='ocr_carea' id='block_1_27' title="bbox 2685 1251 3131 1311">
    <p class='ocr_par' dir='ltr' id='par_1_27' title="bbox 2685 1251 3131 1311">
     <span class='ocr_line' id='line_1_27' title="bbox 2685 1251 3131 1311; baseline -0.002 -2"><span class='ocrx_word' id='word_1_190' title='bbox 2685 1251 2912 1310; x_wconf 73' lang='lat' dir='ltr'><strong>CAPUT</strong></span> <span class='ocrx_word' id='word_1_191' title='bbox 2953 1252 3131 1311; x_wconf 86' lang='lat' dir='ltr'><strong>LVIII.</strong></span> 
     </span>
    </p>
   </div>
   <div class='ocr_carea' id='block_1_28' title="bbox 2193 1347 3708 1419">
    <p class='ocr_par' dir='ltr' id='par_1_28' title="bbox 2193 1347 3708 1419">
     <span class='ocr_line' id='line_1_28' title="bbox 2193 1347 3708 1419; baseline 0.003 -19"><span class='ocrx_word' id='word_1_192' title='bbox 2193 1367 2212 1400; x_wconf 83' lang='grc' dir='ltr'><strong>ι</strong></span> <span class='ocrx_word' id='word_1_193' title='bbox 2243 1348 2446 1406; x_wconf 87' lang='lat' dir='ltr'><strong>Omnes</strong></span> <span class='ocrx_word' id='word_1_194' title='bbox 2475 1363 2605 1419; x_wconf 76' lang='lat' dir='ltr'><strong>ergo</strong></span> <span class='ocrx_word' id='word_1_195' title='bbox 2629 1349 2820 1402; x_wconf 78' lang='lat' dir='ltr'><strong>attinne</strong></span> <span class='ocrx_word' id='word_1_196' title='bbox 2851 1363 3016 1418; x_wconf 85' lang='lat' dir='ltr'><strong>penes</strong></span> <span class='ocrx_word' id='word_1_197' title='bbox 3049 1347 3286 1402; x_wconf 88' lang='lat' dir='ltr'><strong>inferos?</strong></span> <span class='ocrx_word' id='word_1_198' title='bbox 3318 1367 3336 1401; x_wconf 86' lang='grc'><strong>›</strong></span> <span class='ocrx_word' id='word_1_199' title='bbox 3373 1350 3569 1418; x_wconf 90' lang='lat' dir='ltr'><strong>inquis.</strong></span> <span class='ocrx_word' id='word_1_200' title='bbox 3603 1351 3708 1406; x_wconf 81' lang='lat' dir='ltr'><strong>Ve-</strong></span> 
     </span>
    </p>
   </div>
   <div class='ocr_carea' id='block_1_29' title="bbox 2115 1439 3706 1512">
    <p class='ocr_par' dir='ltr' id='par_1_29' title="bbox 2115 1439 3706 1512">
     <span class='ocr_line' id='line_1_29' title="bbox 2115 1439 3706 1512; baseline 0.002 -17"><span class='ocrx_word' id='word_1_201' title='bbox 2115 1441 2180 1496; x_wconf 88' lang='lat' dir='ltr'><strong>Iis</strong></span> <span class='ocrx_word' id='word_1_202' title='bbox 2207 1455 2269 1496; x_wconf 92' lang='lat' dir='ltr'><strong>ac</strong></span> <span class='ocrx_word' id='word_1_203' title='bbox 2301 1439 2464 1508; x_wconf 88' lang='lat' dir='ltr'><strong>nolis,</strong></span> <span class='ocrx_word' id='word_1_204' title='bbox 2491 1448 2547 1495; x_wconf 89' lang='lat' dir='ltr'><strong>et</strong></span> <span class='ocrx_word' id='word_1_205' title='bbox 2574 1440 2834 1512; x_wconf 85' lang='lat' dir='ltr'><strong>supplicia</strong></span> <span class='ocrx_word' id='word_1_206' title='bbox 2860 1441 2968 1510; x_wconf 85' lang='lat' dir='ltr'><strong>jam</strong></span> <span class='ocrx_word' id='word_1_207' title='bbox 2999 1441 3125 1506; x_wconf 91' lang='lat' dir='ltr'><strong>illic,</strong></span> <span class='ocrx_word' id='word_1_208' title='bbox 3159 1451 3208 1496; x_wconf 88' lang='lat' dir='ltr'><strong>et</strong></span> <span class='ocrx_word' id='word_1_209' title='bbox 3241 1440 3537 1512; x_wconf 81' lang='lat' dir='ltr'><strong>refrigeria.</strong></span> <span class='ocrx_word' id='word_1_210' title='bbox 3592 1443 3706 1498; x_wconf 87' lang='lat' dir='ltr'><strong>Ila-</strong></span> 
     </span>
    </p>
   </div>
   <div class='ocr_carea' id='block_1_30' title="bbox 2115 1533 3705 1606">
    <p class='ocr_par' dir='ltr' id='par_1_30' title="bbox 2115 1533 3705 1606">
     <span class='ocr_line' id='line_1_30' title="bbox 2115 1533 3705 1606; baseline 0.001 -18"><span class='ocrx_word' id='word_1_211' title='bbox 2115 1534 2209 1590; x_wconf 91' lang='lat' dir='ltr'><strong>bes</strong></span> <span class='ocrx_word' id='word_1_212' title='bbox 2234 1549 2522 1606; x_wconf 81' lang='lat' dir='ltr'><strong>pauperem</strong></span> <span class='ocrx_word' id='word_1_213' title='bbox 2552 1544 2607 1590; x_wconf 92' lang='lat' dir='ltr'><strong>et</strong></span> <span class='ocrx_word' id='word_1_214' title='bbox 2631 1535 2871 1590; x_wconf 84' lang='lat' dir='ltr'><strong>divitem.</strong></span> <span class='ocrx_word' id='word_1_215' title='bbox 2907 1533 2970 1589; x_wconf 85' lang='lat' dir='ltr'><strong>Et</strong></span> <span class='ocrx_word' id='word_1_216' title='bbox 2999 1535 3121 1604; x_wconf 84' lang='lat' dir='ltr'><strong>quia</strong></span> <span class='ocrx_word' id='word_1_217' title='bbox 3149 1533 3328 1588; x_wconf 89' lang='lat' dir='ltr'><strong>distuli</strong></span> <span class='ocrx_word' id='word_1_218' title='bbox 3371 1535 3554 1590; x_wconf 89' lang='lat' dir='ltr'><strong>nescio</strong></span> <span class='ocrx_word' id='word_1_219' title='bbox 3579 1537 3705 1606; x_wconf 90' lang='lat' dir='ltr'><strong>quid</strong></span> 
     </span>
    </p>
   </div>
   <div class='ocr_carea' id='block_1_31' title="bbox 2113 1627 3706 1698">
    <p class='ocr_par' dir='ltr' id='par_1_31' title="bbox 2113 1627 3706 1698">
     <span class='ocr_line' id='line_1_31' title="bbox 2113 1627 3706 1698; baseline 0 -15"><span class='ocrx_word' id='word_1_220' title='bbox 2113 1627 2179 1683; x_wconf 91' lang='lat' dir='ltr'><strong>ad</strong></span> <span class='ocrx_word' id='word_1_221' title='bbox 2214 1627 2352 1683; x_wconf 89' lang='lat' dir='ltr'><strong>hanc</strong></span> <span class='ocrx_word' id='word_1_222' title='bbox 2381 1637 2610 1698; x_wconf 88' lang='lat' dir='ltr'><strong>partem,</strong></span> <span class='ocrx_word' id='word_1_223' title='bbox 2637 1627 2748 1696; x_wconf 87' lang='lat' dir='ltr'><strong>jam</strong></span> <span class='ocrx_word' id='word_1_224' title='bbox 2780 1635 3084 1698; x_wconf 82' lang='lat' dir='ltr'><strong>opportune</strong></span> <span class='ocrx_word' id='word_1_225' title='bbox 3117 1627 3166 1682; x_wconf 91' lang='lat' dir='ltr'><strong>in</strong></span> <span class='ocrx_word' id='word_1_226' title='bbox 3197 1627 3436 1683; x_wconf 85' lang='lat' dir='ltr'><strong>clausula</strong></span> <span class='ocrx_word' id='word_1_227' title='bbox 3463 1628 3706 1684; x_wconf 84' lang='lat' dir='ltr'><strong>reddam.</strong></span> 
     </span>
    </p>
   </div>
   <div class='ocr_carea' id='block_1_32' title="bbox 2117 1701 4020 1805">
    <p class='ocr_par' dir='ltr' id='par_1_32' title="bbox 2117 1701 4020 1805">
     <span class='ocr_line' id='line_1_32' title="bbox 2117 1701 4020 1805; baseline 0.001 -31"><span class='ocrx_word' id='word_1_228' title='bbox 2117 1721 2187 1791; x_wconf 86' lang='lat' dir='ltr'><strong>(c)</strong></span> <span class='ocrx_word' id='word_1_229' title='bbox 2216 1721 2322 1776; x_wconf 74' lang='lat' dir='ltr'><strong>(lur</strong></span> <span class='ocrx_word' id='word_1_230' title='bbox 2351 1722 2494 1775; x_wconf 90' lang='lat' dir='ltr'><strong>enim</strong></span> <span class='ocrx_word' id='word_1_231' title='bbox 2527 1735 2634 1774; x_wconf 89' lang='lat' dir='ltr'><strong>nun</strong></span> <span class='ocrx_word' id='word_1_232' title='bbox 2668 1731 2821 1788; x_wconf 86' lang='lat' dir='ltr'><strong>putes</strong></span> <span class='ocrx_word' id='word_1_233' title='bbox 2849 1720 3104 1781; x_wconf 87' lang='lat' dir='ltr'><strong>animam,</strong></span> <span class='ocrx_word' id='word_1_234' title='bbox 3129 1729 3183 1774; x_wconf 91' lang='lat' dir='ltr'><strong>et</strong></span> <span class='ocrx_word' id='word_1_235' title='bbox 3211 1719 3405 1788; x_wconf 88' lang='lat' dir='ltr'><strong>puniri.</strong></span> <span class='ocrx_word' id='word_1_236' title='bbox 3435 1729 3489 1774; x_wconf 90' lang='lat' dir='ltr'><strong>et</strong></span> <span class='ocrx_word' id='word_1_237' title='bbox 3531 1701 4020 1805; x_wconf 77' lang='lat' dir='ltr'><strong>foveri</strong></span> 
     </span>
    </p>
   </div>
   <div class='ocr_carea' id='block_1_33' title="bbox 407 1812 3706 1888">
    <p class='ocr_par' dir='ltr' id='par_1_33' title="bbox 407 1812 3706 1888">
     <span class='ocr_line' id='line_1_33' title="bbox 407 1812 3706 1888; baseline -0.001 -20"><span class='ocrx_word' id='word_1_238' title='bbox 407 1815 522 1888; x_wconf 87' lang='lat' dir='ltr'><strong>jam</strong></span> <span class='ocrx_word' id='word_1_239' title='bbox 559 1817 671 1886; x_wconf 88' lang='lat' dir='ltr'><strong>ipse</strong></span> <span class='ocrx_word' id='word_1_240' title='bbox 701 1815 1053 1870; x_wconf 76' lang='lat' dir='ltr'><strong>morabatur?</strong></span> <span class='ocrx_word' id='word_1_241' title='bbox 1081 1815 1155 1870; x_wconf 88' lang='lat' dir='ltr'><strong>Ne</strong></span> <span class='ocrx_word' id='word_1_242' title='bbox 1179 1825 1330 1885; x_wconf 89' lang='lat' dir='ltr'><strong>putes</strong></span> <span class='ocrx_word' id='word_1_243' title='bbox 1357 1815 1520 1870; x_wconf 86' lang='lat' dir='ltr'><strong>alium</strong></span> <span class='ocrx_word' id='word_1_244' title='bbox 1545 1815 1708 1872; x_wconf 89' lang='lat' dir='ltr'><strong>fuisse</strong></span> <span class='ocrx_word' id='word_1_245' title='bbox 1725 1816 1812 1886; x_wconf 81' lang='lat' dir='ltr'><strong>qui</strong></span> <span class='ocrx_word' id='word_1_246' title='bbox 1840 1815 2006 1886; x_wconf 83' lang='lat' dir='ltr'><strong>pltan-</strong></span> <span class='ocrx_word' id='word_1_247' title='bbox 2038 1829 2086 1888; x_wconf 79' lang='grc' dir='ltr'>Β</span> <span class='ocrx_word' id='word_1_248' title='bbox 2115 1816 2164 1869; x_wconf 87' lang='grc' dir='ltr'>ἰιι</span> <span class='ocrx_word' id='word_1_249' title='bbox 2191 1815 2410 1870; x_wconf 85' lang='lat' dir='ltr'><strong>infernis</strong></span> <span class='ocrx_word' id='word_1_250' title='bbox 2441 1816 2653 1870; x_wconf 88' lang='lat' dir='ltr'><strong>interim</strong></span> <span class='ocrx_word' id='word_1_251' title='bbox 2677 1814 2778 1868; x_wconf 87' lang='lat' dir='ltr'><strong>sub</strong></span> <span class='ocrx_word' id='word_1_252' title='bbox 2798 1813 3176 1881; x_wconf 71' lang='lat' dir='ltr'><strong>espeetatione</strong></span> <span class='ocrx_word' id='word_1_253' title='bbox 3200 1813 3475 1882; x_wconf 87' lang='lat' dir='ltr'><strong>utriusque</strong></span> <span class='ocrx_word' id='word_1_254' title='bbox 3495 1812 3706 1883; x_wconf 86' lang='lat' dir='ltr'><strong>judicii,</strong></span> 
     </span>
    </p>
   </div>
   <div class='ocr_carea' id='block_1_34' title="bbox 415 1907 2008 1977">
    <p class='ocr_par' dir='ltr' id='par_1_34' title="bbox 415 1907 2008 1977">
     <span class='ocr_line' id='line_1_34' title="bbox 415 1907 2008 1977; baseline 0.002 -15"><span class='ocrx_word' id='word_1_255' title='bbox 415 1919 582 1963; x_wconf 83' lang='lat' dir='ltr'><strong>tastna</strong></span> <span class='ocrx_word' id='word_1_256' title='bbox 628 1907 1070 1969; x_wconf 80' lang='lat' dir='ltr'><strong>adminisn‘ahat,</strong></span> <span class='ocrx_word' id='word_1_257' title='bbox 1102 1908 1262 1962; x_wconf 88' lang='lat' dir='ltr'><strong>alittm</strong></span> <span class='ocrx_word' id='word_1_258' title='bbox 1309 1909 1397 1977; x_wconf 87' lang='lat' dir='ltr'><strong>qui</strong></span> <span class='ocrx_word' id='word_1_259' title='bbox 1429 1909 1876 1974; x_wconf 80' lang='lat' dir='ltr'><strong>commendabat;</strong></span> <span class='ocrx_word' id='word_1_260' title='bbox 1914 1909 2008 1965; x_wconf 84' lang='lat' dir='ltr'><strong>sed</strong></span> 
     </span>
    </p>
   </div>
   <div class='ocr_carea' id='block_1_35' title="bbox 413 1985 2013 2072">
    <p class='ocr_par' dir='ltr' id='par_1_35' title="bbox 413 1985 2013 2072">
     <span class='ocr_line' id='line_1_35' title="bbox 413 1985 2013 2072; baseline 0.001 -18"><span class='ocrx_word' id='word_1_261' title='bbox 413 1985 664 2054; x_wconf 77' lang='lat' dir='ltr'><strong>cutttdetn</strong></span> <span class='ocrx_word' id='word_1_262' title='bbox 693 1999 956 2068; x_wconf 82' lang='lat' dir='ltr'><strong>spiritum.</strong></span> <span class='ocrx_word' id='word_1_263' title='bbox 989 2009 1044 2054; x_wconf 87' lang='lat' dir='ltr'><strong>et</strong></span> <span class='ocrx_word' id='word_1_264' title='bbox 1072 2000 1122 2052; x_wconf 93' lang='lat' dir='ltr'><strong>in</strong></span> <span class='ocrx_word' id='word_1_265' title='bbox 1153 1998 1702 2070; x_wconf 73' lang='lat' dir='ltr'><strong>psetttlopropbelide,</strong></span> <span class='ocrx_word' id='word_1_266' title='bbox 1726 2010 1780 2056; x_wconf 88' lang='lat' dir='ltr'><strong>et</strong></span> <span class='ocrx_word' id='word_1_267' title='bbox 1809 2001 1859 2054; x_wconf 88' lang='lat' dir='ltr'><strong>in</strong></span> <span class='ocrx_word' id='word_1_268' title='bbox 1883 2017 2013 2072; x_wconf 87' lang='lat' dir='ltr'><strong>apo-</strong></span> 
     </span>
    </p>
   </div>
   <div class='ocr_carea' id='block_1_36' title="bbox 415 2088 2010 2165">
    <p class='ocr_par' dir='ltr' id='par_1_36' title="bbox 415 2088 2010 2165">
     <span class='ocr_line' id='line_1_36' title="bbox 415 2088 2010 2165; baseline 0.003 -19"><span class='ocrx_word' id='word_1_269' title='bbox 415 2101 558 2146; x_wconf 84' lang='lat' dir='ltr'><strong>stata</strong></span> <span class='ocrx_word' id='word_1_270' title='bbox 602 2088 760 2145; x_wconf 78' lang='lat' dir='ltr'><strong>facile</strong></span> <span class='ocrx_word' id='word_1_271' title='bbox 806 2091 1043 2156; x_wconf 81' lang='lat' dir='ltr'><strong>mentiri,</strong></span> <span class='ocrx_word' id='word_1_272' title='bbox 1088 2092 1228 2160; x_wconf 82' lang='lat' dir='ltr'><strong>quod</strong></span> <span class='ocrx_word' id='word_1_273' title='bbox 1287 2093 1488 2146; x_wconf 75' lang='lat' dir='ltr'><strong>fecerat</strong></span> <span class='ocrx_word' id='word_1_274' title='bbox 1517 2094 1702 2160; x_wconf 86' lang='lat' dir='ltr'><strong>credi,</strong></span> <span class='ocrx_word' id='word_1_275' title='bbox 1733 2110 1828 2164; x_wconf 88' lang='lat' dir='ltr'><strong>per</strong></span> <span class='ocrx_word' id='word_1_276' title='bbox 1851 2111 2010 2165; x_wconf 87' lang='lat' dir='ltr'><strong>quem</strong></span> 
     </span>
    </p>
   </div>
   <div class='ocr_carea' id='block_1_37' title="bbox 414 2184 2011 2256">
    <p class='ocr_par' dir='ltr' id='par_1_37' title="bbox 414 2184 2011 2256">
     <span class='ocr_line' id='line_1_37' title="bbox 414 2184 2011 2256; baseline 0.003 -17"><span class='ocrx_word' id='word_1_277' title='bbox 414 2185 594 2240; x_wconf 85' lang='lat' dir='ltr'><strong>Saulis</strong></span> <span class='ocrx_word' id='word_1_278' title='bbox 627 2185 912 2237; x_wconf 77' lang='lat' dir='ltr'><strong>thesaurus</strong></span> <span class='ocrx_word' id='word_1_279' title='bbox 941 2184 1046 2238; x_wconf 91' lang='lat' dir='ltr'><strong>illic</strong></span> <span class='ocrx_word' id='word_1_280' title='bbox 1071 2193 1205 2249; x_wconf 87' lang='lat' dir='ltr'><strong>erat,</strong></span> <span class='ocrx_word' id='word_1_281' title='bbox 1235 2184 1320 2238; x_wconf 89' lang='lat' dir='ltr'><strong>ubi</strong></span> <span class='ocrx_word' id='word_1_282' title='bbox 1353 2194 1408 2240; x_wconf 89' lang='lat' dir='ltr'><strong>et</strong></span> <span class='ocrx_word' id='word_1_283' title='bbox 1433 2200 1528 2240; x_wconf 85' lang='lat' dir='ltr'><strong>cor</strong></span> <span class='ocrx_word' id='word_1_284' title='bbox 1558 2186 1749 2256; x_wconf 83' lang='lat' dir='ltr'><strong>ipsius.</strong></span> <span class='ocrx_word' id='word_1_285' title='bbox 1782 2188 1867 2241; x_wconf 89' lang='lat' dir='ltr'><strong>ubi</strong></span> <span class='ocrx_word' id='word_1_286' title='bbox 1907 2189 2011 2244; x_wconf 86' lang='lat' dir='ltr'><strong>sci-</strong></span> 
     </span>
    </p>
   </div>
   <div class='ocr_carea' id='block_1_38' title="bbox 414 2263 2012 2347">
    <p class='ocr_par' dir='ltr' id='par_1_38' title="bbox 414 2263 2012 2347">
     <span class='ocr_line' id='line_1_38' title="bbox 414 2263 2012 2347; baseline 0.003 -16"><span class='ocrx_word' id='word_1_287' title='bbox 414 2277 545 2331; x_wconf 81' lang='lat' dir='ltr'><strong>licet</strong></span> <span class='ocrx_word' id='word_1_288' title='bbox 577 2275 718 2330; x_wconf 90' lang='lat' dir='ltr'><strong>Deus</strong></span> <span class='ocrx_word' id='word_1_289' title='bbox 755 2290 860 2329; x_wconf 89' lang='lat' dir='ltr'><strong>non</strong></span> <span class='ocrx_word' id='word_1_290' title='bbox 905 2284 1041 2330; x_wconf 89' lang='lat' dir='ltr'><strong>erat.</strong></span> <span class='ocrx_word' id='word_1_291' title='bbox 1092 2275 1159 2329; x_wconf 81' lang='lat' dir='ltr'><strong>Et</strong></span> <span class='ocrx_word' id='word_1_292' title='bbox 1203 2263 1325 2330; x_wconf 70' lang='lat' dir='ltr'><strong>ideo</strong></span> <span class='ocrx_word' id='word_1_293' title='bbox 1369 2292 1464 2346; x_wconf 88' lang='lat' dir='ltr'><strong>per</strong></span> <span class='ocrx_word' id='word_1_294' title='bbox 1484 2292 1642 2347; x_wconf 88' lang='lat' dir='ltr'><strong>quem</strong></span> <span class='ocrx_word' id='word_1_295' title='bbox 1675 2279 1910 2333; x_wconf 86' lang='lat' dir='ltr'><strong>vismum</strong></span> <span class='ocrx_word' id='word_1_296' title='bbox 1952 2295 2012 2336; x_wconf 91' lang='lat' dir='ltr'><strong>se</strong></span> 
     </span>
    </p>
   </div>
   <div class='ocr_carea' id='block_1_39' title="bbox 414 2365 2011 2438">
    <p class='ocr_par' dir='ltr' id='par_1_39' title="bbox 414 2365 2011 2438">
     <span class='ocr_line' id='line_1_39' title="bbox 414 2365 2011 2438; baseline 0.004 -16"><span class='ocrx_word' id='word_1_297' title='bbox 414 2365 664 2431; x_wconf 88' lang='lat' dir='ltr'><strong>credidit,</strong></span> <span class='ocrx_word' id='word_1_298' title='bbox 697 2366 859 2431; x_wconf 87' lang='lat' dir='ltr'><strong>vidit;</strong></span> <span class='ocrx_word' id='word_1_299' title='bbox 895 2369 1018 2435; x_wconf 89' lang='lat' dir='ltr'><strong>quia</strong></span> <span class='ocrx_word' id='word_1_300' title='bbox 1061 2383 1155 2436; x_wconf 86' lang='lat' dir='ltr'><strong>per</strong></span> <span class='ocrx_word' id='word_1_301' title='bbox 1196 2383 1353 2438; x_wconf 85' lang='lat' dir='ltr'><strong>quem</strong></span> <span class='ocrx_word' id='word_1_302' title='bbox 1386 2368 1538 2434; x_wconf 84' lang='lat' dir='ltr'><strong>vidit,</strong></span> <span class='ocrx_word' id='word_1_303' title='bbox 1569 2377 1626 2424; x_wconf 90' lang='lat' dir='ltr'><strong>et</strong></span> <span class='ocrx_word' id='word_1_304' title='bbox 1657 2371 1904 2425; x_wconf 74' lang='lat' dir='ltr'><strong>credidit.</strong></span> <span class='ocrx_word' id='word_1_305' title='bbox 1955 2371 2011 2428; x_wconf 82' lang='lat' dir='ltr'><strong>Si</strong></span> 
     </span>
    </p>
   </div>
   <div class='ocr_carea' id='block_1_40' title="bbox 416 2457 2011 2534">
    <p class='ocr_par' dir='ltr' id='par_1_40' title="bbox 416 2457 2011 2534">
     <span class='ocr_line' id='line_1_40' title="bbox 416 2457 2011 2534; baseline 0.004 -20"><span class='ocrx_word' id='word_1_306' title='bbox 416 2469 471 2515; x_wconf 88' lang='lat' dir='ltr'><strong>et</strong></span> <span class='ocrx_word' id='word_1_307' title='bbox 526 2457 595 2515; x_wconf 88' lang='lat' dir='ltr'><strong>de</strong></span> <span class='ocrx_word' id='word_1_308' title='bbox 645 2458 921 2514; x_wconf 86' lang='lat' dir='ltr'><strong>nocturnis</strong></span> <span class='ocrx_word' id='word_1_309' title='bbox 971 2459 1290 2530; x_wconf 65' lang='lat' dir='ltr'><strong>imaginibus</strong></span> <span class='ocrx_word' id='word_1_310' title='bbox 1339 2461 1648 2530; x_wconf 82' lang='lat' dir='ltr'><strong>Opponitttr,</strong></span> <span class='ocrx_word' id='word_1_311' title='bbox 1715 2479 1858 2534; x_wconf 69' lang='lat' dir='ltr'><strong>saepe</strong></span> <span class='ocrx_word' id='word_1_312' title='bbox 1907 2481 2011 2520; x_wconf 89' lang='lat' dir='ltr'><strong>non</strong></span> 
     </span>
    </p>
   </div>
   <div class='ocr_carea' id='block_1_41' title="bbox 415 2548 2011 2628">
    <p class='ocr_par' dir='ltr' id='par_1_41' title="bbox 415 2548 2011 2628">
     <span class='ocr_line' id='line_1_41' title="bbox 415 2548 2011 2628; baseline 0.003 -22"><span class='ocrx_word' id='word_1_313' title='bbox 415 2548 616 2606; x_wconf 81' lang='lat' dir='ltr'><strong>frustra</strong></span> <span class='ocrx_word' id='word_1_314' title='bbox 647 2559 888 2604; x_wconf 72' lang='lat' dir='ltr'><strong>mortuos</strong></span> <span class='ocrx_word' id='word_1_315' title='bbox 919 2549 1064 2603; x_wconf 88' lang='lat' dir='ltr'><strong>visos</strong></span> <span class='ocrx_word' id='word_1_316' title='bbox 1097 2553 1249 2620; x_wconf 88' lang='lat' dir='ltr'><strong>(nam</strong></span> <span class='ocrx_word' id='word_1_317' title='bbox 1282 2560 1335 2606; x_wconf 90' lang='lat' dir='ltr'><strong>et</strong></span> <span class='ocrx_word' id='word_1_318' title='bbox 1362 2549 1748 2607; x_wconf 88' lang='lat' dir='ltr'><strong>Nasammonas</strong></span> <span class='ocrx_word' id='word_1_319' title='bbox 1781 2551 1854 2628; x_wconf 85' lang='lat' dir='ltr'><strong>(b)</strong></span> <span class='ocrx_word' id='word_1_320' title='bbox 1887 2572 2011 2625; x_wconf 87' lang='lat' dir='ltr'><strong>pro-</strong></span> 
     </span>
    </p>
   </div>
   <div class='ocr_carea' id='block_1_42' title="bbox 418 2643 2014 2718">
    <p class='ocr_par' dir='ltr' id='par_1_42' title="bbox 418 2643 2014 2718">
     <span class='ocr_line' id='line_1_42' title="bbox 418 2643 2014 2718; baseline 0.005 -19"><span class='ocrx_word' id='word_1_321' title='bbox 418 2647 535 2716; x_wconf 89' lang='lat' dir='ltr'><strong>pria</strong></span> <span class='ocrx_word' id='word_1_322' title='bbox 579 2645 793 2699; x_wconf 92' lang='lat' dir='ltr'><strong>oracula</strong></span> <span class='ocrx_word' id='word_1_323' title='bbox 833 2643 971 2716; x_wconf 88' lang='lat' dir='ltr'><strong>aptul</strong></span> <span class='ocrx_word' id='word_1_324' title='bbox 1017 2657 1296 2715; x_wconf 85' lang='lat' dir='ltr'><strong>parentum</strong></span> <span class='ocrx_word' id='word_1_325' title='bbox 1345 2647 1626 2718; x_wconf 87' lang='lat' dir='ltr'><strong>sepulchra</strong></span> <span class='ocrx_word' id='word_1_326' title='bbox 1674 2649 2014 2706; x_wconf 88' lang='lat' dir='ltr'><strong>mansitando</strong></span> 
     </span>
    </p>
   </div>
   <div class='ocr_carea' id='block_1_43' title="bbox 415 2736 2010 2814">
    <p class='ocr_par' dir='ltr' id='par_1_43' title="bbox 415 2736 2010 2814">
     <span class='ocr_line' id='line_1_43' title="bbox 415 2736 2010 2814; baseline 0.003 -20"><span class='ocrx_word' id='word_1_327' title='bbox 415 2748 658 2807; x_wconf 84' lang='lat' dir='ltr'><strong>captare,</strong></span> <span class='ocrx_word' id='word_1_328' title='bbox 696 2749 751 2792; x_wconf 93' lang='lat' dir='ltr'><strong>ut</strong></span> <span class='ocrx_word' id='word_1_329' title='bbox 781 2736 1096 2794; x_wconf 78' lang='lat' dir='ltr'><strong>Heraclides</strong></span> <span class='ocrx_word' id='word_1_330' title='bbox 1121 2739 1327 2804; x_wconf 88' lang='lat' dir='ltr'><strong>scribit,</strong></span> <span class='ocrx_word' id='word_1_331' title='bbox 1360 2741 1441 2796; x_wconf 90' lang='lat' dir='ltr'><strong>vel</strong></span> <span class='ocrx_word' id='word_1_332' title='bbox 1467 2741 1898 2814; x_wconf 69' lang='lat' dir='ltr'><strong>Nymphodorus,</strong></span> <span class='ocrx_word' id='word_1_333' title='bbox 1928 2744 2010 2798; x_wconf 80' lang='lat' dir='ltr'><strong>vel</strong></span> 
     </span>
    </p>
   </div>
   <div class='ocr_carea' id='block_1_44' title="bbox 429 2831 2012 2902">
    <p class='ocr_par' dir='ltr' id='par_1_44' title="bbox 429 2831 2012 2902">
     <span class='ocr_line' id='line_1_44' title="bbox 429 2831 2012 2902; baseline 0.003 -17"><span class='ocrx_word' id='word_1_334' title='bbox 429 2831 771 2896; x_wconf 87' lang='lat' dir='ltr'><strong>Ilerodotus;</strong></span> <span class='ocrx_word' id='word_1_335' title='bbox 806 2839 862 2885; x_wconf 88' lang='lat' dir='ltr'><strong>et</strong></span> <span class='ocrx_word' id='word_1_336' title='bbox 911 2831 1087 2885; x_wconf 82' lang='lat' dir='ltr'><strong>Celtas</strong></span> <span class='ocrx_word' id='word_1_337' title='bbox 1133 2831 1270 2902; x_wconf 90' lang='lat' dir='ltr'><strong>ame</strong></span> <span class='ocrx_word' id='word_1_338' title='bbox 1324 2831 1561 2888; x_wconf 87' lang='lat' dir='ltr'><strong>virorum</strong></span> <span class='ocrx_word' id='word_1_339' title='bbox 1611 2833 1824 2888; x_wconf 89' lang='lat' dir='ltr'><strong>fortium</strong></span> <span class='ocrx_word' id='word_1_340' title='bbox 1857 2835 2012 2890; x_wconf 87' lang='lat' dir='ltr'><strong>busta</strong></span> 
     </span>
    </p>
   </div>
   <div class='ocr_carea' id='block_1_45' title="bbox 335 2922 2012 2998">
    <p class='ocr_par' dir='ltr' id='par_1_45' title="bbox 335 2922 2012 2998">
     <span class='ocr_line' id='line_1_45' title="bbox 335 2922 2012 2998; baseline 0.002 -19"><span class='ocrx_word' id='word_1_341' title='bbox 335 2963 348 2979; x_wconf 82' lang='lat'><strong>.</strong></span> <span class='ocrx_word' id='word_1_342' title='bbox 425 2923 616 2980; x_wconf 88' lang='lat' dir='ltr'><strong>eadem</strong></span> <span class='ocrx_word' id='word_1_343' title='bbox 669 2922 736 2978; x_wconf 87' lang='lat' dir='ltr'><strong>de</strong></span> <span class='ocrx_word' id='word_1_344' title='bbox 781 2939 968 2977; x_wconf 79' lang='lat' dir='ltr'><strong>caussa</strong></span> <span class='ocrx_word' id='word_1_345' title='bbox 997 2923 1307 2991; x_wconf 84' lang='lat' dir='ltr'><strong>abnoctare,</strong></span> <span class='ocrx_word' id='word_1_346' title='bbox 1339 2935 1397 2978; x_wconf 92' lang='lat' dir='ltr'><strong>ut</strong></span> <span class='ocrx_word' id='word_1_347' title='bbox 1423 2924 1688 2982; x_wconf 87' lang='lat' dir='ltr'><strong>Nicander</strong></span> <span class='ocrx_word' id='word_1_348' title='bbox 1722 2925 2012 2998; x_wconf 82' lang='lat' dir='ltr'><strong>affirmat).</strong></span> 
     </span>
    </p>
   </div>
   <div class='ocr_carea' id='block_1_46' title="bbox 421 3016 2010 3090">
    <p class='ocr_par' dir='ltr' id='par_1_46' title="bbox 421 3016 2010 3090">
     <span class='ocr_line' id='line_1_46' title="bbox 421 3016 2010 3090; baseline 0.002 -19"><span class='ocrx_word' id='word_1_349' title='bbox 421 3031 530 3071; x_wconf 91' lang='lat' dir='ltr'><strong>non</strong></span> <span class='ocrx_word' id='word_1_350' title='bbox 560 3016 727 3086; x_wconf 84' lang='lat' dir='ltr'><strong>magis</strong></span> <span class='ocrx_word' id='word_1_351' title='bbox 772 3025 1018 3070; x_wconf 89' lang='lat' dir='ltr'><strong>mortuos</strong></span> <span class='ocrx_word' id='word_1_352' title='bbox 1062 3030 1191 3071; x_wconf 88' lang='lat' dir='ltr'><strong>vere</strong></span> <span class='ocrx_word' id='word_1_353' title='bbox 1233 3017 1466 3086; x_wconf 85' lang='lat' dir='ltr'><strong>patimur</strong></span> <span class='ocrx_word' id='word_1_354' title='bbox 1498 3018 1549 3072; x_wconf 91' lang='lat' dir='ltr'><strong>in</strong></span> <span class='ocrx_word' id='word_1_355' title='bbox 1598 3019 2010 3090; x_wconf 87' lang='lat' dir='ltr'><strong>somnis,qoam</strong></span> 
     </span>
    </p>
   </div>
   <div class='ocr_carea' id='block_1_47' title="bbox 422 3107 2016 3180">
    <p class='ocr_par' dir='ltr' id='par_1_47' title="bbox 422 3107 2016 3180">
     <span class='ocr_line' id='line_1_47' title="bbox 422 3107 2016 3180; baseline 0.003 -18"><span class='ocrx_word' id='word_1_356' title='bbox 422 3109 597 3172; x_wconf 89' lang='lat' dir='ltr'><strong>vivos,</strong></span> <span class='ocrx_word' id='word_1_357' title='bbox 641 3109 736 3164; x_wconf 90' lang='lat' dir='ltr'><strong>sed</strong></span> <span class='ocrx_word' id='word_1_358' title='bbox 769 3107 956 3162; x_wconf 88' lang='lat' dir='ltr'><strong>eadem</strong></span> <span class='ocrx_word' id='word_1_359' title='bbox 988 3108 1196 3164; x_wconf 86' lang='lat' dir='ltr'><strong>ratione</strong></span> <span class='ocrx_word' id='word_1_360' title='bbox 1237 3120 1478 3164; x_wconf 87' lang='lat' dir='ltr'><strong>mortuos</strong></span> <span class='ocrx_word' id='word_1_361' title='bbox 1513 3125 1616 3180; x_wconf 88' lang='lat' dir='ltr'><strong>qua</strong></span> <span class='ocrx_word' id='word_1_362' title='bbox 1647 3118 1701 3164; x_wconf 90' lang='lat' dir='ltr'><strong>et</strong></span> <span class='ocrx_word' id='word_1_363' title='bbox 1737 3109 1885 3166; x_wconf 84' lang='lat' dir='ltr'><strong>vivos</strong></span> <span class='ocrx_word' id='word_1_364' title='bbox 1911 3153 1925 3178; x_wconf 92' lang='lat'><strong>,</strong></span> <span class='ocrx_word' id='word_1_365' title='bbox 1959 3121 2016 3167; x_wconf 87' lang='lat' dir='ltr'><strong>et</strong></span> 
     </span>
    </p>
   </div>
   <div class='ocr_carea' id='block_1_48' title="bbox 2119 1903 3714 1977">
    <p class='ocr_par' dir='ltr' id='par_1_48' title="bbox 2119 1903 3714 1977">
     <span class='ocr_line' id='line_1_48' title="bbox 2119 1903 3714 1977; baseline -0.001 -17"><span class='ocrx_word' id='word_1_366' title='bbox 2119 1907 2168 1960; x_wconf 89' lang='lat' dir='ltr'><strong>in</strong></span> <span class='ocrx_word' id='word_1_367' title='bbox 2200 1906 2427 1977; x_wconf 89' lang='lat' dir='ltr'><strong>quadam</strong></span> <span class='ocrx_word' id='word_1_368' title='bbox 2479 1905 2823 1975; x_wconf 86' lang='lat' dir='ltr'><strong>usurpatione</strong></span> <span class='ocrx_word' id='word_1_369' title='bbox 2863 1914 2918 1959; x_wconf 86' lang='lat' dir='ltr'><strong>et</strong></span> <span class='ocrx_word' id='word_1_370' title='bbox 2949 1903 3172 1958; x_wconf 82' lang='lat' dir='ltr'><strong>candida</strong></span> <span class='ocrx_word' id='word_1_371' title='bbox 3203 1903 3355 1972; x_wconf 79' lang='lat' dir='ltr'><strong>ejus?</strong></span> <span class='ocrx_word' id='word_1_372' title='bbox 3389 1921 3408 1954; x_wconf 79' lang='grc' dir='ltr'><strong>ι</strong></span> <span class='ocrx_word' id='word_1_373' title='bbox 3439 1905 3571 1971; x_wconf 88' lang='lat' dir='ltr'><strong>Quia</strong></span> <span class='ocrx_word' id='word_1_374' title='bbox 3608 1905 3714 1958; x_wconf 91' lang='lat' dir='ltr'><strong>sal-</strong></span> 
     </span>
    </p>
   </div>
   <div class='ocr_carea' id='block_1_49' title="bbox 2115 1996 3707 2068">
    <p class='ocr_par' dir='ltr' id='par_1_49' title="bbox 2115 1996 3707 2068">
     <span class='ocr_line' id='line_1_49' title="bbox 2115 1996 3707 2068; baseline 0 -17"><span class='ocrx_word' id='word_1_375' title='bbox 2115 2015 2238 2053; x_wconf 89' lang='lat' dir='ltr'><strong>vum</strong></span> <span class='ocrx_word' id='word_1_376' title='bbox 2267 1998 2426 2054; x_wconf 85' lang='lat' dir='ltr'><strong>debet</strong></span> <span class='ocrx_word' id='word_1_377' title='bbox 2452 2011 2606 2066; x_wconf 89' lang='lat' dir='ltr'><strong>esse,</strong></span> <span class='ocrx_word' id='word_1_378' title='bbox 2639 1998 2836 2067; x_wconf 90' lang='lat' dir='ltr'><strong>inquis,</strong></span> <span class='ocrx_word' id='word_1_379' title='bbox 2866 1996 2948 2068; x_wconf 68' lang='lat'><strong>(2)</strong></span> <span class='ocrx_word' id='word_1_380' title='bbox 2970 1996 3172 2067; x_wconf 76' lang='lat' dir='ltr'><strong>judicio</strong></span> <span class='ocrx_word' id='word_1_381' title='bbox 3203 1997 3387 2052; x_wconf 88' lang='lat' dir='ltr'><strong>divino</strong></span> <span class='ocrx_word' id='word_1_382' title='bbox 3434 1997 3707 2068; x_wconf 75' lang='lat' dir='ltr'><strong>negotium</strong></span> 
     </span>
    </p>
   </div>
   <div class='ocr_carea' id='block_1_50' title="bbox 2115 2087 3710 2162">
    <p class='ocr_par' dir='ltr' id='par_1_50' title="bbox 2115 2087 3710 2162">
     <span class='ocr_line' id='line_1_50' title="bbox 2115 2087 3710 2162; baseline 0 -16"><span class='ocrx_word' id='word_1_383' title='bbox 2115 2108 2293 2159; x_wconf 85' lang='lat' dir='ltr'><strong>suum,</strong></span> <span class='ocrx_word' id='word_1_384' title='bbox 2337 2093 2454 2147; x_wconf 89' lang='lat' dir='ltr'><strong>sine</strong></span> <span class='ocrx_word' id='word_1_385' title='bbox 2495 2092 2603 2147; x_wconf 84' lang='lat' dir='ltr'><strong>ulla</strong></span> <span class='ocrx_word' id='word_1_386' title='bbox 2644 2087 3010 2162; x_wconf 69' lang='lat' dir='ltr'><strong>praalibatione</strong></span> <span class='ocrx_word' id='word_1_387' title='bbox 3055 2091 3358 2146; x_wconf 66' lang='grc' dir='ltr'><strong>ειτιιιθηιίειξ.</strong></span> <span class='ocrx_word' id='word_1_388' title='bbox 3405 2089 3541 2146; x_wconf 86' lang='lat' dir='ltr'><strong>Tum</strong></span> <span class='ocrx_word' id='word_1_389' title='bbox 3587 2091 3710 2161; x_wconf 88' lang='lat' dir='ltr'><strong>quia</strong></span> 
     </span>
    </p>
   </div>
   <div class='ocr_carea' id='block_1_51' title="bbox 2116 2183 3710 2255">
    <p class='ocr_par' dir='ltr' id='par_1_51' title="bbox 2116 2183 3710 2255">
     <span class='ocr_line' id='line_1_51' title="bbox 2116 2183 3710 2255; baseline -0.002 -15"><span class='ocrx_word' id='word_1_390' title='bbox 2116 2195 2170 2240; x_wconf 90' lang='lat' dir='ltr'><strong>et</strong></span> <span class='ocrx_word' id='word_1_391' title='bbox 2197 2186 2374 2240; x_wconf 77' lang='lat' dir='ltr'><strong>eat-ins</strong></span> <span class='ocrx_word' id='word_1_392' title='bbox 2400 2185 2692 2255; x_wconf 88' lang='lat' dir='ltr'><strong>operienda</strong></span> <span class='ocrx_word' id='word_1_393' title='bbox 2717 2192 2800 2239; x_wconf 89' lang='lat' dir='ltr'><strong>est</strong></span> <span class='ocrx_word' id='word_1_394' title='bbox 2827 2183 3117 2248; x_wconf 88' lang='lat' dir='ltr'><strong>restitutio,</strong></span> <span class='ocrx_word' id='word_1_395' title='bbox 3153 2191 3210 2238; x_wconf 89' lang='lat' dir='ltr'><strong>ut</strong></span> <span class='ocrx_word' id='word_1_396' title='bbox 3235 2184 3506 2239; x_wconf 86' lang='lat' dir='ltr'><strong>consortis</strong></span> <span class='ocrx_word' id='word_1_397' title='bbox 3524 2198 3710 2253; x_wconf 84' lang='lat' dir='ltr'><strong>opera-</strong></span> 
     </span>
    </p>
   </div>
   <div class='ocr_carea' id='block_1_52' title="bbox 2117 2275 3719 2348">
    <p class='ocr_par' dir='ltr' id='par_1_52' title="bbox 2117 2275 3719 2348">
     <span class='ocr_line' id='line_1_52' title="bbox 2117 2275 3719 2348; baseline -0.001 -16"><span class='ocrx_word' id='word_1_398' title='bbox 2117 2294 2235 2332; x_wconf 91' lang='lat' dir='ltr'><strong>rum</strong></span> <span class='ocrx_word' id='word_1_399' title='bbox 2275 2287 2433 2348; x_wconf 87' lang='lat' dir='ltr'><strong>atque</strong></span> <span class='ocrx_word' id='word_1_400' title='bbox 2478 2277 2809 2334; x_wconf 85' lang='lat' dir='ltr'><strong>mercedum.</strong></span> <span class='ocrx_word' id='word_1_401' title='bbox 2841 2295 2860 2329; x_wconf 85' lang='grc'>›</span> <span class='ocrx_word' id='word_1_402' title='bbox 2896 2275 3034 2343; x_wconf 85' lang='lat' dir='ltr'><strong>Quid</strong></span> <span class='ocrx_word' id='word_1_403' title='bbox 3075 2290 3206 2346; x_wconf 86' lang='lat' dir='ltr'><strong>ergo</strong></span> <span class='ocrx_word' id='word_1_404' title='bbox 3253 2277 3339 2332; x_wconf 87' lang='lat' dir='ltr'><strong>fiet</strong></span> <span class='ocrx_word' id='word_1_405' title='bbox 3371 2275 3423 2330; x_wconf 89' lang='lat' dir='ltr'><strong>in</strong></span> <span class='ocrx_word' id='word_1_406' title='bbox 3476 2286 3719 2345; x_wconf 88' lang='lat' dir='ltr'><strong>tempore</strong></span> 
     </span>
    </p>
   </div>
   <div class='ocr_carea' id='block_1_53' title="bbox 2119 2369 3716 2428">
    <p class='ocr_par' dir='ltr' id='par_1_53' title="bbox 2119 2369 3716 2428">
     <span class='ocr_line' id='line_1_53' title="bbox 2119 2369 3716 2428; baseline -0.003 -2"><span class='ocrx_word' id='word_1_407' title='bbox 2119 2373 2252 2428; x_wconf 82' lang='lat' dir='ltr'><strong>isto?</strong></span> <span class='ocrx_word' id='word_1_408' title='bbox 2283 2372 2657 2428; x_wconf 84' lang='lat' dir='ltr'><strong>dormiemus?</strong></span> <span class='ocrx_word' id='word_1_409' title='bbox 2686 2371 2900 2428; x_wconf 85' lang='lat' dir='ltr'><strong>Atenim</strong></span> <span class='ocrx_word' id='word_1_410' title='bbox 2951 2372 3145 2424; x_wconf 73' lang='lat' dir='ltr'><strong>anima:</strong></span> <span class='ocrx_word' id='word_1_411' title='bbox 3187 2385 3284 2424; x_wconf 85' lang='lat' dir='ltr'><strong>nec</strong></span> <span class='ocrx_word' id='word_1_412' title='bbox 3327 2371 3378 2424; x_wconf 91' lang='lat' dir='ltr'><strong>in</strong></span> <span class='ocrx_word' id='word_1_413' title='bbox 3411 2369 3716 2424; x_wconf 86' lang='lat' dir='ltr'><strong>viventibus</strong></span> 
     </span>
    </p>
   </div>
   <div class='ocr_carea' id='block_1_54' title="bbox 2117 2463 3722 2536">
    <p class='ocr_par' dir='ltr' id='par_1_54' title="bbox 2117 2463 3722 2536">
     <span class='ocr_line' id='line_1_54' title="bbox 2117 2463 3722 2536; baseline -0.003 -17"><span class='ocrx_word' id='word_1_414' title='bbox 2117 2463 2390 2520; x_wconf 89' lang='lat' dir='ltr'><strong>dormiunt</strong></span> <span class='ocrx_word' id='word_1_415' title='bbox 2427 2481 2754 2536; x_wconf 87' lang='lat' dir='ltr'><strong>:eorpornm</strong></span> <span class='ocrx_word' id='word_1_416' title='bbox 2799 2465 2942 2518; x_wconf 90' lang='lat' dir='ltr'><strong>enim</strong></span> <span class='ocrx_word' id='word_1_417' title='bbox 2990 2471 3073 2517; x_wconf 90' lang='lat' dir='ltr'><strong>est</strong></span> <span class='ocrx_word' id='word_1_418' title='bbox 3116 2477 3358 2527; x_wconf 82' lang='lat' dir='ltr'><strong>somnus,</strong></span> <span class='ocrx_word' id='word_1_419' title='bbox 3395 2477 3621 2532; x_wconf 89' lang='lat' dir='ltr'><strong>quormn</strong></span> <span class='ocrx_word' id='word_1_420' title='bbox 3663 2470 3722 2516; x_wconf 87' lang='lat' dir='ltr'><strong>et.</strong></span> 
     </span>
    </p>
   </div>
   <div class='ocr_carea' id='block_1_55' title="bbox 2119 2551 3712 2630">
    <p class='ocr_par' dir='ltr' id='par_1_55' title="bbox 2119 2551 3712 2630">
     <span class='ocr_line' id='line_1_55' title="bbox 2119 2551 3712 2630; baseline -0.003 -19"><span class='ocrx_word' id='word_1_421' title='bbox 2119 2559 2231 2627; x_wconf 56' lang='lat' dir='ltr'><strong>ipsa</strong></span> <span class='ocrx_word' id='word_1_422' title='bbox 2261 2573 2405 2613; x_wconf 89' lang='lat' dir='ltr'><strong>mors</strong></span> <span class='ocrx_word' id='word_1_423' title='bbox 2434 2573 2558 2613; x_wconf 90' lang='lat' dir='ltr'><strong>cum</strong></span> <span class='ocrx_word' id='word_1_424' title='bbox 2587 2558 2809 2630; x_wconf 85' lang='lat' dir='ltr'><strong>speculo</strong></span> <span class='ocrx_word' id='word_1_425' title='bbox 2835 2571 2933 2610; x_wconf 90' lang='lat' dir='ltr'><strong>suo</strong></span> <span class='ocrx_word' id='word_1_426' title='bbox 2961 2570 3172 2609; x_wconf 87' lang='lat' dir='ltr'><strong>somno.</strong></span> <span class='ocrx_word' id='word_1_427' title='bbox 3208 2557 3312 2608; x_wconf 82' lang='lat' dir='ltr'><strong>Aut</strong></span> <span class='ocrx_word' id='word_1_428' title='bbox 3343 2552 3477 2607; x_wconf 89' lang='lat' dir='ltr'><strong>nihil</strong></span> <span class='ocrx_word' id='word_1_429' title='bbox 3509 2553 3588 2606; x_wconf 89' lang='lat' dir='ltr'><strong>vis</strong></span> <span class='ocrx_word' id='word_1_430' title='bbox 3628 2551 3712 2623; x_wconf 88' lang='lat' dir='ltr'><strong>agi</strong></span> 
     </span>
    </p>
   </div>
   <div class='ocr_carea' id='block_1_56' title="bbox 2121 2646 3719 2721">
    <p class='ocr_par' dir='ltr' id='par_1_56' title="bbox 2121 2646 3719 2721">
     <span class='ocr_line' id='line_1_56' title="bbox 2121 2646 3719 2721; baseline -0.004 -17"><span class='ocrx_word' id='word_1_431' title='bbox 2121 2651 2251 2717; x_wconf 89' lang='lat' dir='ltr'><strong>illic,</strong></span> <span class='ocrx_word' id='word_1_432' title='bbox 2280 2665 2388 2721; x_wconf 90' lang='lat' dir='ltr'><strong>quo</strong></span> <span class='ocrx_word' id='word_1_433' title='bbox 2426 2650 2673 2705; x_wconf 89' lang='lat' dir='ltr'><strong>universa</strong></span> <span class='ocrx_word' id='word_1_434' title='bbox 2706 2648 3010 2702; x_wconf 87' lang='lat' dir='ltr'><strong>humanitas</strong></span> <span class='ocrx_word' id='word_1_435' title='bbox 3035 2646 3284 2707; x_wconf 82' lang='lat' dir='ltr'><strong>trahitur,</strong></span> <span class='ocrx_word' id='word_1_436' title='bbox 3315 2662 3420 2717; x_wconf 89' lang='lat' dir='ltr'><strong>quo</strong></span> <span class='ocrx_word' id='word_1_437' title='bbox 3451 2661 3574 2714; x_wconf 79' lang='lat' dir='ltr'><strong>Spes</strong></span> <span class='ocrx_word' id='word_1_438' title='bbox 3599 2661 3719 2699; x_wconf 80' lang='lat' dir='ltr'><strong>oin-</strong></span> 
     </span>
    </p>
   </div>
   <div class='ocr_carea' id='block_1_57' title="bbox 2121 2737 3724 2816">
    <p class='ocr_par' dir='ltr' id='par_1_57' title="bbox 2121 2737 3724 2816">
     <span class='ocr_line' id='line_1_57' title="bbox 2121 2737 3724 2816; baseline -0.004 -17"><span class='ocrx_word' id='word_1_439' title='bbox 2121 2747 2203 2799; x_wconf 90' lang='lat' dir='ltr'><strong>nis</strong></span> <span class='ocrx_word' id='word_1_440' title='bbox 2233 2743 2635 2816; x_wconf 83' lang='lat' dir='ltr'><strong>seqtteslratur?</strong></span> <span class='ocrx_word' id='word_1_441' title='bbox 2668 2741 2900 2798; x_wconf 88' lang='lat' dir='ltr'><strong>Delibari</strong></span> <span class='ocrx_word' id='word_1_442' title='bbox 2934 2748 3089 2809; x_wconf 89' lang='lat' dir='ltr'><strong>putas</strong></span> <span class='ocrx_word' id='word_1_443' title='bbox 3115 2739 3396 2808; x_wconf 87' lang='lat' dir='ltr'><strong>judicium,</strong></span> <span class='ocrx_word' id='word_1_444' title='bbox 3427 2755 3495 2792; x_wconf 89' lang='lat' dir='ltr'><strong>an</strong></span> <span class='ocrx_word' id='word_1_445' title='bbox 3525 2737 3724 2807; x_wconf 77' lang='lat' dir='ltr'><strong>incipi?</strong></span> 
     </span>
    </p>
   </div>
   <div class='ocr_carea' id='block_1_58' title="bbox 2120 2829 3718 2907">
    <p class='ocr_par' dir='ltr' id='par_1_58' title="bbox 2120 2829 3718 2907">
     <span class='ocr_line' id='line_1_58' title="bbox 2120 2829 3718 2907; baseline -0.006 -19"><span class='ocrx_word' id='word_1_446' title='bbox 2120 2836 2460 2907; x_wconf 82' lang='lat' dir='ltr'><strong>pra-cipitari,</strong></span> <span class='ocrx_word' id='word_1_447' title='bbox 2489 2851 2558 2890; x_wconf 88' lang='lat' dir='ltr'><strong>an</strong></span> <span class='ocrx_word' id='word_1_448' title='bbox 2601 2831 3044 2904; x_wconf 59' lang='lat' dir='ltr'><strong>praeministrari‘?</strong></span> <span class='ocrx_word' id='word_1_449' title='bbox 3069 2830 3187 2885; x_wconf 66' lang='lat' dir='ltr'><strong>Iam</strong></span> <span class='ocrx_word' id='word_1_450' title='bbox 3234 2846 3380 2894; x_wconf 81' lang='lat' dir='ltr'><strong>vero,</strong></span> <span class='ocrx_word' id='word_1_451' title='bbox 3414 2845 3570 2900; x_wconf 89' lang='lat' dir='ltr'><strong>quam</strong></span> <span class='ocrx_word' id='word_1_452' title='bbox 3615 2829 3718 2882; x_wconf 87' lang='lat' dir='ltr'><strong>ini-</strong></span> 
     </span>
    </p>
   </div>
   <div class='ocr_carea' id='block_1_59' title="bbox 2119 2919 3725 3000">
    <p class='ocr_par' dir='ltr' id='par_1_59' title="bbox 2119 2919 3725 3000">
     <span class='ocr_line' id='line_1_59' title="bbox 2119 2919 3725 3000; baseline -0.004 -18"><span class='ocrx_word' id='word_1_453' title='bbox 2119 2930 2436 3000; x_wconf 88' lang='lat' dir='ltr'><strong>quissimum</strong></span> <span class='ocrx_word' id='word_1_454' title='bbox 2467 2928 2630 2982; x_wconf 88' lang='lat' dir='ltr'><strong>etiam</strong></span> <span class='ocrx_word' id='word_1_455' title='bbox 2653 2925 2794 2996; x_wconf 86' lang='lat' dir='ltr'><strong>apud</strong></span> <span class='ocrx_word' id='word_1_456' title='bbox 2823 2924 3043 2985; x_wconf 84' lang='lat' dir='ltr'><strong>inferos,</strong></span> <span class='ocrx_word' id='word_1_457' title='bbox 3066 2923 3110 2978; x_wconf 88' lang='lat' dir='ltr'><strong>si</strong></span> <span class='ocrx_word' id='word_1_458' title='bbox 3133 2933 3186 2978; x_wconf 90' lang='lat' dir='ltr'><strong>et</strong></span> <span class='ocrx_word' id='word_1_459' title='bbox 3215 2921 3529 2976; x_wconf 83' lang='lat' dir='ltr'><strong>nocentibus</strong></span> <span class='ocrx_word' id='word_1_460' title='bbox 3549 2919 3725 2976; x_wconf 90' lang='lat' dir='ltr'><strong>adhuc</strong></span> 
     </span>
    </p>
   </div>
   <div class='ocr_carea' id='block_1_60' title="bbox 2120 3013 3721 3086">
    <p class='ocr_par' dir='ltr' id='par_1_60' title="bbox 2120 3013 3721 3086">
     <span class='ocr_line' id='line_1_60' title="bbox 2120 3013 3721 3086; baseline -0.006 -8"><span class='ocrx_word' id='word_1_461' title='bbox 2120 3024 2225 3079; x_wconf 91' lang='lat' dir='ltr'><strong>illic</strong></span> <span class='ocrx_word' id='word_1_462' title='bbox 2267 3023 2402 3077; x_wconf 88' lang='lat' dir='ltr'><strong>bene</strong></span> <span class='ocrx_word' id='word_1_463' title='bbox 2449 3032 2553 3085; x_wconf 87' lang='lat' dir='ltr'><strong>est,</strong></span> <span class='ocrx_word' id='word_1_464' title='bbox 2599 3031 2654 3076; x_wconf 87' lang='lat' dir='ltr'><strong>et</strong></span> <span class='ocrx_word' id='word_1_465' title='bbox 2703 3021 3077 3075; x_wconf 88' lang='lat' dir='ltr'><strong>innocentibus</strong></span> <span class='ocrx_word' id='word_1_466' title='bbox 3123 3018 3396 3072; x_wconf 82' lang='lat' dir='ltr'><strong>nomium?</strong></span> <span class='ocrx_word' id='word_1_467' title='bbox 3429 3014 3512 3086; x_wconf 77' lang='grc' dir='ltr'><strong>(ά)</strong></span> <span class='ocrx_word' id='word_1_468' title='bbox 3541 3013 3721 3082; x_wconf 82' lang='lat' dir='ltr'><strong>Quid?</strong></span> 
     </span>
    </p>
   </div>
   <div class='ocr_carea' id='block_1_61' title="bbox 2117 3105 3717 3190">
    <p class='ocr_par' dir='ltr' id='par_1_61' title="bbox 2117 3105 3717 3190">
     <span class='ocr_line' id='line_1_61' title="bbox 2117 3105 3717 3190; baseline -0.006 -20"><span class='ocrx_word' id='word_1_469' title='bbox 2117 3116 2515 3187; x_wconf 86' lang='lat' dir='ltr'><strong>ampliationem</strong></span> <span class='ocrx_word' id='word_1_470' title='bbox 2565 3113 2643 3190; x_wconf 82' lang='grc'><strong>(5)</strong></span> <span class='ocrx_word' id='word_1_471' title='bbox 2691 3113 2772 3167; x_wconf 88' lang='lat' dir='ltr'><strong>vis</strong></span> <span class='ocrx_word' id='word_1_472' title='bbox 2817 3127 2936 3166; x_wconf 88' lang='lat' dir='ltr'><strong>esse</strong></span> <span class='ocrx_word' id='word_1_473' title='bbox 3004 3119 3122 3180; x_wconf 89' lang='lat' dir='ltr'><strong>post</strong></span> <span class='ocrx_word' id='word_1_474' title='bbox 3174 3117 3438 3174; x_wconf 86' lang='lat' dir='ltr'><strong>mortem,</strong></span> <span class='ocrx_word' id='word_1_475' title='bbox 3490 3105 3717 3162; x_wconf 89' lang='lat' dir='ltr'><strong>confusa</strong></span> 
     </span>
    </p>
   </div>
   <div class='ocr_carea' id='block_1_62' title="bbox 424 3197 3722 3283">
    <p class='ocr_par' dir='ltr' id='par_1_62' title="bbox 424 3197 3722 3283">
     <span class='ocr_line' id='line_1_62' title="bbox 424 3197 3722 3283; baseline -0.001 -30"><span class='ocrx_word' id='word_1_476' title='bbox 424 3201 605 3255; x_wconf 69' lang='lat' dir='ltr'><strong>otnnia</strong></span> <span class='ocrx_word' id='word_1_477' title='bbox 655 3213 774 3269; x_wconf 71' lang='lat' dir='ltr'><strong>qua:</strong></span> <span class='ocrx_word' id='word_1_478' title='bbox 805 3200 1070 3254; x_wconf 71' lang='lat' dir='ltr'><strong>ridentur.</strong></span> <span class='ocrx_word' id='word_1_479' title='bbox 1099 3197 1214 3254; x_wconf 88' lang='lat' dir='ltr'><strong>Non</strong></span> <span class='ocrx_word' id='word_1_480' title='bbox 1241 3200 1384 3254; x_wconf 89' lang='lat' dir='ltr'><strong>enim</strong></span> <span class='ocrx_word' id='word_1_481' title='bbox 1415 3201 1538 3270; x_wconf 83' lang='lat' dir='ltr'><strong>quia</strong></span> <span class='ocrx_word' id='word_1_482' title='bbox 1560 3201 1844 3270; x_wconf 88' lang='lat' dir='ltr'><strong>videntur,</strong></span> <span class='ocrx_word' id='word_1_483' title='bbox 1889 3219 2011 3258; x_wconf 85' lang='lat' dir='ltr'><strong>vera</strong></span> <span class='ocrx_word' id='word_1_484' title='bbox 2043 3221 2087 3283; x_wconf 68' lang='grc' dir='ltr'><strong>ί]</strong></span> <span class='ocrx_word' id='word_1_485' title='bbox 2122 3225 2216 3280; x_wconf 88' lang='lat' dir='ltr'><strong>spe</strong></span> <span class='ocrx_word' id='word_1_486' title='bbox 2273 3218 2328 3265; x_wconf 88' lang='lat' dir='ltr'><strong>et</strong></span> <span class='ocrx_word' id='word_1_487' title='bbox 2380 3209 2582 3264; x_wconf 91' lang='lat' dir='ltr'><strong>incerta</strong></span> <span class='ocrx_word' id='word_1_488' title='bbox 2619 3204 3021 3275; x_wconf 71' lang='grc' dir='ltr'><strong>ρκεμοοιιιιίοιιθ</strong></span> <span class='ocrx_word' id='word_1_489' title='bbox 3083 3202 3353 3256; x_wconf 79' lang='lat' dir='ltr'><strong>ludentem</strong></span> <span class='ocrx_word' id='word_1_490' title='bbox 3386 3241 3400 3265; x_wconf 94' lang='lat'><strong>,</strong></span> <span class='ocrx_word' id='word_1_491' title='bbox 3469 3216 3536 3252; x_wconf 91' lang='lat' dir='ltr'><strong>an</strong></span> <span class='ocrx_word' id='word_1_492' title='bbox 3597 3199 3722 3252; x_wconf 67' lang='lat' dir='ltr'><strong>vita:</strong></span> 
     </span>
    </p>
   </div>
   <div class='ocr_carea' id='block_1_63' title="bbox 421 3291 2016 3364">
    <p class='ocr_par' dir='ltr' id='par_1_63' title="bbox 421 3291 2016 3364">
     <span class='ocr_line' id='line_1_63' title="bbox 421 3291 2016 3364; baseline 0.001 -15"><span class='ocrx_word' id='word_1_493' title='bbox 421 3301 571 3358; x_wconf 77' lang='lat' dir='ltr'><strong>sunt,</strong></span> <span class='ocrx_word' id='word_1_494' title='bbox 602 3291 696 3346; x_wconf 87' lang='lat' dir='ltr'><strong>sed</strong></span> <span class='ocrx_word' id='word_1_495' title='bbox 726 3291 848 3362; x_wconf 86' lang='lat' dir='ltr'><strong>quia</strong></span> <span class='ocrx_word' id='word_1_496' title='bbox 880 3291 1258 3364; x_wconf 89' lang='lat' dir='ltr'><strong>adimplentur.</strong></span> <span class='ocrx_word' id='word_1_497' title='bbox 1295 3291 1456 3348; x_wconf 88' lang='lat' dir='ltr'><strong>Fides</strong></span> <span class='ocrx_word' id='word_1_498' title='bbox 1481 3295 1818 3352; x_wconf 85' lang='lat' dir='ltr'><strong>somniorum</strong></span> <span class='ocrx_word' id='word_1_499' title='bbox 1839 3294 1908 3350; x_wconf 90' lang='lat' dir='ltr'><strong>de</strong></span> <span class='ocrx_word' id='word_1_500' title='bbox 1936 3296 2016 3351; x_wconf 86' lang='lat' dir='ltr'><strong>ef-</strong></span> 
     </span>
    </p>
   </div>
   <div class='ocr_carea' id='block_1_64' title="bbox 423 3369 2015 3455">
    <p class='ocr_par' dir='ltr' id='par_1_64' title="bbox 423 3369 2015 3455">
     <span class='ocr_line' id='line_1_64' title="bbox 423 3369 2015 3455; baseline 0.003 -15"><span class='ocrx_word' id='word_1_501' title='bbox 423 3385 590 3447; x_wconf 88' lang='lat' dir='ltr'><strong>fectu,</strong></span> <span class='ocrx_word' id='word_1_502' title='bbox 640 3400 744 3438; x_wconf 89' lang='lat' dir='ltr'><strong>non</strong></span> <span class='ocrx_word' id='word_1_503' title='bbox 792 3384 860 3439; x_wconf 91' lang='lat' dir='ltr'><strong>de</strong></span> <span class='ocrx_word' id='word_1_504' title='bbox 908 3397 1200 3455; x_wconf 88' lang='lat' dir='ltr'><strong>conspectu</strong></span> <span class='ocrx_word' id='word_1_505' title='bbox 1250 3369 1606 3441; x_wconf 83' lang='lat' dir='ltr'><strong>renuntiatur.</strong></span> <span class='ocrx_word' id='word_1_506' title='bbox 1650 3386 1792 3442; x_wconf 90' lang='lat' dir='ltr'><strong>Nulli</strong></span> <span class='ocrx_word' id='word_1_507' title='bbox 1839 3399 2015 3444; x_wconf 89' lang='lat' dir='ltr'><strong>autem</strong></span> 
     </span>
    </p>
   </div>
   <div class='ocr_carea' id='block_1_65' title="bbox 427 3476 2012 3548">
    <p class='ocr_par' dir='ltr' id='par_1_65' title="bbox 427 3476 2012 3548">
     <span class='ocr_line' id='line_1_65' title="bbox 427 3476 2012 3548; baseline 0.001 -15"><span class='ocrx_word' id='word_1_508' title='bbox 427 3477 624 3533; x_wconf 76' lang='lat' dir='ltr'><strong>anima:</strong></span> <span class='ocrx_word' id='word_1_509' title='bbox 651 3476 870 3532; x_wconf 86' lang='lat' dir='ltr'><strong>omnino</strong></span> <span class='ocrx_word' id='word_1_510' title='bbox 917 3477 1116 3532; x_wconf 83' lang='lat' dir='ltr'><strong>inferos</strong></span> <span class='ocrx_word' id='word_1_511' title='bbox 1142 3487 1347 3548; x_wconf 70' lang='lat' dir='ltr'><strong>patere,</strong></span> <span class='ocrx_word' id='word_1_512' title='bbox 1389 3479 1520 3533; x_wconf 88' lang='lat' dir='ltr'><strong>satis</strong></span> <span class='ocrx_word' id='word_1_513' title='bbox 1551 3478 1806 3533; x_wconf 81' lang='lat' dir='ltr'><strong>Dominus</strong></span> <span class='ocrx_word' id='word_1_514' title='bbox 1837 3480 1888 3534; x_wconf 92' lang='lat' dir='ltr'><strong>in</strong></span> <span class='ocrx_word' id='word_1_515' title='bbox 1925 3496 2012 3534; x_wconf 90' lang='lat' dir='ltr'><strong>ar-</strong></span> 
     </span>
    </p>
   </div>
   <div class='ocr_carea' id='block_1_66' title="bbox 423 3568 2017 3644">
    <p class='ocr_par' dir='ltr' id='par_1_66' title="bbox 423 3568 2017 3644">
     <span class='ocr_line' id='line_1_66' title="bbox 423 3568 2017 3644; baseline 0.004 -23"><span class='ocrx_word' id='word_1_516' title='bbox 423 3579 680 3638; x_wconf 82' lang='lat' dir='ltr'><strong>gumento</strong></span> <span class='ocrx_word' id='word_1_517' title='bbox 705 3568 794 3622; x_wconf 88' lang='lat' dir='ltr'><strong>illo</strong></span> <span class='ocrx_word' id='word_1_518' title='bbox 827 3570 1076 3638; x_wconf 86' lang='lat' dir='ltr'><strong>pauperis</strong></span> <span class='ocrx_word' id='word_1_519' title='bbox 1120 3569 1528 3640; x_wconf 86' lang='lat' dir='ltr'><strong>requiescentis,</strong></span> <span class='ocrx_word' id='word_1_520' title='bbox 1563 3581 1614 3625; x_wconf 87' lang='lat' dir='ltr'><strong>et</strong></span> <span class='ocrx_word' id='word_1_521' title='bbox 1647 3571 1828 3626; x_wconf 87' lang='lat' dir='ltr'><strong>divitis</strong></span> <span class='ocrx_word' id='word_1_522' title='bbox 1866 3572 2017 3644; x_wconf 77' lang='lat' dir='ltr'><strong>inge-</strong></span> 
     </span>
    </p>
   </div>
   <div class='ocr_carea' id='block_1_67' title="bbox 425 3662 2016 3752">
    <p class='ocr_par' dir='ltr' id='par_1_67' title="bbox 425 3662 2016 3752">
     <span class='ocr_line' id='line_1_67' title="bbox 425 3662 2016 3752; baseline 0.004 -36"><span class='ocrx_word' id='word_1_523' title='bbox 425 3662 723 3726; x_wconf 86' lang='lat' dir='ltr'><strong>miscentis,</strong></span> <span class='ocrx_word' id='word_1_524' title='bbox 755 3677 820 3716; x_wconf 84' lang='lat' dir='ltr'><strong>ex</strong></span> <span class='ocrx_word' id='word_1_525' title='bbox 867 3677 1094 3731; x_wconf 85' lang='lat' dir='ltr'><strong>persona</strong></span> <span class='ocrx_word' id='word_1_526' title='bbox 1128 3663 1356 3717; x_wconf 72' lang='lat' dir='ltr'><strong>Abrahae</strong></span> <span class='ocrx_word' id='word_1_527' title='bbox 1399 3663 1792 3752; x_wconf 47' lang='lat' dir='ltr'><strong>s:inxit.(Luc.,</strong></span> <span class='ocrx_word' id='word_1_528' title='bbox 1824 3665 2016 3741; x_wconf 74' lang='lat' dir='ltr'><strong>XVI),</strong></span> 
     </span>
    </p>
   </div>
   <div class='ocr_carea' id='block_1_68' title="bbox 426 3754 2019 3830">
    <p class='ocr_par' dir='ltr' id='par_1_68' title="bbox 426 3754 2019 3830">
     <span class='ocr_line' id='line_1_68' title="bbox 426 3754 2019 3830; baseline 0.004 -20"><span class='ocrx_word' id='word_1_529' title='bbox 426 3771 531 3810; x_wconf 87' lang='lat' dir='ltr'><strong>non</strong></span> <span class='ocrx_word' id='word_1_530' title='bbox 561 3769 718 3826; x_wconf 85' lang='lat' dir='ltr'><strong>posse</strong></span> <span class='ocrx_word' id='word_1_531' title='bbox 747 3754 870 3808; x_wconf 85' lang='lat' dir='ltr'><strong>inde</strong></span> <span class='ocrx_word' id='word_1_532' title='bbox 916 3755 1143 3824; x_wconf 81' lang='lat' dir='ltr'><strong>relegari</strong></span> <span class='ocrx_word' id='word_1_533' title='bbox 1177 3757 1600 3814; x_wconf 88' lang='lat' dir='ltr'><strong>renuntiatorem</strong></span> <span class='ocrx_word' id='word_1_534' title='bbox 1647 3759 2019 3830; x_wconf 84' lang='lat' dir='ltr'><strong>dispositionis</strong></span> 
     </span>
    </p>
   </div>
   <div class='ocr_carea' id='block_1_69' title="bbox 425 3846 2022 3924">
    <p class='ocr_par' dir='ltr' id='par_1_69' title="bbox 425 3846 2022 3924">
     <span class='ocr_line' id='line_1_69' title="bbox 425 3846 2022 3924; baseline 0.005 -21"><span class='ocrx_word' id='word_1_535' title='bbox 425 3846 678 3910; x_wconf 73' lang='lat' dir='ltr'><strong>infernze;</strong></span> <span class='ocrx_word' id='word_1_536' title='bbox 709 3848 850 3919; x_wconf 88' lang='lat' dir='ltr'><strong>quod</strong></span> <span class='ocrx_word' id='word_1_537' title='bbox 881 3847 960 3901; x_wconf 89' lang='lat' dir='ltr'><strong>vel</strong></span> <span class='ocrx_word' id='word_1_538' title='bbox 994 3857 1118 3902; x_wconf 93' lang='lat' dir='ltr'><strong>tunc</strong></span> <span class='ocrx_word' id='word_1_539' title='bbox 1145 3848 1312 3905; x_wconf 88' lang='lat' dir='ltr'><strong>licere</strong></span> <span class='ocrx_word' id='word_1_540' title='bbox 1356 3853 1636 3920; x_wconf 89' lang='lat' dir='ltr'><strong>potuisset,</strong></span> <span class='ocrx_word' id='word_1_541' title='bbox 1666 3862 1726 3908; x_wconf 91' lang='lat' dir='ltr'><strong>ut</strong></span> <span class='ocrx_word' id='word_1_542' title='bbox 1756 3853 1920 3924; x_wconf 75' lang='lat' dir='ltr'><strong>Moysi</strong></span> <span class='ocrx_word' id='word_1_543' title='bbox 1965 3863 2022 3911; x_wconf 84' lang='lat' dir='ltr'><strong>et</strong></span> 
     </span>
    </p>
   </div>
   <div class='ocr_carea' id='block_1_70' title="bbox 424 3937 2016 4014">
    <p class='ocr_par' dir='ltr' id='par_1_70' title="bbox 424 3937 2016 4014">
     <span class='ocr_line' id='line_1_70' title="bbox 424 3937 2016 4014; baseline 0.004 -18"><span class='ocrx_word' id='word_1_544' title='bbox 424 3938 706 4011; x_wconf 83' lang='lat' dir='ltr'><strong>Prophetis</strong></span> <span class='ocrx_word' id='word_1_545' title='bbox 751 3937 1083 3995; x_wconf 88' lang='lat' dir='ltr'><strong>crederetur.</strong></span> <span class='ocrx_word' id='word_1_546' title='bbox 1141 3939 1248 3996; x_wconf 88' lang='lat' dir='ltr'><strong>Sed</strong></span> <span class='ocrx_word' id='word_1_547' title='bbox 1291 3942 1391 3996; x_wconf 88' lang='lat' dir='ltr'><strong>etsi</strong></span> <span class='ocrx_word' id='word_1_548' title='bbox 1438 3943 1695 4014; x_wconf 83' lang='lat' dir='ltr'><strong>quasdam</strong></span> <span class='ocrx_word' id='word_1_549' title='bbox 1743 3947 2016 4002; x_wconf 87' lang='lat' dir='ltr'><strong>revocavit</strong></span> 
     </span>
    </p>
   </div>
   <div class='ocr_carea' id='block_1_71' title="bbox 2123 3291 3722 3368">
    <p class='ocr_par' dir='ltr' id='par_1_71' title="bbox 2123 3291 3722 3368">
     <span class='ocr_line' id='line_1_71' title="bbox 2123 3291 3722 3368; baseline -0.006 -14"><span class='ocrx_word' id='word_1_550' title='bbox 2123 3315 2400 3356; x_wconf 81' lang='lat' dir='ltr'><strong>recensum</strong></span> <span class='ocrx_word' id='word_1_551' title='bbox 2447 3299 2557 3368; x_wconf 88' lang='lat' dir='ltr'><strong>jam</strong></span> <span class='ocrx_word' id='word_1_552' title='bbox 2622 3306 2678 3353; x_wconf 87' lang='lat' dir='ltr'><strong>et</strong></span> <span class='ocrx_word' id='word_1_553' title='bbox 2731 3296 3132 3352; x_wconf 87' lang='lat' dir='ltr'><strong>ordinationem</strong></span> <span class='ocrx_word' id='word_1_554' title='bbox 3191 3292 3377 3366; x_wconf 79' lang='lat' dir='ltr'><strong>jiulicii</strong></span> <span class='ocrx_word' id='word_1_555' title='bbox 3433 3291 3722 3346; x_wconf 66' lang='lat' dir='ltr'><strong>inhorrcno</strong></span> 
     </span>
    </p>
   </div>
   <div class='ocr_carea' id='block_1_72' title="bbox 2124 3387 3726 3462">
    <p class='ocr_par' dir='ltr' id='par_1_72' title="bbox 2124 3387 3726 3462">
     <span class='ocr_line' id='line_1_72' title="bbox 2124 3387 3726 3462; baseline -0.006 -15"><span class='ocrx_word' id='word_1_556' title='bbox 2124 3393 2266 3448; x_wconf 88' lang='lat' dir='ltr'><strong>tem?</strong></span> <span class='ocrx_word' id='word_1_557' title='bbox 2311 3394 2538 3462; x_wconf 86' lang='lat' dir='ltr'><strong>Semper</strong></span> <span class='ocrx_word' id='word_1_558' title='bbox 2599 3401 2777 3446; x_wconf 87' lang='lat' dir='ltr'><strong>autem</strong></span> <span class='ocrx_word' id='word_1_559' title='bbox 2821 3397 3104 3458; x_wconf 75' lang='lat' dir='ltr'><strong>exspectat</strong></span> <span class='ocrx_word' id='word_1_560' title='bbox 3148 3387 3324 3462; x_wconf 76' lang='lat' dir='ltr'><strong>anima</strong></span> <span class='ocrx_word' id='word_1_561' title='bbox 3391 3400 3615 3452; x_wconf 76' lang='lat' dir='ltr'><strong>corpus,</strong></span> <span class='ocrx_word' id='word_1_562' title='bbox 3665 3393 3726 3438; x_wconf 81' lang='lat' dir='ltr'><strong>ut</strong></span> 
     </span>
    </p>
   </div>
   <div class='ocr_carea' id='block_1_73' title="bbox 2121 3475 3727 3556">
    <p class='ocr_par' dir='ltr' id='par_1_73' title="bbox 2121 3475 3727 3556">
     <span class='ocr_line' id='line_1_73' title="bbox 2121 3475 3727 3556; baseline -0.005 -16"><span class='ocrx_word' id='word_1_563' title='bbox 2121 3485 2322 3549; x_wconf 80' lang='lat' dir='ltr'><strong>doleat,</strong></span> <span class='ocrx_word' id='word_1_564' title='bbox 2361 3495 2449 3540; x_wconf 87' lang='lat' dir='ltr'><strong>aut</strong></span> <span class='ocrx_word' id='word_1_565' title='bbox 2488 3482 2754 3556; x_wconf 78' lang='lat' dir='ltr'><strong>gaudeat?</strong></span> <span class='ocrx_word' id='word_1_566' title='bbox 2794 3480 2983 3535; x_wconf 84' lang='lat' dir='ltr'><strong>Nonne</strong></span> <span class='ocrx_word' id='word_1_567' title='bbox 3031 3489 3084 3534; x_wconf 91' lang='lat' dir='ltr'><strong>et</strong></span> <span class='ocrx_word' id='word_1_568' title='bbox 3128 3479 3196 3532; x_wconf 88' lang='lat' dir='ltr'><strong>de</strong></span> <span class='ocrx_word' id='word_1_569' title='bbox 3239 3493 3335 3530; x_wconf 86' lang='lat' dir='ltr'><strong>suo</strong></span> <span class='ocrx_word' id='word_1_570' title='bbox 3372 3475 3570 3531; x_wconf 70' lang='lat' dir='ltr'><strong>sufficit</strong></span> <span class='ocrx_word' id='word_1_571' title='bbox 3619 3476 3727 3532; x_wconf 90' lang='lat' dir='ltr'><strong>sibi</strong></span> 
     </span>
    </p>
   </div>
   <div class='ocr_carea' id='block_1_74' title="bbox 2121 3567 3726 3646">
    <p class='ocr_par' dir='ltr' id='par_1_74' title="bbox 2121 3567 3726 3646">
     <span class='ocr_line' id='line_1_74' title="bbox 2121 3567 3726 3646; baseline -0.006 -14"><span class='ocrx_word' id='word_1_572' title='bbox 2121 3577 2188 3632; x_wconf 90' lang='lat' dir='ltr'><strong>ad</strong></span> <span class='ocrx_word' id='word_1_573' title='bbox 2237 3586 2523 3646; x_wconf 87' lang='lat' dir='ltr'><strong>utrumque</strong></span> <span class='ocrx_word' id='word_1_574' title='bbox 2576 3573 2782 3629; x_wconf 89' lang='lat' dir='ltr'><strong>titulmn</strong></span> <span class='ocrx_word' id='word_1_575' title='bbox 2864 3571 3167 3642; x_wconf 85' lang='lat' dir='ltr'><strong>passionis?</strong></span> <span class='ocrx_word' id='word_1_576' title='bbox 3220 3569 3498 3638; x_wconf 86' lang='lat' dir='ltr'><strong>Quotiens,</strong></span> <span class='ocrx_word' id='word_1_577' title='bbox 3556 3567 3726 3622; x_wconf 70' lang='lat' dir='ltr'><strong>illaesa</strong></span> 
     </span>
    </p>
   </div>
   <div class='ocr_carea' id='block_1_75' title="bbox 2123 3657 3720 3740">
    <p class='ocr_par' dir='ltr' id='par_1_75' title="bbox 2123 3657 3720 3740">
     <span class='ocr_line' id='line_1_75' title="bbox 2123 3657 3720 3740; baseline -0.008 -15"><span class='ocrx_word' id='word_1_578' title='bbox 2123 3685 2368 3740; x_wconf 84' lang='lat' dir='ltr'><strong>corpore,</strong></span> <span class='ocrx_word' id='word_1_579' title='bbox 2399 3667 2575 3722; x_wconf 90' lang='lat' dir='ltr'><strong>anima</strong></span> <span class='ocrx_word' id='word_1_580' title='bbox 2611 3667 2725 3721; x_wconf 90' lang='lat' dir='ltr'><strong>sola</strong></span> <span class='ocrx_word' id='word_1_581' title='bbox 2767 3673 3046 3734; x_wconf 88' lang='lat' dir='ltr'><strong>torquetur</strong></span> <span class='ocrx_word' id='word_1_582' title='bbox 3073 3661 3198 3726; x_wconf 87' lang='lat' dir='ltr'><strong>bile,</strong></span> <span class='ocrx_word' id='word_1_583' title='bbox 3231 3661 3328 3726; x_wconf 90' lang='lat' dir='ltr'><strong>ira,</strong></span> <span class='ocrx_word' id='word_1_584' title='bbox 3375 3657 3554 3724; x_wconf 79' lang='lat' dir='ltr'><strong>taedio,</strong></span> <span class='ocrx_word' id='word_1_585' title='bbox 3605 3657 3720 3728; x_wconf 90' lang='lat' dir='ltr'><strong>ple-</strong></span> 
     </span>
    </p>
   </div>
   <div class='ocr_carea' id='block_1_76' title="bbox 2123 3751 3725 3835">
    <p class='ocr_par' dir='ltr' id='par_1_76' title="bbox 2123 3751 3725 3835">
     <span class='ocr_line' id='line_1_76' title="bbox 2123 3751 3725 3835; baseline -0.009 -15"><span class='ocrx_word' id='word_1_586' title='bbox 2123 3779 2347 3835; x_wconf 86' lang='lat' dir='ltr'><strong>rumque</strong></span> <span class='ocrx_word' id='word_1_587' title='bbox 2389 3778 2488 3818; x_wconf 90' lang='lat' dir='ltr'><strong>nec</strong></span> <span class='ocrx_word' id='word_1_588' title='bbox 2535 3760 2635 3816; x_wconf 89' lang='lat' dir='ltr'><strong>sibi</strong></span> <span class='ocrx_word' id='word_1_589' title='bbox 2677 3759 2844 3814; x_wconf 89' lang='lat' dir='ltr'><strong>uoto!</strong></span> <span class='ocrx_word' id='word_1_590' title='bbox 2887 3756 3137 3828; x_wconf 84' lang='lat' dir='ltr'><strong>quotiens</strong></span> <span class='ocrx_word' id='word_1_591' title='bbox 3167 3755 3292 3808; x_wconf 83' lang='lat' dir='ltr'><strong>item</strong></span> <span class='ocrx_word' id='word_1_592' title='bbox 3345 3767 3572 3824; x_wconf 85' lang='lat' dir='ltr'><strong>corpore</strong></span> <span class='ocrx_word' id='word_1_593' title='bbox 3623 3751 3725 3806; x_wconf 44' lang='lat' dir='ltr'><strong>ad;</strong></span> 
     </span>
    </p>
   </div>
   <div class='ocr_carea' id='block_1_77' title="bbox 2125 3846 3730 3919">
    <p class='ocr_par' dir='ltr' id='par_1_77' title="bbox 2125 3846 3730 3919">
     <span class='ocr_line' id='line_1_77' title="bbox 2125 3846 3730 3919; baseline -0.009 -7"><span class='ocrx_word' id='word_1_594' title='bbox 2125 3857 2266 3912; x_wconf 82' lang='lat' dir='ltr'><strong>flictu</strong></span> <span class='ocrx_word' id='word_1_595' title='bbox 2287 3856 2537 3911; x_wconf 89' lang='lat' dir='ltr'><strong>furtivum</strong></span> <span class='ocrx_word' id='word_1_596' title='bbox 2566 3853 2666 3909; x_wconf 89' lang='lat' dir='ltr'><strong>sibi</strong></span> <span class='ocrx_word' id='word_1_597' title='bbox 2697 3852 2872 3905; x_wconf 88' lang='lat' dir='ltr'><strong>anima</strong></span> <span class='ocrx_word' id='word_1_598' title='bbox 2899 3848 3148 3919; x_wconf 81' lang='lat' dir='ltr'><strong>gaudium</strong></span> <span class='ocrx_word' id='word_1_599' title='bbox 3182 3846 3432 3917; x_wconf 79' lang='lat' dir='ltr'><strong>exquirit,</strong></span> <span class='ocrx_word' id='word_1_600' title='bbox 3465 3853 3518 3899; x_wconf 88' lang='lat' dir='ltr'><strong>et</strong></span> <span class='ocrx_word' id='word_1_601' title='bbox 3544 3860 3574 3898; x_wconf 87' lang='lat' dir='ltr'><strong>a</strong></span> <span class='ocrx_word' id='word_1_602' title='bbox 3605 3859 3730 3898; x_wconf 77' lang='lat' dir='ltr'><strong>cor-</strong></span> 
     </span>
    </p>
   </div>
   <div class='ocr_carea' id='block_1_78' title="bbox 2126 3934 3729 4021">
    <p class='ocr_par' dir='ltr' id='par_1_78' title="bbox 2126 3934 3729 4021">
     <span class='ocr_line' id='line_1_78' title="bbox 2126 3934 3729 4021; baseline -0.008 -17"><span class='ocrx_word' id='word_1_603' title='bbox 2126 3950 2270 4021; x_wconf 90' lang='lat' dir='ltr'><strong>poris</strong></span> <span class='ocrx_word' id='word_1_604' title='bbox 2301 3949 2600 4018; x_wconf 85' lang='lat' dir='ltr'><strong>importuua</strong></span> <span class='ocrx_word' id='word_1_605' title='bbox 2633 3953 2759 4000; x_wconf 90' lang='lat' dir='ltr'><strong>tunc</strong></span> <span class='ocrx_word' id='word_1_606' title='bbox 2805 3941 3060 3998; x_wconf 87' lang='lat' dir='ltr'><strong>societate</strong></span> <span class='ocrx_word' id='word_1_607' title='bbox 3104 3939 3344 3994; x_wconf 81' lang='lat' dir='ltr'><strong>secedit!</strong></span> <span class='ocrx_word' id='word_1_608' title='bbox 3403 3936 3650 4002; x_wconf 84' lang='lat' dir='ltr'><strong>Mentior,</strong></span> <span class='ocrx_word' id='word_1_609' title='bbox 3678 3934 3729 3992; x_wconf 86' lang='lat' dir='ltr'><strong>si</strong></span> 
     </span>
    </p>
   </div>
   <div class='ocr_carea' id='block_1_79' title="bbox 1645 4057 2476 4120">
    <p class='ocr_par' dir='ltr' id='par_1_79' title="bbox 1645 4057 2476 4120">
     <span class='ocr_line' id='line_1_79' title="bbox 1645 4057 2476 4120; baseline 0.002 -8"><span class='ocrx_word' id='word_1_610' title='bbox 1645 4057 2027 4120; x_wconf 83' lang='lat' dir='ltr'><strong>LECTIONES</strong></span> <span class='ocrx_word' id='word_1_611' title='bbox 2066 4057 2476 4118; x_wconf 74' lang='lat' dir='ltr'><strong>VARIANTES.</strong></span> 
     </span>
    </p>
   </div>
   <div class='ocr_carea' id='block_1_80' title="bbox 426 4145 2019 4302">
    <p class='ocr_par' dir='ltr' id='par_1_80' title="bbox 426 4145 2019 4302">
     <span class='ocr_line' id='line_1_80' title="bbox 426 4145 2019 4302; baseline 0.001 -59"><span class='ocrx_word' id='word_1_612' title='bbox 426 4185 564 4302; x_wconf 51' lang='lat' dir='ltr'><strong>Sey.)</strong></span> <span class='ocrx_word' id='word_1_613' title='bbox 592 4187 647 4238; x_wconf 90' lang='lat' dir='ltr'><strong>In</strong></span> <span class='ocrx_word' id='word_1_614' title='bbox 662 4187 762 4238; x_wconf 85' lang='lat' dir='ltr'><strong>line</strong></span> <span class='ocrx_word' id='word_1_615' title='bbox 785 4181 928 4238; x_wconf 83' lang='lat' dir='ltr'><strong>Fuld.</strong></span> <span class='ocrx_word' id='word_1_616' title='bbox 953 4145 1117 4239; x_wconf 79' lang='lat' dir='ltr'><strong>Ursin.</strong></span> <span class='ocrx_word' id='word_1_617' title='bbox 1139 4190 1330 4254; x_wconf 79' lang='lat' dir='ltr'><strong>insigne</strong></span> <span class='ocrx_word' id='word_1_618' title='bbox 1357 4189 1540 4243; x_wconf 80' lang='lat' dir='ltr'><strong>Wouw.</strong></span> <span class='ocrx_word' id='word_1_619' title='bbox 1563 4193 1798 4248; x_wconf 63' lang='lat' dir='ltr'><strong>summis</strong></span> <span class='ocrx_word' id='word_1_620' title='bbox 1837 4195 2019 4265; x_wconf 81' lang='lat' dir='ltr'><strong>neglig.</strong></span> 
     </span>
    </p>
   </div>
   <div class='ocr_carea' id='block_1_81' title="bbox 2191 4191 3176 4262">
    <p class='ocr_par' dir='ltr' id='par_1_81' title="bbox 2191 4191 3176 4262">
     <span class='ocr_line' id='line_1_81' title="bbox 2191 4191 3176 4262; baseline -0.011 -13"><span class='ocrx_word' id='word_1_621' title='bbox 2191 4198 2264 4262; x_wconf 78' lang='grc'><strong>(2)</strong></span> <span class='ocrx_word' id='word_1_622' title='bbox 2290 4197 2343 4248; x_wconf 90' lang='lat' dir='ltr'><strong>In</strong></span> <span class='ocrx_word' id='word_1_623' title='bbox 2367 4195 2581 4262; x_wconf 80' lang='lat' dir='ltr'><strong>inserunt</strong></span> <span class='ocrx_word' id='word_1_624' title='bbox 2601 4204 2764 4262; x_wconf 68' lang='lat' dir='ltr'><strong>omnes</strong></span> <span class='ocrx_word' id='word_1_625' title='bbox 2779 4195 2958 4257; x_wconf 72' lang='lat' dir='ltr'><strong>prtefer</strong></span> <span class='ocrx_word' id='word_1_626' title='bbox 2985 4191 3176 4242; x_wconf 82' lang='lat' dir='ltr'><strong>Wouw.</strong></span> 
     </span>
    </p>
   </div>
   <div class='ocr_carea' id='block_1_82' title="bbox 2191 4260 3730 4329">
    <p class='ocr_par' dir='ltr' id='par_1_82' title="bbox 2191 4260 3730 4329">
     <span class='ocr_line' id='line_1_82' title="bbox 2191 4260 3730 4329; baseline -0.006 -17"><span class='ocrx_word' id='word_1_627' title='bbox 2191 4260 2263 4329; x_wconf 79' lang='grc'><strong>(5)</strong></span> <span class='ocrx_word' id='word_1_628' title='bbox 2289 4261 2511 4326; x_wconf 82' lang='lat' dir='ltr'><strong>Amplius</strong></span> <span class='ocrx_word' id='word_1_629' title='bbox 2535 4267 2682 4310; x_wconf 76' lang='lat' dir='ltr'><strong>Fran.</strong></span> <span class='ocrx_word' id='word_1_630' title='bbox 2705 4260 2850 4308; x_wconf 84' lang='lat' dir='ltr'><strong>Pam.</strong></span> <span class='ocrx_word' id='word_1_631' title='bbox 3704 4281 3730 4302; x_wconf 82' lang='lat'><em>.</em></span> 
     </span>
    </p>
   </div>
   <div class='ocr_carea' id='block_1_83' title="bbox 1779 4363 2336 4423">
    <p class='ocr_par' dir='ltr' id='par_1_83' title="bbox 1779 4363 2336 4423">
     <span class='ocr_line' id='line_1_83' title="bbox 1779 4363 2336 4423; baseline -0.002 -3"><span class='ocrx_word' id='word_1_632' title='bbox 1779 4363 2336 4423; x_wconf 72' lang='lat' dir='ltr'><strong>COMMENTARIUS.</strong></span> 
     </span>
    </p>
   </div>
   <div class='ocr_carea' id='block_1_84' title="bbox 433 4490 3731 4568">
    <p class='ocr_par' dir='ltr' id='par_1_84' title="bbox 433 4490 3731 4568">
     <span class='ocr_line' id='line_1_84' title="bbox 433 4490 3731 4568; baseline 0 -20"><span class='ocrx_word' id='word_1_633' title='bbox 433 4490 1094 4568; x_wconf 12' lang='lat' dir='ltr'><strong>mater_est_iidololatri:e,</strong></span> <span class='ocrx_word' id='word_1_634' title='bbox 1135 4505 1256 4563; x_wconf 75' lang='lat' dir='ltr'><strong>qua:</strong></span> <span class='ocrx_word' id='word_1_635' title='bbox 1286 4492 1492 4549; x_wconf 89' lang='lat' dir='ltr'><strong>crimen</strong></span> <span class='ocrx_word' id='word_1_636' title='bbox 1519 4493 1646 4549; x_wconf 93' lang='lat' dir='ltr'><strong>olim</strong></span> <span class='ocrx_word' id='word_1_637' title='bbox 1679 4495 1777 4551; x_wconf 90' lang='lat' dir='ltr'><strong>fuit</strong></span> <span class='ocrx_word' id='word_1_638' title='bbox 1813 4497 2016 4567; x_wconf 85' lang='lat' dir='ltr'><strong>princi-</strong></span> <span class='ocrx_word' id='word_1_639' title='bbox 2048 4500 2102 4562; x_wconf 91' lang='lat' dir='ltr'><strong>D</strong></span> <span class='ocrx_word' id='word_1_640' title='bbox 2127 4497 2464 4568; x_wconf 84' lang='lat' dir='ltr'><strong>adpellarttnt</strong></span> <span class='ocrx_word' id='word_1_641' title='bbox 2491 4496 2559 4551; x_wconf 88' lang='lat' dir='ltr'><strong>ab</strong></span> <span class='ocrx_word' id='word_1_642' title='bbox 2605 4501 2924 4566; x_wconf 87' lang='lat' dir='ltr'><strong>argumento</strong></span> <span class='ocrx_word' id='word_1_643' title='bbox 2970 4490 3096 4558; x_wconf 90' lang='lat' dir='ltr'><strong>loci,</strong></span> <span class='ocrx_word' id='word_1_644' title='bbox 3130 4490 3340 4545; x_wconf 85' lang='lat' dir='ltr'><strong>medios</strong></span> <span class='ocrx_word' id='word_1_645' title='bbox 3371 4492 3508 4546; x_wconf 88' lang='lat' dir='ltr'><strong>inter</strong></span> <span class='ocrx_word' id='word_1_646' title='bbox 3533 4507 3731 4552; x_wconf 79' lang='lat' dir='ltr'><strong>arenas</strong></span> 
     </span>
    </p>
   </div>
   <div class='ocr_carea' id='block_1_85' title="bbox 503 4563 808 4620">
    <p class='ocr_par' dir='ltr' id='par_1_85' title="bbox 503 4563 808 4620">
     <span class='ocr_line' id='line_1_85' title="bbox 503 4563 808 4620; baseline -0.007 -2"><span class='ocrx_word' id='word_1_647' title='bbox 503 4565 572 4620; x_wconf 91' lang='lat' dir='ltr'><strong>le.</strong></span> <span class='ocrx_word' id='word_1_648' title='bbox 607 4563 683 4618; x_wconf 78' lang='lat' dir='ltr'><strong>Ls</strong></span> <span class='ocrx_word' id='word_1_649' title='bbox 713 4564 808 4618; x_wconf 74' lang='lat' dir='ltr'><strong>I’n.</strong></span> 
     </span>
    </p>
   </div>
   <div class='ocr_carea' id='block_1_86' title="bbox 431 4579 2025 4708">
    <p class='ocr_par' dir='ltr' id='par_1_86' title="bbox 431 4579 2025 4708">
     <span class='ocr_line' id='line_1_86' title="bbox 431 4579 2025 4708; baseline 0.004 -21"><span class='ocrx_word' id='word_1_650' title='bbox 431 4579 588 4707; x_wconf 46' lang='lat' dir='ltr'><strong>pati.)</strong></span> <span class='ocrx_word' id='word_1_651' title='bbox 607 4579 960 4708; x_wconf 46' lang='lat' dir='ltr'><strong>ldfiiiindienit</strong></span> <span class='ocrx_word' id='word_1_652' title='bbox 981 4634 1209 4708; x_wconf 60' lang='lat' dir='ltr'><strong>animant</strong></span> <span class='ocrx_word' id='word_1_653' title='bbox 1229 4634 1484 4690; x_wconf 80' lang='lat' dir='ltr'><strong>Samuelis</strong></span> <span class='ocrx_word' id='word_1_654' title='bbox 1501 4636 1762 4708; x_wconf 80' lang='lat' dir='ltr'><strong>efﬁngere.</strong></span> <span class='ocrx_word' id='word_1_655' title='bbox 1786 4639 2025 4706; x_wconf 60' lang='lat' dir='ltr'><strong>Quamtio</strong></span> 
     </span>
    </p>
   </div>
   <div class='ocr_carea' id='block_1_87' title="bbox 435 4705 2024 4777">
    <p class='ocr_par' dir='ltr' id='par_1_87' title="bbox 435 4705 2024 4777">
     <span class='ocr_line' id='line_1_87' title="bbox 435 4705 2024 4777; baseline 0.001 -15"><span class='ocrx_word' id='word_1_656' title='bbox 435 4705 648 4762; x_wconf 82' lang='lat' dir='ltr'><strong>estnon</strong></span> <span class='ocrx_word' id='word_1_657' title='bbox 677 4708 745 4761; x_wconf 89' lang='lat' dir='ltr'><strong>de</strong></span> <span class='ocrx_word' id='word_1_658' title='bbox 763 4706 964 4770; x_wconf 81' lang='lat' dir='ltr'><strong>.nihilo,</strong></span> <span class='ocrx_word' id='word_1_659' title='bbox 995 4722 1062 4777; x_wconf 82' lang='lat' dir='ltr'><strong>an</strong></span> <span class='ocrx_word' id='word_1_660' title='bbox 1097 4705 1412 4777; x_wconf 76' lang='lat' dir='ltr'><strong>Pythouissa</strong></span> <span class='ocrx_word' id='word_1_661' title='bbox 1445 4705 1568 4762; x_wconf 85' lang='lat' dir='ltr'><strong>vere</strong></span> <span class='ocrx_word' id='word_1_662' title='bbox 1592 4705 1896 4765; x_wconf 81' lang='lat' dir='ltr'><strong>Samuelem</strong></span> <span class='ocrx_word' id='word_1_663' title='bbox 1926 4727 2024 4764; x_wconf 71' lang='lat' dir='ltr'><strong>ex-</strong></span> 
     </span>
    </p>
   </div>
   <div class='ocr_carea' id='block_1_88' title="bbox 441 4776 2028 4847">
    <p class='ocr_par' dir='ltr' id='par_1_88' title="bbox 441 4776 2028 4847">
     <span class='ocr_line' id='line_1_88' title="bbox 441 4776 2028 4847; baseline 0.004 -19"><span class='ocrx_word' id='word_1_664' title='bbox 441 4778 692 4840; x_wconf 86' lang='lat' dir='ltr'><strong>hibuerit,</strong></span> <span class='ocrx_word' id='word_1_665' title='bbox 721 4792 787 4830; x_wconf 89' lang='lat' dir='ltr'><strong>an</strong></span> <span class='ocrx_word' id='word_1_666' title='bbox 819 4793 950 4832; x_wconf 86' lang='lat' dir='ltr'><strong>vero</strong></span> <span class='ocrx_word' id='word_1_667' title='bbox 976 4776 1300 4839; x_wconf 65' lang='lat' dir='ltr'><strong>dminunem.</strong></span> <span class='ocrx_word' id='word_1_668' title='bbox 1325 4780 1412 4847; x_wconf 91' lang='lat' dir='ltr'><strong>qui</strong></span> <span class='ocrx_word' id='word_1_669' title='bbox 1441 4779 1588 4834; x_wconf 89' lang='lat' dir='ltr'><strong>Sauli</strong></span> <span class='ocrx_word' id='word_1_670' title='bbox 1619 4779 1952 4840; x_wconf 55' lang='lat' dir='ltr'><strong>fuenm.fecit</strong></span> <span class='ocrx_word' id='word_1_671' title='bbox 1971 4792 2028 4836; x_wconf 89' lang='lat' dir='ltr'><strong>et</strong></span> 
     </span>
    </p>
   </div>
   <div class='ocr_carea' id='block_1_89' title="bbox 438 4849 2026 4920">
    <p class='ocr_par' dir='ltr' id='par_1_89' title="bbox 438 4849 2026 4920">
     <span class='ocr_line' id='line_1_89' title="bbox 438 4849 2026 4920; baseline 0.001 -18"><span class='ocrx_word' id='word_1_672' title='bbox 438 4849 752 4920; x_wconf 67' lang='lat' dir='ltr'><strong>praestigias.</strong></span> <span class='ocrx_word' id='word_1_673' title='bbox 801 4849 1036 4903; x_wconf 86' lang='lat' dir='ltr'><strong>Primum</strong></span> <span class='ocrx_word' id='word_1_674' title='bbox 1088 4850 1601 4920; x_wconf 75' lang='lat' dir='ltr'><strong>:issei&#39;nntquidam,</strong></span> <span class='ocrx_word' id='word_1_675' title='bbox 1632 4855 1897 4918; x_wconf 86' lang='lat' dir='ltr'><strong>posterius</strong></span> <span class='ocrx_word' id='word_1_676' title='bbox 1945 4853 2026 4905; x_wconf 85' lang='lat' dir='ltr'><strong>af-</strong></span> 
     </span>
    </p>
   </div>
   <div class='ocr_carea' id='block_1_90' title="bbox 442 4919 2028 4994">
    <p class='ocr_par' dir='ltr' id='par_1_90' title="bbox 442 4919 2028 4994">
     <span class='ocr_line' id='line_1_90' title="bbox 442 4919 2028 4994; baseline 0.002 -22"><span class='ocrx_word' id='word_1_677' title='bbox 442 4919 794 4994; x_wconf 70' lang='lat' dir='ltr'><strong>iirniantemn</strong></span> <span class='ocrx_word' id='word_1_678' title='bbox 825 4920 1087 4994; x_wconf 78' lang='lat' dir='ltr'><strong>Septimio</strong></span> <span class='ocrx_word' id='word_1_679' title='bbox 1115 4919 1357 4994; x_wconf 57' lang='lat' dir='ltr'><strong>Iustinus</strong></span> <span class='ocrx_word' id='word_1_680' title='bbox 1384 4919 1591 4994; x_wconf 86' lang='lat' dir='ltr'><strong>martyr</strong></span> <span class='ocrx_word' id='word_1_681' title='bbox 1619 4925 1668 4994; x_wconf 88' lang='lat' dir='ltr'><strong>in</strong></span> <span class='ocrx_word' id='word_1_682' title='bbox 1699 4939 1934 4994; x_wconf 82' lang='lat' dir='ltr'><strong>respons.</strong></span> <span class='ocrx_word' id='word_1_683' title='bbox 1957 4922 2028 4976; x_wconf 82' lang='lat' dir='ltr'><strong>ad</strong></span> 
     </span>
    </p>
   </div>
   <div class='ocr_carea' id='block_1_91' title="bbox 439 4984 2030 5064">
    <p class='ocr_par' dir='ltr' id='par_1_91' title="bbox 439 4984 2030 5064">
     <span class='ocr_line' id='line_1_91' title="bbox 439 4984 2030 5064; baseline 0.004 -22"><span class='ocrx_word' id='word_1_684' title='bbox 439 4999 615 5055; x_wconf 72' lang='grc' dir='ltr'>(μιιεει.</span> <span class='ocrx_word' id='word_1_685' title='bbox 646 4990 715 5064; x_wconf 73' lang='grc'><strong>52</strong></span> <span class='ocrx_word' id='word_1_686' title='bbox 741 4984 1076 5060; x_wconf 78' lang='lat' dir='ltr'><strong>quwstionuni</strong></span> <span class='ocrx_word' id='word_1_687' title='bbox 1115 4988 1394 5046; x_wconf 76' lang='lat' dir='ltr'><strong>Christian.</strong></span> <span class='ocrx_word' id='word_1_688' title='bbox 1423 4984 1613 5064; x_wconf 44' lang='lat' dir='ltr'><strong>qui—ait</strong></span> <span class='ocrx_word' id='word_1_689' title='bbox 1657 4993 1707 5047; x_wconf 86' lang='lat' dir='ltr'><strong>id</strong></span> <span class='ocrx_word' id='word_1_690' title='bbox 1739 4984 2030 5064; x_wconf 79' lang='lat' dir='ltr'><strong>contigisse</strong></span> 
     </span>
    </p>
   </div>
   <div class='ocr_carea' id='block_1_92' title="bbox 439 5063 2031 5133">
    <p class='ocr_par' dir='ltr' id='par_1_92' title="bbox 439 5063 2031 5133">
     <span class='ocr_line' id='line_1_92' title="bbox 439 5063 2031 5133; baseline 0.003 -19"><span class='ocrx_word' id='word_1_691' title='bbox 439 5063 700 5115; x_wconf 74' lang='lat' dir='ltr'><strong>daemonis</strong></span> <span class='ocrx_word' id='word_1_692' title='bbox 740 5079 898 5132; x_wconf 84' lang='lat' dir='ltr'><strong>opera</strong></span> <span class='ocrx_word' id='word_1_693' title='bbox 927 5070 1288 5130; x_wconf 64' lang='lat' dir='ltr'><strong>spectatos-tun</strong></span> <span class='ocrx_word' id='word_1_694' title='bbox 1317 5066 1503 5117; x_wconf 87' lang='lat' dir='ltr'><strong>oculos</strong></span> <span class='ocrx_word' id='word_1_695' title='bbox 1534 5063 1841 5118; x_wconf 86' lang='lat' dir='ltr'><strong>fascinantis</strong></span> <span class='ocrx_word' id='word_1_696' title='bbox 1867 5063 2031 5133; x_wconf 51' lang='lat' dir='ltr'><strong>{sua</strong></span> 
     </span>
    </p>
   </div>
   <div class='ocr_carea' id='block_1_93' title="bbox 439 5135 2032 5207">
    <p class='ocr_par' dir='ltr' id='par_1_93' title="bbox 439 5135 2032 5207">
     <span class='ocr_line' id='line_1_93' title="bbox 439 5135 2032 5207; baseline 0.001 -20"><span class='ocrx_word' id='word_1_697' title='bbox 439 5143 530 5187; x_wconf 63' lang='grc' dir='ltr'><strong>τὶν</strong></span> <span class='ocrx_word' id='word_1_698' title='bbox 559 5139 784 5207; x_wconf 44' lang='lat' dir='ltr'><strong>(rep/sitm</strong></span> <span class='ocrx_word' id='word_1_699' title='bbox 824 5140 905 5189; x_wconf 75' lang='grc' dir='ltr'><strong>τοῦ</strong></span> <span class='ocrx_word' id='word_1_700' title='bbox 929 5135 1167 5203; x_wconf 64' lang='grc' dir='ltr'><strong>δαίμονες,</strong></span> <span class='ocrx_word' id='word_1_701' title='bbox 1190 5140 1273 5190; x_wconf 63' lang='grc' dir='ltr'><strong>τοῦ</strong></span> <span class='ocrx_word' id='word_1_702' title='bbox 1300 5142 1383 5198; x_wconf 76' lang='grc' dir='ltr'><strong>τὰς</strong></span> <span class='ocrx_word' id='word_1_703' title='bbox 1409 5141 1536 5207; x_wconf 71' lang='grc' dir='ltr'><strong>ὄψεις</strong></span> <span class='ocrx_word' id='word_1_704' title='bbox 1581 5141 1893 5207; x_wconf 58' lang='grc' dir='ltr'><strong>φ’·νε-ἇνσθντος</strong></span> <span class='ocrx_word' id='word_1_705' title='bbox 1943 5147 2032 5192; x_wconf 75' lang='grc' dir='ltr'><strong>τῶν</strong></span> 
     </span>
    </p>
   </div>
   <div class='ocr_carea' id='block_1_94' title="bbox 446 5203 2033 5276">
    <p class='ocr_par' dir='ltr' id='par_1_94' title="bbox 446 5203 2033 5276">
     <span class='ocr_line' id='line_1_94' title="bbox 446 5203 2033 5276; baseline 0.001 -18"><span class='ocrx_word' id='word_1_706' title='bbox 446 5210 681 5276; x_wconf 50' lang='lat' dir='ltr'><strong>ipsum;</strong></span> <span class='ocrx_word' id='word_1_707' title='bbox 712 5203 773 5258; x_wconf 87' lang='grc' dir='ltr'><strong>Β.</strong></span> <span class='ocrx_word' id='word_1_708' title='bbox 803 5208 1132 5273; x_wconf 71' lang='lat' dir='ltr'><strong>Augustinus</strong></span> <span class='ocrx_word' id='word_1_709' title='bbox 1157 5220 1260 5258; x_wconf 89' lang='lat' dir='ltr'><strong>non</strong></span> <span class='ocrx_word' id='word_1_710' title='bbox 1287 5221 1396 5276; x_wconf 88' lang='lat' dir='ltr'><strong>uno</strong></span> <span class='ocrx_word' id='word_1_711' title='bbox 1427 5203 1476 5258; x_wconf 87' lang='lat' dir='ltr'><strong>in</strong></span> <span class='ocrx_word' id='word_1_712' title='bbox 1511 5203 1628 5260; x_wconf 79' lang='lat' dir='ltr'><strong>loco</strong></span> <span class='ocrx_word' id='word_1_713' title='bbox 1659 5219 1711 5260; x_wconf 90' lang='lat' dir='ltr'><strong>ct</strong></span> <span class='ocrx_word' id='word_1_714' title='bbox 1743 5208 1856 5261; x_wconf 88' lang='lat' dir='ltr'><strong>alii.</strong></span> <span class='ocrx_word' id='word_1_715' title='bbox 1881 5207 2033 5260; x_wconf 87' lang='lat' dir='ltr'><strong>Ubti-</strong></span> 
     </span>
    </p>
   </div>
   <div class='ocr_carea' id='block_1_95' title="bbox 447 5275 2030 5345">
    <p class='ocr_par' dir='ltr' id='par_1_95' title="bbox 447 5275 2030 5345">
     <span class='ocr_line' id='line_1_95' title="bbox 447 5275 2030 5345; baseline 0.003 -17"><span class='ocrx_word' id='word_1_716' title='bbox 447 5275 561 5329; x_wconf 84' lang='lat' dir='ltr'><strong>nuit</strong></span> <span class='ocrx_word' id='word_1_717' title='bbox 591 5284 768 5328; x_wconf 85' lang='lat' dir='ltr'><strong>tamen</strong></span> <span class='ocrx_word' id='word_1_718' title='bbox 795 5281 1115 5344; x_wconf 82' lang='lat' dir='ltr'><strong>scriptorum</strong></span> <span class='ocrx_word' id='word_1_719' title='bbox 1145 5275 1447 5340; x_wconf 83' lang='lat' dir='ltr'><strong>multitudo,</strong></span> <span class='ocrx_word' id='word_1_720' title='bbox 1475 5280 1560 5345; x_wconf 87' lang='lat' dir='ltr'><strong>qui</strong></span> <span class='ocrx_word' id='word_1_721' title='bbox 1594 5292 1770 5330; x_wconf 86' lang='lat' dir='ltr'><strong>veram</strong></span> <span class='ocrx_word' id='word_1_722' title='bbox 1799 5279 2030 5332; x_wconf 85' lang='lat' dir='ltr'><strong>animam</strong></span> 
     </span>
    </p>
   </div>
   <div class='ocr_carea' id='block_1_96' title="bbox 447 5345 2032 5416">
    <p class='ocr_par' dir='ltr' id='par_1_96' title="bbox 447 5345 2032 5416">
     <span class='ocr_line' id='line_1_96' title="bbox 447 5345 2032 5416; baseline 0.001 -16"><span class='ocrx_word' id='word_1_723' title='bbox 447 5347 713 5400; x_wconf 75' lang='lat' dir='ltr'><strong>Samuelis</strong></span> <span class='ocrx_word' id='word_1_724' title='bbox 744 5346 1060 5416; x_wconf 62' lang='grc' dir='ltr'>ςιιιρειιιιὶεπο</span> <span class='ocrx_word' id='word_1_725' title='bbox 1103 5357 1402 5402; x_wconf 85' lang='lat' dir='ltr'><strong>autumant.</strong></span> <span class='ocrx_word' id='word_1_726' title='bbox 1438 5345 1491 5401; x_wconf 89' lang='lat' dir='ltr'><strong>In</strong></span> <span class='ocrx_word' id='word_1_727' title='bbox 1533 5349 1672 5401; x_wconf 87' lang='lat' dir='ltr'><strong>hunc</strong></span> <span class='ocrx_word' id='word_1_728' title='bbox 1701 5351 1859 5402; x_wconf 88' lang='lat' dir='ltr'><strong>etiam</strong></span> <span class='ocrx_word' id='word_1_729' title='bbox 1903 5363 2032 5400; x_wconf 81' lang='lat' dir='ltr'><strong>sen-</strong></span> 
     </span>
    </p>
   </div>
   <div class='ocr_carea' id='block_1_97' title="bbox 447 5418 2037 5490">
    <p class='ocr_par' dir='ltr' id='par_1_97' title="bbox 447 5418 2037 5490">
     <span class='ocr_line' id='line_1_97' title="bbox 447 5418 2037 5490; baseline 0.002 -20"><span class='ocrx_word' id='word_1_730' title='bbox 447 5433 562 5470; x_wconf 84' lang='lat' dir='ltr'><strong>sum</strong></span> <span class='ocrx_word' id='word_1_731' title='bbox 593 5419 810 5486; x_wconf 83' lang='lat' dir='ltr'><strong>pronior</strong></span> <span class='ocrx_word' id='word_1_732' title='bbox 839 5419 1046 5472; x_wconf 81' lang='lat' dir='ltr'><strong>videtur</strong></span> <span class='ocrx_word' id='word_1_733' title='bbox 1069 5425 1192 5490; x_wconf 84' lang='lat' dir='ltr'><strong>ante</strong></span> <span class='ocrx_word' id='word_1_734' title='bbox 1229 5419 1678 5490; x_wconf 31' lang='lat' dir='ltr'><strong>relatttsu‘sngust.</strong></span> <span class='ocrx_word' id='word_1_735' title='bbox 1711 5436 1829 5490; x_wconf 79' lang='lat' dir='ltr'><strong>cap.</strong></span> <span class='ocrx_word' id='word_1_736' title='bbox 1858 5418 1946 5474; x_wconf 73' lang='lat' dir='ltr'><strong>XV</strong></span> <span class='ocrx_word' id='word_1_737' title='bbox 1973 5420 2037 5473; x_wconf 85' lang='lat' dir='ltr'><strong>de</strong></span> 
     </span>
    </p>
   </div>
   <div class='ocr_carea' id='block_1_98' title="bbox 447 5477 2034 5558">
    <p class='ocr_par' dir='ltr' id='par_1_98' title="bbox 447 5477 2034 5558">
     <span class='ocr_line' id='line_1_98' title="bbox 447 5477 2034 5558; baseline 0.003 -20"><span class='ocrx_word' id='word_1_738' title='bbox 447 5504 568 5540; x_wconf 72' lang='lat' dir='ltr'><strong>cum</strong></span> <span class='ocrx_word' id='word_1_739' title='bbox 594 5477 689 5554; x_wconf 62' lang='lat' dir='ltr'><strong>pro</strong></span> <span class='ocrx_word' id='word_1_740' title='bbox 715 5499 862 5541; x_wconf 82' lang='lat' dir='ltr'><strong>mort.</strong></span> <span class='ocrx_word' id='word_1_741' title='bbox 895 5506 1041 5558; x_wconf 70' lang='lat' dir='ltr'><strong>ugen.</strong></span> <span class='ocrx_word' id='word_1_742' title='bbox 1075 5489 1196 5543; x_wconf 76' lang='lat' dir='ltr'><strong>vide.</strong></span> <span class='ocrx_word' id='word_1_743' title='bbox 1225 5503 1343 5558; x_wconf 75' lang='lat' dir='ltr'><strong>Cap.</strong></span> <span class='ocrx_word' id='word_1_744' title='bbox 1371 5477 1914 5548; x_wconf 54' lang='grc' dir='ltr'><strong>ΧῖλνΓΕηςῖιιςίᾸριίρί</strong></span> <span class='ocrx_word' id='word_1_745' title='bbox 1937 5532 1950 5552; x_wconf 82' lang='grc'>,</span> <span class='ocrx_word' id='word_1_746' title='bbox 1979 5500 2034 5545; x_wconf 89' lang='lat' dir='ltr'><strong>et</strong></span> 
     </span>
    </p>
   </div>
   <div class='ocr_carea' id='block_1_99' title="bbox 451 5559 2034 5632">
    <p class='ocr_par' dir='ltr' id='par_1_99' title="bbox 451 5559 2034 5632">
     <span class='ocr_line' id='line_1_99' title="bbox 451 5559 2034 5632; baseline 0.003 -23"><span class='ocrx_word' id='word_1_747' title='bbox 451 5559 690 5632; x_wconf 56' lang='lat' dir='ltr'><strong>expende</strong></span> <span class='ocrx_word' id='word_1_748' title='bbox 733 5575 911 5615; x_wconf 77' lang='lat' dir='ltr'><strong>Voces.</strong></span> <span class='ocrx_word' id='word_1_749' title='bbox 963 5561 1174 5632; x_wconf 51' lang='lat' dir='ltr'><strong>Alt-mini</strong></span> <span class='ocrx_word' id='word_1_750' title='bbox 1221 5559 1384 5632; x_wconf 59' lang='lat' dir='ltr'><strong>etiam</strong></span> <span class='ocrx_word' id='word_1_751' title='bbox 1431 5578 1516 5616; x_wconf 87' lang='lat' dir='ltr'><strong>me</strong></span> <span class='ocrx_word' id='word_1_752' title='bbox 1559 5563 1750 5632; x_wconf 81' lang='lat' dir='ltr'><strong>legisse</strong></span> <span class='ocrx_word' id='word_1_753' title='bbox 1801 5561 2034 5614; x_wconf 71' lang='lat' dir='ltr'><strong>labellum</strong></span> 
     </span>
    </p>
   </div>
   <div class='ocr_carea' id='block_1_100' title="bbox 452 5627 2038 5716">
    <p class='ocr_par' dir='ltr' id='par_1_100' title="bbox 452 5627 2038 5716">
     <span class='ocr_line' id='line_1_100' title="bbox 452 5627 2038 5716; baseline 0.003 -34"><span class='ocrx_word' id='word_1_754' title='bbox 519 5627 550 5716; x_wconf 43' lang='grc' dir='ltr'>ξι</span> <span class='ocrx_word' id='word_1_755' title='bbox 575 5633 959 5716; x_wconf 55' lang='lat' dir='ltr'><strong>autograplttttn</strong></span> <span class='ocrx_word' id='word_1_756' title='bbox 989 5630 1262 5716; x_wconf 55' lang='lat' dir='ltr'><strong>Qttiltgmi</strong></span> <span class='ocrx_word' id='word_1_757' title='bbox 1315 5631 1532 5688; x_wconf 80' lang='lat' dir='ltr'><strong>I’ostclli</strong></span> <span class='ocrx_word' id='word_1_758' title='bbox 1565 5627 1746 5706; x_wconf 23' lang='lat' dir='ltr'><strong>iniquae</strong></span> <span class='ocrx_word' id='word_1_759' title='bbox 1777 5632 1892 5687; x_wconf 84' lang='lat' dir='ltr'><strong>fuse</strong></span> <span class='ocrx_word' id='word_1_760' title='bbox 1923 5634 2038 5687; x_wconf 68' lang='lat' dir='ltr'><strong>haec</strong></span> 
     </span>
    </p>
   </div>
   <div class='ocr_carea' id='block_1_101' title="bbox 455 5697 1215 5758">
    <p class='ocr_par' dir='ltr' id='par_1_101' title="bbox 455 5697 1215 5758">
     <span class='ocr_line' id='line_1_101' title="bbox 455 5697 1215 5758; baseline 0.007 -5"><span class='ocrx_word' id='word_1_761' title='bbox 455 5701 671 5756; x_wconf 80' lang='lat' dir='ltr'><strong>historia</strong></span> <span class='ocrx_word' id='word_1_762' title='bbox 703 5697 979 5756; x_wconf 57' lang='lat' dir='ltr'><strong>t&#39;raeliitur.</strong></span> <span class='ocrx_word' id='word_1_763' title='bbox 1013 5697 1088 5758; x_wconf 68' lang='lat' dir='ltr'><strong>Le:</strong></span> <span class='ocrx_word' id='word_1_764' title='bbox 1119 5697 1215 5758; x_wconf 76' lang='grc' dir='ltr'><strong>Ρίι.</strong></span> 
     </span>
    </p>
   </div>
   <div class='ocr_carea' id='block_1_102' title="bbox 456 5771 2038 5926">
    <p class='ocr_par' dir='ltr' id='par_1_102' title="bbox 456 5771 2038 5926">
     <span class='ocr_line' id='line_1_102' title="bbox 523 5771 2038 5906; baseline 0.005 -82"><span class='ocrx_word' id='word_1_765' title='bbox 523 5771 603 5906; x_wconf 46' lang='grc' dir='ltr'><strong>(ιθ</strong></span> <span class='ocrx_word' id='word_1_766' title='bbox 658 5771 1058 5856; x_wconf 75' lang='lat' dir='ltr'><strong>Nusarnntonos&#39;.</strong></span> <span class='ocrx_word' id='word_1_767' title='bbox 1108 5775 1494 5858; x_wconf 80' lang='lat' dir='ltr'><strong>Nasamtnonas</strong></span> <span class='ocrx_word' id='word_1_768' title='bbox 1550 5772 1780 5856; x_wconf 77' lang='lat' dir='ltr'><strong>collocat</strong></span> <span class='ocrx_word' id='word_1_769' title='bbox 1832 5771 2038 5831; x_wconf 81' lang='lat' dir='ltr'><strong>Plinius</strong></span> 
     </span>
     <span class='ocr_line' id='line_1_103' title="bbox 456 5843 2038 5926; baseline -0.001 -20"><span class='ocrx_word' id='word_1_770' title='bbox 456 5843 527 5926; x_wconf 86' lang='grc' dir='ltr'><strong>(ι.</strong></span> <span class='ocrx_word' id='word_1_771' title='bbox 603 5885 620 5922; x_wconf 87' lang='lat'><strong>,</strong></span> <span class='ocrx_word' id='word_1_772' title='bbox 651 5859 702 5904; x_wconf 89' lang='lat' dir='ltr'><strong>c.</strong></span> <span class='ocrx_word' id='word_1_773' title='bbox 731 5843 804 5924; x_wconf 80' lang='lat'><strong>5)</strong></span> <span class='ocrx_word' id='word_1_774' title='bbox 834 5859 888 5906; x_wconf 85' lang='lat' dir='ltr'><strong>tu</strong></span> <span class='ocrx_word' id='word_1_775' title='bbox 915 5860 1011 5908; x_wconf 80' lang='lat' dir='ltr'><strong>ora</strong></span> <span class='ocrx_word' id='word_1_776' title='bbox 1037 5846 1240 5926; x_wconf 76' lang='lat' dir='ltr'><strong>Syrtis,</strong></span> <span class='ocrx_word' id='word_1_777' title='bbox 1268 5860 1406 5926; x_wconf 78' lang='lat' dir='ltr'><strong>quos</strong></span> <span class='ocrx_word' id='word_1_778' title='bbox 1433 5844 1606 5912; x_wconf 65' lang='lat' dir='ltr'><strong>Graeci</strong></span> <span class='ocrx_word' id='word_1_779' title='bbox 1644 5844 2038 5912; x_wconf 72' lang='lat' dir='ltr'><strong>Mesammones</strong></span> 
     </span>
    </p>
   </div>
   <div class='ocr_carea' id='block_1_103' title="bbox 515 5882 620 5922">
    <p class='ocr_par' dir='ltr' id='par_1_103' title="bbox 515 5882 620 5922">
     <span class='ocr_line' id='line_1_104' title="bbox 515 5882 620 5922; baseline 0 -22"><span class='ocrx_word' id='word_1_780' title='bbox 515 5882 527 5900; x_wconf 80' lang='grc' dir='ltr'><strong><em>ο</em></strong></span> <span class='ocrx_word' id='word_1_781' title='bbox 569 5882 620 5922; x_wconf 60' lang='grc' dir='ltr'><strong>τ’</strong></span> 
     </span>
    </p>
   </div>
   <div class='ocr_carea' id='block_1_104' title="bbox 651 5843 2038 5932">
    <p class='ocr_par' dir='ltr' id='par_1_104' title="bbox 651 5843 2038 5932">
     <span class='ocr_line' id='line_1_105' title="bbox 651 5843 2038 5932; baseline 0.004 -28"><span class='ocrx_word' id='word_1_782' title='bbox 651 5859 702 5904; x_wconf 90' lang='lat' dir='ltr'><strong>c.</strong></span> <span class='ocrx_word' id='word_1_783' title='bbox 731 5843 804 5924; x_wconf 80' lang='lat'><strong>5)</strong></span> <span class='ocrx_word' id='word_1_784' title='bbox 834 5845 888 5906; x_wconf 87' lang='lat' dir='ltr'><strong>in</strong></span> <span class='ocrx_word' id='word_1_785' title='bbox 915 5860 1011 5908; x_wconf 81' lang='lat' dir='ltr'><strong>ora</strong></span> <span class='ocrx_word' id='word_1_786' title='bbox 1037 5846 1240 5932; x_wconf 75' lang='lat' dir='ltr'><strong>Syrtis,</strong></span> <span class='ocrx_word' id='word_1_787' title='bbox 1268 5860 1406 5928; x_wconf 77' lang='lat' dir='ltr'><strong>quos</strong></span> <span class='ocrx_word' id='word_1_788' title='bbox 1433 5844 1606 5912; x_wconf 67' lang='lat' dir='ltr'><strong>Gnaei</strong></span> <span class='ocrx_word' id='word_1_789' title='bbox 1644 5844 2038 5912; x_wconf 70' lang='lat' dir='ltr'><strong>Mesammones</strong></span> 
     </span>
    </p>
   </div>
   <div class='ocr_carea' id='block_1_105' title="bbox 2129 4569 2448 4625">
    <p class='ocr_par' dir='ltr' id='par_1_105' title="bbox 2129 4569 2448 4625">
     <span class='ocr_line' id='line_1_106' title="bbox 2129 4569 2448 4625; baseline -0.019 0"><span class='ocrx_word' id='word_1_790' title='bbox 2129 4572 2282 4625; x_wconf 89' lang='lat' dir='ltr'><strong>sitos.</strong></span> <span class='ocrx_word' id='word_1_791' title='bbox 2313 4569 2448 4624; x_wconf 70' lang='lat' dir='ltr'><strong>Pan.</strong></span> 
     </span>
    </p>
   </div>
   <div class='ocr_carea' id='block_1_106' title="bbox 2199 4632 3726 4708">
    <p class='ocr_par' dir='ltr' id='par_1_106' title="bbox 2199 4632 3726 4708">
     <span class='ocr_line' id='line_1_107' title="bbox 2199 4632 3726 4708; baseline -0.004 -13"><span class='ocrx_word' id='word_1_792' title='bbox 2199 4640 2352 4695; x_wconf 86' lang='lat' dir='ltr'><strong>C.\P.</strong></span> <span class='ocrx_word' id='word_1_793' title='bbox 2389 4637 2570 4696; x_wconf 81' lang='lat' dir='ltr'><strong>LVIII.</strong></span> <span class='ocrx_word' id='word_1_794' title='bbox 2617 4667 2689 4678; x_wconf 89' lang='lat'><strong>-—-</strong></span> <span class='ocrx_word' id='word_1_795' title='bbox 2719 4633 2790 4708; x_wconf 93' lang='lat' dir='ltr'><strong>(c)</strong></span> <span class='ocrx_word' id='word_1_796' title='bbox 2831 4633 2958 4708; x_wconf 73' lang='lat' dir='ltr'><strong>(Inr_</strong></span> <span class='ocrx_word' id='word_1_797' title='bbox 2980 4632 3139 4708; x_wconf 40' lang='lat' dir='ltr'><strong>enini</strong></span> <span class='ocrx_word' id='word_1_798' title='bbox 3142 4648 3244 4685; x_wconf 84' lang='lat' dir='ltr'><strong>non</strong></span> <span class='ocrx_word' id='word_1_799' title='bbox 3273 4642 3432 4708; x_wconf 67' lang='lat' dir='ltr'><strong>putes</strong></span> <span class='ocrx_word' id='word_1_800' title='bbox 3461 4633 3684 4688; x_wconf 77' lang='lat' dir='ltr'><strong>animum</strong></span> <span class='ocrx_word' id='word_1_801' title='bbox 3708 4677 3726 4702; x_wconf 89' lang='lat'><strong>,</strong></span> 
     </span>
    </p>
   </div>
   <div class='ocr_carea' id='block_1_107' title="bbox 2129 4703 3726 4776">
    <p class='ocr_par' dir='ltr' id='par_1_107' title="bbox 2129 4703 3726 4776">
     <span class='ocr_line' id='line_1_108' title="bbox 2129 4703 3726 4776; baseline -0.005 -10"><span class='ocrx_word' id='word_1_802' title='bbox 2129 4721 2234 4768; x_wconf 87' lang='lat' dir='ltr'><strong>etc.</strong></span> <span class='ocrx_word' id='word_1_803' title='bbox 2266 4711 2412 4767; x_wconf 90' lang='lat' dir='ltr'><strong>Inter</strong></span> <span class='ocrx_word' id='word_1_804' title='bbox 2455 4725 2671 4767; x_wconf 66' lang='lat' dir='ltr'><strong>errores</strong></span> <span class='ocrx_word' id='word_1_805' title='bbox 2715 4703 3065 4776; x_wconf 51' lang='lat' dir='ltr'><strong>ct&#39;paradosa</strong></span> <span class='ocrx_word' id='word_1_806' title='bbox 3098 4703 3418 4776; x_wconf 85' lang='lat' dir='ltr'><strong>Tertulliani</strong></span> <span class='ocrx_word' id='word_1_807' title='bbox 3464 4721 3682 4776; x_wconf 86' lang='lat' dir='ltr'><strong>recense</strong></span> <span class='ocrx_word' id='word_1_808' title='bbox 3707 4748 3726 4774; x_wconf 86' lang='lat'><strong>,</strong></span> 
     </span>
    </p>
   </div>
   <div class='ocr_carea' id='block_1_108' title="bbox 2129 4774 3722 4852">
    <p class='ocr_par' dir='ltr' id='par_1_108' title="bbox 2129 4774 3722 4852">
     <span class='ocr_line' id='line_1_109' title="bbox 2129 4774 3722 4852; baseline -0.004 -17"><span class='ocrx_word' id='word_1_809' title='bbox 2129 4781 2217 4852; x_wconf 87' lang='lat' dir='ltr'><strong>qui</strong></span> <span class='ocrx_word' id='word_1_810' title='bbox 2241 4786 2452 4836; x_wconf 83' lang='lat' dir='ltr'><strong>animas</strong></span> <span class='ocrx_word' id='word_1_811' title='bbox 2481 4783 2678 4837; x_wconf 61' lang='lat' dir='ltr'><strong>caelum</strong></span> <span class='ocrx_word' id='word_1_812' title='bbox 2710 4774 2814 4832; x_wconf 80' lang='lat' dir='ltr'><strong>non</strong></span> <span class='ocrx_word' id='word_1_813' title='bbox 2850 4774 3490 4852; x_wconf 58' lang='lat' dir='ltr'><strong>intrat-eosqueinuitati</strong></span> <span class='ocrx_word' id='word_1_814' title='bbox 3513 4775 3722 4843; x_wconf 85' lang='lat' dir='ltr'><strong>jmlicii,</strong></span> 
     </span>
    </p>
   </div>
   <div class='ocr_carea' id='block_1_109' title="bbox 2130 4845 3728 4920">
    <p class='ocr_par' dir='ltr' id='par_1_109' title="bbox 2130 4845 3728 4920">
     <span class='ocr_line' id='line_1_110' title="bbox 2130 4845 3728 4920; baseline -0.006 -12"><span class='ocrx_word' id='word_1_815' title='bbox 2130 4845 2182 4908; x_wconf 78' lang='lat' dir='ltr'><strong>et</strong></span> <span class='ocrx_word' id='word_1_816' title='bbox 2211 4856 2259 4906; x_wconf 90' lang='lat' dir='ltr'><strong>in</strong></span> <span class='ocrx_word' id='word_1_817' title='bbox 2291 4853 2472 4908; x_wconf 57' lang='lat' dir='ltr'><strong>inferis</strong></span> <span class='ocrx_word' id='word_1_818' title='bbox 2495 4854 2691 4920; x_wconf 79' lang='lat' dir='ltr'><strong>degere</strong></span> <span class='ocrx_word' id='word_1_819' title='bbox 2710 4848 2915 4920; x_wconf 83' lang='lat' dir='ltr'><strong>statuit.</strong></span> <span class='ocrx_word' id='word_1_820' title='bbox 2942 4845 3093 4902; x_wconf 88' lang='lat' dir='ltr'><strong>Unde</strong></span> <span class='ocrx_word' id='word_1_821' title='bbox 3115 4860 3232 4912; x_wconf 80' lang='lat' dir='ltr'><strong>cap.</strong></span> <span class='ocrx_word' id='word_1_822' title='bbox 3259 4845 3342 4920; x_wconf 55' lang='grc' dir='ltr'><strong>ιλν</strong></span> <span class='ocrx_word' id='word_1_823' title='bbox 3369 4846 3521 4907; x_wconf 82' lang='lat' dir='ltr'><strong>dixit,</strong></span> <span class='ocrx_word' id='word_1_824' title='bbox 3549 4863 3728 4920; x_wconf 77' lang='lat' dir='ltr'><strong>asper-</strong></span> 
     </span>
    </p>
   </div>
   <div class='ocr_carea' id='block_1_110' title="bbox 2131 4915 3728 4993">
    <p class='ocr_par' dir='ltr' id='par_1_110' title="bbox 2131 4915 3728 4993">
     <span class='ocr_line' id='line_1_111' title="bbox 2131 4915 3728 4993; baseline -0.003 -16"><span class='ocrx_word' id='word_1_825' title='bbox 2131 4925 2259 4987; x_wconf 76' lang='lat' dir='ltr'><strong>nati,</strong></span> <span class='ocrx_word' id='word_1_826' title='bbox 2275 4929 2316 4976; x_wconf 78' lang='lat' dir='ltr'><strong>si</strong></span> <span class='ocrx_word' id='word_1_827' title='bbox 2343 4927 2496 4993; x_wconf 76' lang='lat' dir='ltr'><strong>forte,</strong></span> <span class='ocrx_word' id='word_1_828' title='bbox 2519 4915 3319 4993; x_wconf 27' lang='lat' dir='ltr'><strong>iulium/ia:sinu.__ra:peetnndte</strong></span> <span class='ocrx_word' id='word_1_829' title='bbox 3345 4918 3728 4972; x_wconf 73' lang='lat' dir='ltr'><strong>resurrectionis</strong></span> 
     </span>
    </p>
   </div>
   <div class='ocr_carea' id='block_1_111' title="bbox 2132 4987 3727 5062">
    <p class='ocr_par' dir='ltr' id='par_1_111' title="bbox 2132 4987 3727 5062">
     <span class='ocr_line' id='line_1_112' title="bbox 2132 4987 3727 5062; baseline -0.006 -13"><span class='ocrx_word' id='word_1_830' title='bbox 2132 4987 2366 5049; x_wconf 77' lang='lat' dir='ltr'><strong>solatium</strong></span> <span class='ocrx_word' id='word_1_831' title='bbox 2398 4987 2594 5062; x_wconf 74' lang='lat' dir='ltr'><strong>capere.</strong></span> <span class='ocrx_word' id='word_1_832' title='bbox 2638 4993 2771 5044; x_wconf 71' lang='lat' dir='ltr'><strong>Illud</strong></span> <span class='ocrx_word' id='word_1_833' title='bbox 2805 5005 2931 5062; x_wconf 73' lang='lat' dir='ltr'><strong>vero</strong></span> <span class='ocrx_word' id='word_1_834' title='bbox 2959 4987 3294 5062; x_wconf 82' lang='lat' dir='ltr'><strong>&#39;I‘ertulliano</strong></span> <span class='ocrx_word' id='word_1_835' title='bbox 3325 5002 3614 5040; x_wconf 82' lang='lat' dir='ltr'><strong>commune</strong></span> <span class='ocrx_word' id='word_1_836' title='bbox 3639 4999 3727 5043; x_wconf 75' lang='lat' dir='ltr'><strong>est</strong></span> 
     </span>
    </p>
   </div>
   <div class='ocr_carea' id='block_1_112' title="bbox 2133 5059 3727 5127">
    <p class='ocr_par' dir='ltr' id='par_1_112' title="bbox 2133 5059 3727 5127">
     <span class='ocr_line' id='line_1_113' title="bbox 2133 5059 3727 5127; baseline -0.006 -6"><span class='ocrx_word' id='word_1_837' title='bbox 2133 5082 2265 5121; x_wconf 88' lang='lat' dir='ltr'><strong>com-</strong></span> <span class='ocrx_word' id='word_1_838' title='bbox 2287 5068 2402 5120; x_wconf 90' lang='lat' dir='ltr'><strong>aliis</strong></span> <span class='ocrx_word' id='word_1_839' title='bbox 2432 5059 2634 5127; x_wconf 85' lang='lat' dir='ltr'><strong>multis,</strong></span> <span class='ocrx_word' id='word_1_840' title='bbox 2665 5063 2716 5114; x_wconf 90' lang='lat' dir='ltr'><strong>in</strong></span> <span class='ocrx_word' id='word_1_841' title='bbox 2747 5059 2941 5126; x_wconf 88' lang='lat' dir='ltr'><strong>quibus</strong></span> <span class='ocrx_word' id='word_1_842' title='bbox 2982 5059 3202 5127; x_wconf 76' lang='lat' dir='ltr'><strong>lizeresls</strong></span> <span class='ocrx_word' id='word_1_843' title='bbox 3227 5073 3348 5111; x_wconf 87' lang='lat' dir='ltr'><strong>esse</strong></span> <span class='ocrx_word' id='word_1_844' title='bbox 3387 5073 3492 5110; x_wconf 91' lang='lat' dir='ltr'><strong>non</strong></span> <span class='ocrx_word' id='word_1_845' title='bbox 3526 5067 3727 5124; x_wconf 73' lang='lat' dir='ltr'><strong>potest,</strong></span> 
     </span>
    </p>
   </div>
   <div class='ocr_carea' id='block_1_113' title="bbox 2133 5125 3730 5195">
    <p class='ocr_par' dir='ltr' id='par_1_113' title="bbox 2133 5125 3730 5195">
     <span class='ocr_line' id='line_1_114' title="bbox 2133 5125 3730 5195; baseline -0.006 -3"><span class='ocrx_word' id='word_1_846' title='bbox 2133 5153 2253 5192; x_wconf 86' lang='lat' dir='ltr'><strong>eum</strong></span> <span class='ocrx_word' id='word_1_847' title='bbox 2289 5138 2416 5190; x_wconf 85' lang='lat' dir='ltr'><strong>nihil</strong></span> <span class='ocrx_word' id='word_1_848' title='bbox 2447 5125 2722 5189; x_wconf 74' lang='lat' dir='ltr'><strong>statuisset</strong></span> <span class='ocrx_word' id='word_1_849' title='bbox 2750 5125 3014 5183; x_wconf 81' lang='lat' dir='ltr'><strong>Ecclesia.</strong></span> <span class='ocrx_word' id='word_1_850' title='bbox 3047 5125 3230 5195; x_wconf 85' lang='lat' dir='ltr'><strong>Neque</strong></span> <span class='ocrx_word' id='word_1_851' title='bbox 3257 5127 3399 5181; x_wconf 88' lang='lat' dir='ltr'><strong>enim</strong></span> <span class='ocrx_word' id='word_1_852' title='bbox 3437 5137 3564 5195; x_wconf 87' lang='lat' dir='ltr'><strong>puto</strong></span> <span class='ocrx_word' id='word_1_853' title='bbox 3609 5128 3730 5183; x_wconf 78' lang='lat' dir='ltr'><strong>illos</strong></span> 
     </span>
    </p>
   </div>
   <div class='ocr_carea' id='block_1_114' title="bbox 2137 5197 3730 5277">
    <p class='ocr_par' dir='ltr' id='par_1_114' title="bbox 2137 5197 3730 5277">
     <span class='ocr_line' id='line_1_115' title="bbox 2137 5197 3730 5277; baseline -0.004 -17"><span class='ocrx_word' id='word_1_854' title='bbox 2137 5222 2362 5277; x_wconf 74' lang='lat' dir='ltr'><strong>negasse</strong></span> <span class='ocrx_word' id='word_1_855' title='bbox 2406 5205 2628 5275; x_wconf 80' lang='lat' dir='ltr'><strong>gloriam</strong></span> <span class='ocrx_word' id='word_1_856' title='bbox 2674 5201 2880 5277; x_wconf 73' lang='lat' dir='ltr'><strong>visionis</strong></span> <span class='ocrx_word' id='word_1_857' title='bbox 2911 5197 3176 5277; x_wconf 69' lang='lat' dir='ltr'><strong>benti/iere,</strong></span> <span class='ocrx_word' id='word_1_858' title='bbox 3209 5199 3543 5266; x_wconf 80' lang='lat' dir='ltr'><strong>Sanctosqne</strong></span> <span class='ocrx_word' id='word_1_859' title='bbox 3587 5198 3730 5277; x_wconf 83' lang='lat' dir='ltr'><strong>intc-</strong></span> 
     </span>
    </p>
   </div>
   <div class='ocr_carea' id='block_1_115' title="bbox 2135 5269 3730 5349">
    <p class='ocr_par' dir='ltr' id='par_1_115' title="bbox 2135 5269 3730 5349">
     <span class='ocr_line' id='line_1_116' title="bbox 2135 5269 3730 5349; baseline -0.006 -16"><span class='ocrx_word' id='word_1_860' title='bbox 2135 5269 2234 5349; x_wconf 64' lang='lat' dir='ltr'><strong>gra</strong></span> <span class='ocrx_word' id='word_1_861' title='bbox 2260 5269 2586 5349; x_wconf 78' lang='lat' dir='ltr'><strong>beatitudine</strong></span> <span class='ocrx_word' id='word_1_862' title='bbox 2614 5288 2717 5349; x_wconf 71' lang='lat' dir='ltr'><strong>non</strong></span> <span class='ocrx_word' id='word_1_863' title='bbox 2765 5270 3021 5349; x_wconf 70' lang='lat' dir='ltr'><strong>fruiturus</strong></span> <span class='ocrx_word' id='word_1_864' title='bbox 3052 5271 3152 5348; x_wconf 77' lang='lat' dir='ltr'><strong>nisi</strong></span> <span class='ocrx_word' id='word_1_865' title='bbox 3199 5281 3317 5335; x_wconf 86' lang='lat' dir='ltr'><strong>post</strong></span> <span class='ocrx_word' id='word_1_866' title='bbox 3359 5269 3730 5349; x_wconf 71' lang='lat' dir='ltr'><strong>resurrectio-</strong></span> 
     </span>
    </p>
   </div>
   <div class='ocr_carea' id='block_1_116' title="bbox 2138 5339 3732 5408">
    <p class='ocr_par' dir='ltr' id='par_1_116' title="bbox 2138 5339 3732 5408">
     <span class='ocr_line' id='line_1_117' title="bbox 2138 5339 3732 5408; baseline 0.008 -26"><span class='ocrx_word' id='word_1_867' title='bbox 2138 5339 2282 5403; x_wconf 49' lang='lat' dir='ltr'><strong>(mm.</strong></span> <span class='ocrx_word' id='word_1_868' title='bbox 2310 5347 2444 5402; x_wconf 64' lang='lat' dir='ltr'><strong>cum</strong></span> <span class='ocrx_word' id='word_1_869' title='bbox 2476 5346 2540 5400; x_wconf 59' lang='lat' dir='ltr'><strong>iis</strong></span> <span class='ocrx_word' id='word_1_870' title='bbox 2569 5354 2616 5397; x_wconf 69' lang='grc' dir='ltr'>οι</span> <span class='ocrx_word' id='word_1_871' title='bbox 2643 5340 2974 5396; x_wconf 73' lang='grc' dir='ltr'>ἰὐι-ιηιιίειιιο</span> <span class='ocrx_word' id='word_1_872' title='bbox 2999 5341 3180 5408; x_wconf 85' lang='lat' dir='ltr'><strong>mitius</strong></span> <span class='ocrx_word' id='word_1_873' title='bbox 3199 5339 3483 5408; x_wconf 81' lang='lat' dir='ltr'><strong>agendum.</strong></span> <span class='ocrx_word' id='word_1_874' title='bbox 3512 5339 3602 5408; x_wconf 87' lang='lat' dir='ltr'><strong>qui</strong></span> <span class='ocrx_word' id='word_1_875' title='bbox 3621 5340 3732 5394; x_wconf 84' lang='lat' dir='ltr'><strong>for-</strong></span> 
     </span>
    </p>
   </div>
   <div class='ocr_carea' id='block_1_117' title="bbox 2137 5407 3598 5487">
    <p class='ocr_par' dir='ltr' id='par_1_117' title="bbox 2137 5407 3598 5487">
     <span class='ocr_line' id='line_1_118' title="bbox 2137 5407 3598 5487; baseline -0.01 -12"><span class='ocrx_word' id='word_1_876' title='bbox 2137 5435 2231 5474; x_wconf 83' lang='lat' dir='ltr'><strong>san</strong></span> <span class='ocrx_word' id='word_1_877' title='bbox 2267 5420 2354 5472; x_wconf 67' lang='lat' dir='ltr'><strong>Dei</strong></span> <span class='ocrx_word' id='word_1_878' title='bbox 2385 5417 2605 5487; x_wconf 65' lang='lat' dir='ltr'><strong>gloriam</strong></span> <span class='ocrx_word' id='word_1_879' title='bbox 2635 5412 2816 5487; x_wconf 72' lang='lat' dir='ltr'><strong>videre</strong></span> <span class='ocrx_word' id='word_1_880' title='bbox 2847 5427 2948 5462; x_wconf 85' lang='lat' dir='ltr'><strong>non</strong></span> <span class='ocrx_word' id='word_1_881' title='bbox 2968 5407 3198 5487; x_wconf 83' lang='lat' dir='ltr'><strong>_inliciati</strong></span> <span class='ocrx_word' id='word_1_882' title='bbox 3229 5420 3370 5462; x_wconf 86' lang='lat' dir='ltr'><strong>sunt.</strong></span> <span class='ocrx_word' id='word_1_883' title='bbox 3404 5407 3479 5462; x_wconf 72' lang='lat' dir='ltr'>LE</span> <span class='ocrx_word' id='word_1_884' title='bbox 3507 5407 3598 5462; x_wconf 78' lang='lat' dir='ltr'><strong>l&#39;n.</strong></span> 
     </span>
    </p>
   </div>
   <div class='ocr_carea' id='block_1_118' title="bbox 2214 5479 3739 5561">
    <p class='ocr_par' dir='ltr' id='par_1_118' title="bbox 2214 5479 3739 5561">
     <span class='ocr_line' id='line_1_119' title="bbox 2214 5479 3739 5561; baseline -0.006 -17"><span class='ocrx_word' id='word_1_885' title='bbox 2214 5489 2293 5561; x_wconf 79' lang='grc' dir='ltr'>(ιι)</span> <span class='ocrx_word' id='word_1_886' title='bbox 2326 5479 2498 5555; x_wconf 74' lang='lat' dir='ltr'><strong>Quid?</strong></span> <span class='ocrx_word' id='word_1_887' title='bbox 2524 5479 3004 5561; x_wconf 53' lang='lat' dir='ltr'><strong>atnpliutionemrt&#39;is</strong></span> <span class='ocrx_word' id='word_1_888' title='bbox 3031 5495 3141 5561; x_wconf 51' lang='lat' dir='ltr'><strong>esse</strong></span> <span class='ocrx_word' id='word_1_889' title='bbox 3179 5489 3290 5561; x_wconf 59' lang='lat' dir='ltr'><strong>post</strong></span> <span class='ocrx_word' id='word_1_890' title='bbox 3333 5490 3568 5561; x_wconf 55' lang='lat' dir='ltr'><strong>inertium</strong></span> <span class='ocrx_word' id='word_1_891' title='bbox 3611 5480 3739 5536; x_wconf 78' lang='lat' dir='ltr'><strong>Ele-</strong></span> 
     </span>
    </p>
   </div>
   <div class='ocr_carea' id='block_1_119' title="bbox 2141 5549 3742 5633">
    <p class='ocr_par' dir='ltr' id='par_1_119' title="bbox 2141 5549 3742 5633">
     <span class='ocr_line' id='line_1_120' title="bbox 2141 5549 3742 5633; baseline -0.004 -21"><span class='ocrx_word' id='word_1_892' title='bbox 2141 5549 2426 5633; x_wconf 34' lang='lat' dir='ltr'><strong>gaptcrwait</strong></span> <span class='ocrx_word' id='word_1_893' title='bbox 2459 5549 2835 5624; x_wconf 82' lang='lat' dir='ltr'><strong>interrogamlo</strong></span> <span class='ocrx_word' id='word_1_894' title='bbox 2854 5593 2880 5632; x_wconf 45' lang='lat'><strong>,.</strong></span> <span class='ocrx_word' id='word_1_895' title='bbox 2905 5549 3040 5633; x_wconf 61' lang='lat' dir='ltr'><strong>Quid</strong></span> <span class='ocrx_word' id='word_1_896' title='bbox 3052 5549 3076 5602; x_wconf 66' lang='lat'><strong>1’</strong></span> <span class='ocrx_word' id='word_1_897' title='bbox 3111 5549 3596 5633; x_wconf 40' lang='lat' dir='ltr'><strong>rnnpliotiquentouis</strong></span> <span class='ocrx_word' id='word_1_898' title='bbox 3628 5567 3742 5633; x_wconf 64' lang='lat' dir='ltr'><strong>esse</strong></span> 
     </span>
    </p>
   </div>
   <div class='ocr_carea' id='block_1_120' title="bbox 2143 5618 3740 5705">
    <p class='ocr_par' dir='ltr' id='par_1_120' title="bbox 2143 5618 3740 5705">
     <span class='ocr_line' id='line_1_121' title="bbox 2143 5618 3740 5705; baseline -0.008 -19"><span class='ocrx_word' id='word_1_899' title='bbox 2143 5618 2255 5705; x_wconf 55' lang='lat' dir='ltr'><strong>Eoi:</strong></span> <span class='ocrx_word' id='word_1_900' title='bbox 2281 5628 2534 5685; x_wconf 79' lang='lat' dir='ltr'><strong>mortem?</strong></span> <span class='ocrx_word' id='word_1_901' title='bbox 2563 5627 2644 5682; x_wconf 69' lang='lat' dir='ltr'><strong>Ex</strong></span> <span class='ocrx_word' id='word_1_902' title='bbox 2663 5618 2840 5680; x_wconf 53' lang='lat' dir='ltr'><strong>&#39;more</strong></span> <span class='ocrx_word' id='word_1_903' title='bbox 2862 5621 2920 5689; x_wconf 88' lang='lat' dir='ltr'><strong>ju</strong></span> <span class='ocrx_word' id='word_1_904' title='bbox 2944 5621 3208 5701; x_wconf 75' lang='lat' dir='ltr'><strong>liciarum,</strong></span> <span class='ocrx_word' id='word_1_905' title='bbox 3243 5618 3630 5705; x_wconf 61' lang='lat' dir='ltr'><strong>ampliarirens</strong></span> <span class='ocrx_word' id='word_1_906' title='bbox 3653 5622 3740 5673; x_wconf 88' lang='lat' dir='ltr'><strong>di-</strong></span> 
     </span>
    </p>
   </div>
   <div class='ocr_carea' id='block_1_121' title="bbox 2141 5689 3736 5771">
    <p class='ocr_par' dir='ltr' id='par_1_121' title="bbox 2141 5689 3736 5771">
     <span class='ocr_line' id='line_1_122' title="bbox 2141 5689 3736 5771; baseline -0.015 -13"><span class='ocrx_word' id='word_1_907' title='bbox 2141 5689 2295 5769; x_wconf 68' lang='lat' dir='ltr'><strong>citur,</strong></span> <span class='ocrx_word' id='word_1_908' title='bbox 2329 5701 2398 5758; x_wconf 87' lang='lat' dir='ltr'><strong>de</strong></span> <span class='ocrx_word' id='word_1_909' title='bbox 2427 5715 2534 5771; x_wconf 88' lang='lat' dir='ltr'><strong>quo</strong></span> <span class='ocrx_word' id='word_1_910' title='bbox 2561 5697 2693 5752; x_wconf 89' lang='lat' dir='ltr'><strong>nihil</strong></span> <span class='ocrx_word' id='word_1_911' title='bbox 2724 5693 3126 5771; x_wconf 54' lang='lat' dir='ltr'><strong>pronuntiatur,</strong></span> <span class='ocrx_word' id='word_1_912' title='bbox 3161 5689 3258 5771; x_wconf 60' lang='lat' dir='ltr'><strong>sed</strong></span> <span class='ocrx_word' id='word_1_913' title='bbox 3285 5691 3736 5771; x_wconf 45' lang='lat' dir='ltr'><strong>tllt‘tttiltl&#39;llsns&#39;et</strong></span> 
     </span>
    </p>
   </div>
   <div class='ocr_carea' id='block_1_122' title="bbox 2145 5755 3737 5844">
    <p class='ocr_par' dir='ltr' id='par_1_122' title="bbox 2145 5755 3737 5844">
     <span class='ocr_line' id='line_1_123' title="bbox 2145 5755 3737 5844; baseline -0.012 -13"><span class='ocrx_word' id='word_1_914' title='bbox 2145 5755 2632 5844; x_wconf 37' lang='lat' dir='ltr'><strong>iticeetas&#39;jiidictnn</strong></span> <span class='ocrx_word' id='word_1_915' title='bbox 2656 5755 2952 5844; x_wconf 70' lang='lat' dir='ltr'><strong>sententias</strong></span> <span class='ocrx_word' id='word_1_916' title='bbox 2973 5761 3024 5836; x_wconf 77' lang='lat' dir='ltr'><strong>in</strong></span> <span class='ocrx_word' id='word_1_917' title='bbox 3047 5755 3190 5818; x_wconf 86' lang='lat' dir='ltr'><strong>aliud</strong></span> <span class='ocrx_word' id='word_1_918' title='bbox 3217 5760 3331 5816; x_wconf 77' lang='lat' dir='ltr'><strong>sive</strong></span> <span class='ocrx_word' id='word_1_919' title='bbox 3361 5765 3592 5828; x_wconf 66' lang='lat' dir='ltr'><strong>tempus,</strong></span> <span class='ocrx_word' id='word_1_920' title='bbox 3616 5759 3737 5823; x_wconf 64' lang='lat' dir='ltr'><strong>sivo</strong></span> 
     </span>
    </p>
   </div>
   <div class='ocr_carea' id='block_1_123' title="bbox 2146 5839 2823 5916">
    <p class='ocr_par' dir='ltr' id='par_1_123' title="bbox 2146 5839 2823 5916">
     <span class='ocr_line' id='line_1_124' title="bbox 2146 5839 2823 5916; baseline -0.004 -8"><span class='ocrx_word' id='word_1_921' title='bbox 2146 5845 2373 5912; x_wconf 80' lang='lat' dir='ltr'><strong>tribunal</strong></span> <span class='ocrx_word' id='word_1_922' title='bbox 2397 5839 2662 5916; x_wconf 67' lang='lat' dir='ltr'><strong>Uilfartur.</strong></span> <span class='ocrx_word' id='word_1_923' title='bbox 2702 5839 2823 5906; x_wconf 69' lang='lat' dir='ltr'><strong>lite.</strong></span> 
     </span>
    </p>
   </div>
   <div class='ocr_carea' id='block_1_124' title="bbox 3735 1417 3794 1450">
    <p class='ocr_par' dir='ltr' id='par_1_124' title="bbox 3735 1417 3794 1450">
     <span class='ocr_line' id='line_1_125' title="bbox 3735 1417 3794 1450; baseline 0 0"><span class='ocrx_word' id='word_1_924' title='bbox 3735 1417 3794 1450; x_wconf 68' lang='grc' dir='ltr'>Ιι</span> 
     </span>
    </p>
   </div>
  </div>
