4042 6288
95 2072 577 2242 ἒῗκρι

326 253 426 319 ’151

1749 264 2209 324 TERTULIJANI

3524 270 3635 330 752

328 389 436 431 non
458 375 526 431 de
543 374 671 446 ipsis
692 375 1014 432 cruciatibus
1039 371 1284 448 Corporis
1307 387 1360 435 et
1378 379 1595 452 gloriari
1619 389 1671 438 et
1690 382 1926 455 gaudere
1952 387 2003 446 A
2030 404 2147 457 qum
2181 387 2413 459 concipit
2441 430 2456 455 ,
2486 402 2606 459 qua:
2631 388 2905 459 disponit,
2931 404 3052 461 quae
3077 389 3299 446 mandat
3324 427 3341 454 ,
3372 404 3493 461 qua:
3522 391 3630 443 im-

326 466 440 522 sola
483 468 781 523 consuevit.
829 467 910 539 (α)
958 468 1186 540 Respice
1224 471 1290 527 ad
1336 472 1481 529 Mntii
1505 476 1774 542 animam,
1801 492 1923 534 cum

327 558 604 615 dexteram
636 575 786 615 suam
828 560 1043 631 ignibus
1081 561 1255 617 solvit.
1302 564 1526 635 lteSpice
1551 566 1630 638 (b)
1657 567 1723 622 ad
1748 568 1925 625 Zeno-

328 652 433 716 Itis,
455 668 576 706 cum
604 651 751 707 illam
784 650 1026 724 Dionysii
1052 662 1317 710 tormenta
1347 665 1689 727 praetereunt.
1716 659 1925 717 Morsus

323 742 558 798 ferarum
614 753 929 800 ornamenta
968 755 1092 800 sunt
1137 743 1464 817 jnventutis,
1497 760 1553 804 ut
1578 751 1655 822 (c)
1702 752 1753 807 in
1784 750 1926 825 Cyro

325 836 434 889 ursi
461 834 762 891 cicatrices.
798 835 948 893 Adet)
986 838 1133 893 novit
1176 848 1231 896 et
1255 840 1395 911 apud
1420 841 1622 898 inferos
1650 844 1825 899 anima
1871 855 1928 902 et

323 928 509 985 dolere
535 936 592 984 et
617 927 849 998 gaudere
875 929 992 986 sine
1020 945 1217 998 carne;
1242 932 1366 1004 quia
1394 942 1451 990 et
1488 936 1540 989 in
1567 949 1729 993 carne
1758 937 1923 993 illaesa

323 1020 371 1076 si
393 1021 520 1078 velit
545 1023 710 1089 dolet,
744 1039 798 1082 et
826 1027 951 1084 laesa
984 1030 1026 1084 si
1059 1031 1187 1087 velit
1207 1032 1423 1102 gaudet.
1460 1033 1571 1089 lloc
1600 1033 1644 1089 si
1676 1050 1744 1090 ex
1777 1036 1922 1091 arbi-

325 1116 427 1170 trio
467 1131 566 1172 suo
596 1119 646 1171 in
679 1119 784 1174 vita
811 1160 824 1184 ,
874 1132 1076 1192 quanto
1116 1125 1285 1195 magis
1326 1141 1389 1181 ex
1418 1125 1620 1194 judicio
1663 1126 1755 1182 Dei
1806 1136 1927 1197 post

325 1212 585 1267 mortem!
615 1212 720 1269 Sed
749 1230 848 1271 nec
877 1216 1055 1272 omnia
1079 1231 1242 1289 opera
1267 1234 1388 1275 cum
1420 1220 1597 1275 carnis
1624 1220 1925 1276 ministerio

322 1305 498 1360 anima
531 1305 790 1375 partitur;
825 1324 947 1363 nam
979 1318 1035 1366 et
1060 1310 1206 1366 solos
1234 1313 1498 1383 cogitatus
1540 1322 1594 1369 et
1628 1312 1799 1369 nudas
1825 1330 1924 1369 vo-

323 1386 554 1452 luntates
599 1412 825 1455 censura
882 1399 1060 1455 divina
1112 1390 1455 1472 persequitur
1503 1403 1742 1474 (Matth.,
1796 1402 1863 1474 V)
1908 1423 1921 1458 :

326 1485 427 1551 Qui
450 1489 627 1543 viderit
648 1489 717 1543 ad
736 1492 1216 1563 concupiscendum,
1226 1496 1339 1564 jam
1361 1495 1664 1550 adulteravit
1681 1496 1732 1550 in
1748 1494 1920 1552 corde.

332 1579 474 1650 Etgo
524 1581 606 1651 (Ι)
660 1592 878 1652 propter
926 1583 1030 1640 hoc
1083 1586 1623 1657 congruentissimnm
1671 1596 1749 1642 est
1810 1586 1926 1640 ani-

321 1686 462 1727 mant
487 1714 502 1739 ,
548 1674 670 1729 licet
701 1691 809 1731 non
839 1687 1148 1747 exspectata
1177 1693 1340 1734 carne
1360 1719 1376 1743 ,
1407 1679 1616 1749 puniri,
1648 1678 1789 1750 quod
1819 1695 1923 1736 non

2032 479 2218 549 pellit?
2250 480 2337 547 Et,
2362 482 2406 535 si
2429 480 2643 552 quando
2666 482 2849 547 invita,
2872 482 3023 552 prior
3043 492 3220 539 tamen
3245 491 3456 543 traemt.
3482 481 3629 550 quod

2033 585 2127 639 per
2150 586 2346 642 corpus
2370 581 2554 629 actura
2591 582 2692 630 est.
2734 573 3016 643 Nunquam
3043 574 3275 646 denique
3299 574 3630 630 conscientia

2031 663 2301 735 posterior
2327 665 2432 722 erit
2457 665 2622 723 laeto.
2652 667 2726 722 lta
2758 665 2883 722 huic
2908 683 3123 738 quoque
3148 667 3320 723 ordini
3346 666 3628 738 competit,

2030 770 2152 810 eam
2177 757 2413 827 priorem
2438 773 2668 829 pensare
2692 757 2993 821 mercedes.
3017 760 3101 816 cui
3125 760 3289 831 priori
3309 759 3629 816 debeantur.

2031 846 2089 901 In
2118 862 2351 914 summa,
2385 863 2509 905 cum
2551 862 2825 906 carcerem
2871 846 3022 906 illum
3042 893 3059 919 ,
3092 866 3250 922 quem
3280 850 3409 906 Eva:
3430 851 3630 922 gelintn

2031 939 2385 1008 demonstrat,
2412 939 2615 999 inferos
2637 941 3020 1012 intelligamus,
3044 950 3101 999 et
3129 943 3478 999 novissimum
3502 959 3635 1013 qua-

2030 1031 2274 1088 drantem
2304 1032 2571 1089 modicum
2599 1032 2851 1106 quodque
2885 1034 3139 1090 delictum
3166 1033 3248 1109 (d)
3280 1050 3430 1091 mora
3452 1050 3636 1106 resur-

2033 1122 2293 1187 rectionis
2341 1123 2451 1181 illic
2499 1125 2752 1180 luendum
2804 1125 3222 1198 interpretemur
3280 1126 3411 1196 (2);
3473 1141 3636 1181 nemo

2031 1214 2297 1271 dubitabit
2348 1216 2580 1271 animam
2634 1215 2836 1286 aliquid
2900 1232 3131 1288 pensare
3178 1232 3344 1289 penes
3409 1216 3633 1284 inferos,

2030 1306 2176 1362 salva
2207 1306 2619 1362 resurrectionis
2652 1306 2989 1378 plenitudine
3028 1322 3122 1378 per
3147 1322 3364 1364 carnem
3395 1323 3635 1378 quoque.

2034 1396 2146 1453 lloc
2180 1397 2341 1453 etiam
2383 1397 2694 1474 Paracletus
2733 1400 3167 1471 frequentissime
3210 1399 3635 1468 commendavit,

2030 1488 2076 1541 si
2102 1488 2225 1558 quis
2249 1503 2530 1545 sermones
2551 1490 2666 1559 ejus
2691 1504 2756 1545 ex
2785 1489 3056 1561 agnitione
3078 1490 3466 1567 promissorum
3498 1489 3634 1547 cha-

2031 1581 2312 1636 rismatntn
2344 1580 2643 1638 admiserit.
2671 1581 2752 1638 Ad
2782 1597 2998 1638 omnem
3026 1624 3041 1650 ,
3074 1591 3132 1637 ut
3159 1582 3411 1647 arbitror,
3444 1582 3640 1638 lanna-

2033 1690 2155 1729 nam
2201 1689 2363 1745 super
2395 1676 2575 1731 anima
2605 1676 2955 1745 Opinionem,
2980 1692 3047 1732 ex
3075 1675 3318 1732 doctrina
3350 1676 3471 1731 lidci
3503 1694 3640 1732 cim-

320 1764 521 1820 sociata
552 1781 714 1823 carne
742 1769 1029 1824 commisit.
1088 1770 1179 1826 Sic
1222 1780 1276 1826 et
1315 1770 1386 1825 ob
1427 1772 1690 1843 cogitatus
1726 1774 1845 1842 pios
1874 1780 1929 1827 et
1957 1782 2004 1841 Β
2032 1767 2244 1839 gressi,
2294 1767 2456 1838 justo
2520 1768 2799 1825 dumtaxat
2845 1784 2909 1824 ac
2974 1767 3289 1825 necessaria:
3335 1768 3639 1825 curiositati

322 1855 637 1922 benevolos,
662 1860 714 1913 in
743 1861 934 1929 quibus
963 1877 1125 1919 carne
1152 1878 1257 1918 non
1289 1864 1471 1934 eguit,
1496 1865 1616 1921 sine
1642 1880 1806 1921 carne
1835 1881 1921 1920 rc-

321 1949 615 2006 creabitur.
670 1952 807 2020 Quid
850 1969 993 2009 nunc
1015 1995 1030 2019 ,
1062 1954 1107 2011 si
1138 1962 1194 2010 et
1233 1954 1286 2010 in
1317 1956 1623 2011 carnalibus
1647 1956 1791 2027 prior
1813 1964 1919 2021 est,

413 2181 458 2308 lg
482 2179 577 2230 Vel
599 2180 718 2256 add.
745 2185 868 2234 Par.
893 2181 1053 2257 Geten.
1080 2186 1202 2235 Jun.

413 2243 435 2290 ι
485 2242 808 2308 lntelhgnnus
827 2271 889 2283 --
913 2254 1202 2308 Interpretat

382 2242 458 2308 (Ξ)
485 2242 808 2309 lntelligimus
827 2271 889 2283 --
913 2247 1297 2312 interpretamur
1319 2244 1473 2300 Rhea.
1495 2249 1636 2300 Pam.

2028 1860 2388 1916 satisfecimns
2440 1859 2541 1934 (5).
2610 1861 2827 1917 Enormi
2865 1870 3043 1917 autem
3101 1868 3157 1916 et
3192 1861 3381 1918 otioszc
3421 1869 3634 1917 tomum

2029 1952 2204 2010 deerit
2226 1951 2460 2022 discere,
2489 1964 2745 2027 quantum
2774 1954 2995 2012 libuerit
3023 1954 3316 2028 inquirere.

1555 2069 1937 2128 LECTIONES
1978 2067 2386 2126 VARIANTES.

2091 2183 2166 2249 (5)
2192 2182 2589 2239 Satisfeccrimus
2604 2186 2715 2240 cod.
2748 2197 2927 2239 wouw.

1674 2349 2237 2411 COMMENTARIUS.

392 2468 470 2541 (ιι)
540 2467 755 2540 Respice
806 2468 874 2522 ad
932 2467 1084 2524 Matii
1142 2469 1387 2595 animum]:
1449 2466 1597 2594 Igilii
1650 2466 1920 2524 Sccvoltc.

1387 2554 1418 2595 ε
1510 2556 1562 2594 ιι.

1387 2554 1418 2595 Β
1467 2554 1562 2594 ιἰι.

396 2608 478 2683 (b)
518 2611 599 2665 Ad
645 2609 886 2683 Zenonis.
927 2611 1073 2683 Zeno
1103 2609 1191 2683 hic
1229 2618 1310 2665 est
1358 2610 1608 2683 Eleates,
1657 2608 1745 2679 qui
1788 2624 1922 2665 con-

323 2681 583 2751 temptum
615 2682 803 2738 mortis
830 2697 869 2737 e
892 2682 1239 2752 philosophia,
1256 2681 1587 2751 contingere,
1618 2694 1742 2752 cum
1770 2694 1921 2735 assc-

258 2766 275 2772 ’
327 2761 472 2825 reret
495 2753 636 2824 apud
667 2752 977 2825 Dionysium
1003 2795 1018 2819 ,
1052 2751 1120 2808 ab
1164 2752 1355 2809 eodem
1406 2751 1689 2825 tormentis
1730 2751 1925 2805 imma-

325 2824 481 2879 nibus
536 2823 857 2889 cruciatus,
915 2824 1280 2893 responsionis
1327 2839 1440 2880 sua:
1492 2823 1771 2880 veritatem
1826 2836 1923 2878 sua

323 2895 624 2965 constantia
654 2895 1039 2965 comprobavit.
1069 2895 1148 2951 Ls
1181 2895 1276 2951 Pa.
1462 2963 1470 2965 Α
1632 2964 1635 2965 ν
1668 2914 1673 2921 ~

393 2964 467 3035 (c)
495 2964 563 3021 In
591 2966 725 3039 Cyro
752 2963 859 3021 u‘rsi
888 2966 1165 3023 cicatrices.
1201 2965 1389 3023 Tradit
1419 2963 1570 3022 illum
1600 2964 1923 3037 Xenophon,

502 3132 733 3142 α...-

2030 2465 2123 2543 l_ib.
2163 2468 2214 2536 Ι,
2258 2468 2398 2543 inter
2427 2470 2729 2527 venandum
2757 2484 2880 2543 cum
2917 2483 3045 2543 urso
3073 2483 3423 2543 congressum
3471 2470 3646 2530 fuisse

2028 2537 2227 2614 Cyrum
2266 2541 2529 2614 minorem
2551 2584 2565 2605 .
2593 2557 2755 2614 quem
2783 2542 2925 2599 idem
2963 2541 3137 2613 Cyrus
3178 2537 3414 2614 acceptis
3448 2545 3643 2601 vulne-

2034 2609 2474 2669 ribnsinterimit.
2502 2612 2577 2668 Ls
2606 2609 2702 2668 Pu.

2104 2680 2185 2754 (d)
2214 2681 2367 2737 Mo‘ra
2402 2683 2782 2740 resurrectionis
2808 2684 2914 2739 illic
2948 2683 3191 2740 luendum
3222 2685 3641 2755 interpretemur.

2032 2751 2092 2806 ln
2116 2751 2271 2826 mora
2317 2755 2728 2826 resurrectionis
2758 2756 2970 2826 purgari
3011 2757 3255 2820 animas,
3284 2766 3339 2813 et
3360 2751 3642 2812 modicum

2033 2823 2285 2895 quodque
2309 2824 2565 2882 delictum
2594 2823 2799 2895 eluere,
2830 2823 2957 2899 quid
2983 2826 3126 2883 aliud
3153 2842 3313 2899 quam
3343 2828 3644 2900 purgatorii

2044 2896 2242 2954 νωιιαῖ
2271 2896 2348 2952 Ls
2377 2896 2470 2954 Pa.

2044 2909 2242 2966 poena:
2272 2909 2348 2952 LE
2378 2909 2470 2954 Pa.

329 3127 3623 3185 Ἥ

772 3286 1144 3378 QUINTI
1205 3248 1691 3361 sumam
1737 3287 2370 3363 FLORENTIS
2429 3290 3180 3366 TERTULLIANI

321 3544 328 3553 ι

808 3594 816 3603 .
978 3481 1251 3626 DE
1349 3478 2027 3630 CARNE
2113 3479 2995 3635 CHRISTI.

1755 3761 2234 3808 ——oOo———

1653 3942 2299 4051 stramentum.

322 4131 403 4193 De
448 4133 616 4192 curitis
656 4132 844 4191 Christi
898 4135 1106 4189 veritate
1145 4129 1498 4203 disputaturus
1539 4130 1915 4197 Tertulliauus,
1943 4132 1990 4194 C
2022 4132 2250 4202 Addens,
2299 4132 2539 4206 angelum
2579 4130 2729 4186 illum
2774 4131 2980 4203 igneum
3028 4116 3505 4202 Apellecianorum,
3530 4103 3640 4190 se-

354 4250 369 4263 ο
396 4228 646 4300 imprimis
673 4227 848 4296 scripti
893 4225 1209 4281 occasionem
1235 4225 1524 4298 significat;
1549 4226 1705 4296 quod,
1744 4224 1831 4292 qui
1850 4238 1925 4278 rei

396 4320 721 4377 surrectionis
751 4319 905 4389 [idem
933 4318 1291 4389 inquietarent,
1321 4319 1474 4373 etiam
1502 4333 1708 4373 carnem
1731 4316 1924 4373 Christi

396 4411 757 4486 qumstionibus
782 4410 1140 4466 distraherent.
1168 4409 1300 4480 Cap.
1335 4409 1375 4465 Ι.

327 4504 408 4561 Ad
434 4506 717 4561 institutum
745 4511 914 4557 autem
938 4501 1161 4568 veniens,
1188 4499 1433 4556 adversus
1465 4500 1802 4564 Marcionem,
1834 4502 1924 4572 qui

397 4598 508 4665 eius
547 4594 809 4650 historiam
852 4609 919 4649 ea:
964 4591 1244 4662 Evangelia
1286 4593 1586 4663 auferebat;
1634 4594 1925 4650 traditionis

399 4687 695 4760 apostolica:
723 4684 1104 4759 praescriptione
1139 4682 1327 4739 Christi
1367 4684 1679 4740 nativitatem
1719 4685 1921 4758 probat.

397 4779 529 4849 Cap.
561 4775 626 4832 ll.

328 4869 530 4926 Deinde
565 4884 724 4939 neque
767 4866 1128 4939 impossibilent
1159 4866 1317 4938 fuisse
1361 4877 1448 4923 aut
1494 4870 1925 4926 inconvenientem

402 4954 534 5017 Deo.
562 4961 691 5030 Cap.
724 4958 812 5015 lll.

329 5053 509 5122 Neque
534 5052 683 5107 etiam
704 5048 815 5107 Deo
842 5050 1126 5121 indignant,
1160 5065 1316 5122 neque
1341 5038 1569 5108 stultam.
1600 5052 1729 5124 Cap.
1759 5049 1849 5108 IV.

232 5128 253 5137 ’
330 5146 458 5202 Non
482 5145 649 5216 itaque
671 5143 724 5197 in
750 5142 1124 5214 phantasmate,
1155 5142 1245 5196 sed
1272 5158 1382 5197 vere
1398 5144 1699 5214 cruci/imum
1721 5154 1767 5200 et
1790 5160 1927 5200 mor-

315 5273 333 5285 .
403 5248 548 5293 tuum
575 5235 932 5306 (quantumvis
978 5235 1129 5289 etiam
1160 5235 1214 5288 id
1255 5235 1775 5309 negaretMarcion),
1814 5250 1927 5294 uere

400 5344 598 5401 quoque
614 5337 793 5382 natum
820 5325 1099 5383 Christum.
1130 5325 1262 5398 Cap.
1290 5322 1355 5382 γ.

325 5421 453 5480 Jam
490 5422 734 5478 adversus
757 5418 989 5493 Aprilem
1029 5419 1264 5488 deducit,
1296 5421 1554 5478 Christum
1582 5424 1646 5479 de
1676 5422 1926 5479 sideribus

399 5527 445 5573 et
464 5514 757 5573 substantiis
783 5514 1063 5585 superioris
1091 5512 1271 5570 mundi
1299 5532 1505 5573 carnem
1543 5534 1645 5575 non
1671 5534 1779 5575 esse
1812 5534 1924 5574 mu-

399 5617 620 5665 tuatum.
649 5605 780 5678 Cap.
815 5604 902 5661 Vl.

328 5701 668 5767 Interserens,
721 5700 849 5755 nihil
889 5718 979 5771 pro
1008 5702 1113 5757 illis
1154 5701 1322 5770 facere
1361 5703 1492 5758 illud
1537 5702 1773 5760 Christi:
1796 5704 1923 5771 Quae

402 5797 524 5852 mihi
558 5805 738 5866 mater,
771 5800 815 5850 et
841 5795 927 5867 qui
958 5795 1084 5851 mihi
1100 5798 1322 5869 fratres?
1343 5797 1475 5868 Cap.
1514 5795 1618 5852 Vll.

1855 5978 1886 5993 Ὀ
1900 5975 1948 6003 ,τ’

2099 4228 2321 4284 cundum
2349 4243 2433 4283 eos
2453 4227 2607 4282 etiam
2626 4225 2850 4282 caelestia
2877 4240 2941 4280 ea:
2968 4225 3264 4297 poenitentia
3295 4224 3466 4279 delicti
3492 4226 3649 4279 iusti.

2102 4320 2288 4385 tuisse;
2317 4329 2469 4390 atque
2487 4316 2616 4372 adeo
2644 4317 2688 4371 si
2712 4315 2776 4370 de
2801 4315 3050 4371 sideribus
3068 4324 3279 4383 structa,
3310 4317 3644 4387 peccatricem

2101 4411 2258 4483 fuisse
2285 4426 2488 4466 carnem
2516 4408 2725 4465 Christi.
2756 4409 2886 4480 Cap.
2921 4406 3057 4464 Vlll.

2034 4523 2099 4578 Et
2137 4540 2274 4588 vero,
2319 4523 2493 4580 omnia
2539 4537 2671 4579 vera:
2714 4521 2884 4578 carnis
2928 4511 3077 4592 signa
3119 4522 3175 4577 in
3221 4518 3423 4578 Christo
3451 4514 3635 4591 uisse.

2101 4617 2234 4690 Cap.
2265 4615 2357 4673 IX.

2033 4734 2279 4799 Rursum,
2303 4732 2547 4789 adversus
2567 4732 2697 4788 alios
2715 4732 2987 4803 quosdam,
3010 4747 3169 4804 neque
3183 4692 3456 4789 animalem
3475 4732 3644 4828 fuisse

1998 4854 2015 4865 ι
2102 4825 2292 4882 Cltristi
2320 4842 2525 4881 carnem
2547 4825 2772 4881 deducit.
2802 4825 2935 4896 Cap.
2959 4824 3031 4882 Χ.

2034 4918 2216 4990 Neque
2235 4919 2388 4973 etiam
2416 4919 2694 4973 carnalem.
2723 4915 2853 4989 Cap.
2884 4917 2978 4973 Xl.

2043 5010 2250 5067 Venisse
2270 5012 2423 5066 etiam
2450 5008 2727 5076 Christum,
2759 5026 2863 5065 non
2887 5019 2941 5066 ut
2965 5009 3391 5082 animaseipsam
3412 5025 3644 5082 cognos-

2104 5113 2256 5171 ceret,
2284 5103 2373 5159 sed
2399 5113 2452 5159 ut
2480 5105 2647 5172 ipsam
2667 5102 2861 5158 saluam
2884 5103 3090 5173 faceret.
3118 5102 3251 5174 Cap.
3282 5098 3396 5157 Xll.

2036 5194 2220 5251 Fuisse
2242 5196 2361 5250 item
2383 5197 2437 5251 in
2461 5194 2663 5251 Christo
2688 5194 2913 5250 diversas
2945 5194 3278 5262 substantias,
3315 5208 3545 5261 carnem,
3588 5204 3644 5250 et

2104 5288 2347 5342 animant.
2386 5286 2520 5359 Cap.
2548 5284 2690 5343 XIII.
2776 5356 2784 5363 '

2035 5399 2219 5459 Solum
2243 5401 2395 5457 etiam
2420 5400 2681 5458 Christum
2707 5402 2865 5473 fuisse
2882 5401 3324 5473 salutiﬁcatorem,
3351 5415 3456 5455 non
3478 5415 3646 5471 ange-

2106 5494 2233 5550 lum.
2262 5494 2391 5566 Cap.
2423 5492 2564 5562 XIV,

2031 5609 2289 5666 Aduersus
2314 5619 2485 5666 autem
2523 5608 2866 5678 Valentinum,
2902 5608 3094 5668 Christi
3121 5622 3329 5664 carnem
3351 5605 3648 5677 spiritalem

2105 5718 2208 5756 non
2228 5701 2404 5771 fuisse,
2436 5703 2774 5774 prosequitur.
2804 5700 2939 5774 Cap.
2970 5701 3089 5758 XV.

2037 5796 2205 5853 Sicuti
2236 5796 2387 5850 etiam
2415 5795 2651 5854 adversus
2675 5794 3026 5853 Alexandrum
3054 5792 3344 5866 quemdam,
3372 5790 3644 5861 peccatri-

3725 1089 3830 1124 Ξ.

3697 1119 3801 1275 «ξ

3709 1267 3803 1406 ἔ
