4042 6288
224 1118 283 1143 υ,

267 1221 332 1307 ἐξ

404 282 518 366 nis

255 1304 275 1325 ε
286 1323 291 1328 .

278 1319 358 1411 ἒ,
421 1343 592 1400 Porro
621 1345 869 1400 adversus
912 1347 1113 1401 eosdem
1140 1362 1240 1401 non
1279 1362 1370 1420 per
1411 1347 1679 1418 virginem,
1707 1346 1795 1400 sed
1821 1362 1884 1401 ea:
1919 1347 2021 1401 uir-

1740 305 1828 364 DE
1868 302 2101 365 CARNE
2135 306 2426 369 CHRISTI.

3608 309 3713 365 75b

482 438 591 477 cem
617 437 718 478 non
741 421 898 497 fuisse
924 437 1130 480 carnem
1158 422 1371 490 Christi,
1401 429 1471 492 et,
1493 422 1691 480 etiamsi
1718 440 1820 478 non
1855 439 1919 478 ex
1935 438 2011 477 se—
2038 424 2090 483 A
2138 458 2139 461 η
2188 432 2417 499 conferre
2447 442 2563 482 cum
2591 427 2749 483 tribus
2774 426 2900 485 MS.
2930 428 3175 485 vaticanis
3207 425 3492 491 Codicibus,
3529 442 3557 480 e
3592 426 3712 496 qui-

486 518 640 581 miue,
668 534 835 572 rerum
862 528 1052 572 tamen.
1084 517 1207 587 Cap.
1240 516 1384 573 XVI.

413 607 590 665 Obiter
618 608 838 680 probam
865 624 931 664 ea:
957 609 1223 679 scripturis
1253 609 1514 664 Christum
1540 607 1604 665 de
1659 609 1857 682 uirgine
1888 623 2011 663 nas-

484 701 727 754 citurum.
760 699 893 772 Cap.
924 701 1087 757 XVII.

414 791 542 848 Non
592 803 875 863 competere
913 794 1066 848 etiam
1116 809 1179 849 ea:
1204 795 1394 851 semine
1437 795 1662 850 humano
1697 792 1794 848 Dei
1821 791 2015 849 Filium

486 886 661 949 nasci;
688 902 751 940 ne
774 886 818 941 si
842 895 968 941 esset
992 894 1127 941 totus
1152 886 1291 956 ﬁlius
1313 887 1556 954 hominis,
1580 888 1738 958 juxta
1767 885 2016 941 Hebionis

486 980 798 1049 Opinionem,
829 995 931 1034 non
957 978 1248 1035 crederetur
1276 978 1373 1034 Dei
1400 981 1558 1047 ﬁlius.
1585 978 1720 1052 Cap.
1756 977 1942 1034 XVIII.

414 1068 602 1142 Neque
646 1064 815 1127 tamen
854 1068 1127 1126 Valentino
1165 1072 1337 1144 facere
1386 1070 1521 1126 illud
1549 1071 1612 1126 ab
1655 1087 1715 1125 eo
1754 1070 2019 1125 adultera-

487 1171 593 1217 tum
618 1178 637 1217 :
665 1160 787 1217 Non
817 1178 883 1218 ex
900 1163 1169 1234 sanguine,
1201 1178 1295 1218 nec
1322 1179 1387 1218 ea:
1408 1163 1580 1218 carnis
1609 1161 1867 1218 voluntate
1885 1204 1901 1230 ,
1930 1178 2020 1217 nec

487 1268 551 1308 ea:
579 1253 693 1320 viri,
726 1253 817 1309 sed
837 1271 901 1310 ex
920 1253 1034 1310 Deo
1056 1265 1209 1310 natus
1246 1263 1340 1317 est.
1364 1253 1498 1326 Cap.
1527 1254 1673 1311 XIX.

487 1438 606 1508 giae
627 1447 808 1492 natum
827 1436 1104 1503 Christum,
1139 1436 1382 1492 latissime
1404 1436 1773 1510 eaScripturis
1811 1437 2022 1493 demon-

488 1539 639 1584 strat.
668 1530 798 1601 Cap.
829 1527 951 1596 XX,
978 1529 1121 1586 XXI.

416 1621 651 1678 Proinde
690 1624 965 1696 adimpleri
1006 1626 1060 1679 in
1090 1625 1171 1681 his
1212 1623 1444 1680 omnibus
1472 1625 1818 1697 prapheticam
1853 1640 2021 1680 vocem

490 1715 747 1770 Simeonis
776 1716 841 1771 de
866 1715 1067 1772 Christo
1093 1733 1114 1772 :
1144 1717 1279 1773 Ecce
1298 1718 1381 1773 hic
1408 1719 1605 1789 positus
1630 1728 1705 1773 est
1735 1721 1787 1773 in
1819 1718 2021 1790 signum

488 1808 572 1862 cui
601 1806 994 1863 contradicetur.
1020 1805 1153 1879 Cap.
1184 1806 1352 1873 XXII,
1383 1806 1577 1864 XXIII.

416 1896 491 1954 Et
518 1896 817 1971 suggillatos
840 1915 953 1956 esse
979 1900 1241 1956 haereticos
1279 1900 1400 1957 illos
1425 1917 1620 1965 onmes.
1646 1900 2018 1973 prtedictosque

489 1992 545 2047 in
573 1992 877 2063 Scripturis.
908 1993 1041 2065 Cap.
1074 1993 1269 2052 XXIV.

418 2084 652 2158 Denique
675 2087 867 2159 epilogi
892 2088 998 2144 uice
1020 2099 1252 2161 repetens
1277 2090 1402 2161 quid
1424 2090 1519 2145 hoc
1557 2090 1687 2146 libro
1711 2091 2017 2163 probaverit,

492 2179 561 2232 ad
580 2189 864 2250 sequentem
892 2197 959 2237 DE
986 2196 1424 2239 nusunnecnoxs
1450 2198 1638 2240 camus
1660 2180 1843 2239 librum
1887 2195 2026 2240 trau-

491 2273 642 2327 situm
672 2273 815 2344 facit.
837 2272 969 2344 Cap.
998 2273 1167 2331 XXV.

419 2363 669 2420 Ca'tcrum
694 2364 1063 2435 Tertullianus,
1091 2378 1426 2439 praeterquam
1447 2369 1583 2441 quod
1604 2368 1787 2424 librum
1810 2371 1924 2442 jant
1945 2373 2026 2425 tli-

494 2466 628 2515 ctum
654 2455 724 2514 de
749 2456 1163 2518 Resurrectione
1185 2457 1373 2518 Carnis
1393 2462 1509 2515 citat
1526 2463 1665 2533 infra
1696 2463 1787 2520 lib.
1835 2463 1875 2518 V
1901 2463 2020 2519 adv.

498 2550 837 2616 Marcionem,
864 2553 919 2608 in
943 2553 1036 2609 illo
1055 2554 1207 2609 etiam
1234 2555 1520 2626 argumenti
1548 2565 1598 2610 et
1618 2556 1754 2611 tituli
1775 2557 1929 2629 hujus
1966 2559 2024 2627 [it

495 2645 702 2700 mentio.
754 2643 1065 2716 Propterea,
1114 2645 1276 2717 inquit
1319 2663 1366 2700 c.
1398 2646 1444 2701 II
1472 2688 1487 2714 ,
1537 2656 1593 2704 et
1640 2664 1738 2705 nos
1773 2650 2024 2707 volumen

499 2737 857 2810 pnemisimus
899 2754 966 2795 ne
1006 2736 1191 2796 Canus
1233 2740 1484 2806 (Tumsrt,
1515 2755 1623 2812 quo
1650 2756 1769 2798 eam
1815 2743 2025 2815 e_t5nli-

497 2831 618 2897 dam
644 2831 933 2903 probamus
952 2830 1233 2887 adversum
1258 2832 1645 2903 phantasmatis
1666 2833 2023 2902 nativitatem,

500 2933 553 2979 et
588 2923 877 2979 Innuanam
919 2924 1250 2979 vindicamus
1300 2924 1558 2980 adversus
1599 2925 1870 2995 qualitatis
1898 2941 2026 2996 pro-

501 3017 803 3088 prietatem.
825 3015 892 3071 Et
908 3032 1112 3072 rursum
1134 3032 1152 3072 :
1170 3016 1334 3088 Igitur
1353 3008 1609 3088 quantum
1630 3017 1695 3072 ad
1722 3016 2024 3084 luereticos,

499 3085 1005 3175 denitinstravitous,
1027 3123 1135 3180 quo
1153 3123 1324 3165 cuneo
1360 3107 1752 3165 occurrendum
1783 3109 1907 3165 sita
1932 3125 2029 3165 no-

503 3202 604 3267 bis,
651 3210 707 3257 et
746 3174 1160 3256 occursum'est
1202 3200 1312 3271 jam
1360 3215 1459 3255 suo
1505 3215 1717 3273 quoque
1767 3202 1920 3257 titulo
1960 3219 2027 3258 ne
2055 3208 2100 3272 (ι
2135 3174 2352 3273 Itpelles
2399 3197 2728 3269 discipulus,
2762 3204 2816 3251 et
2865 3203 3048 3265 po<tea
3093 3193 3337 3250 desertor
3385 3194 3588 3263 ipsius;
3637 3205 3731 3247 aut
3763 3174 3979 3235 “id”

502 3308 672 3348 causa
702 3306 884 3348 eorum
912 3306 1182 3349 snvensos
1208 3307 1495 3359 uaneses;
1519 3291 1585 3348 ad
1616 3292 1754 3349 hanc
1794 3294 2031 3350 tnaxime

505 3380 858 3456 quaestionem
913 3383 1362 3456 prtestruendam.
1416 3384 1766 3457 Praeterquam
1818 3397 2028 3453 autem,

506 3480 641 3549 quod
691 3477 815 3535 MS.
866 3478 1102 3535 viderunt
1130 3479 1255 3535 olim
1302 3480 1443 3534 hunc
1487 3480 1672 3537 librum
1721 3480 2032 3537 Trithemius

505 3570 660 3626 abbas
698 3581 748 3627 et
798 3571 1093 3628 Politianus
1142 3574 1268 3629 locis
1306 3590 1442 3645 stupe
1475 3576 1676 3641 citatis;
1718 3576 1879 3631 edidit
1918 3577 2002 3647 pri
2014 3608 2030 3618 -
2070 3576 2077 3582 “

507 3681 618 3720 mus
642 3665 695 3720 in
734 3665 897 3721 lucem
925 3683 990 3722 eo:
1016 3665 1371 3739 llirsaugiensi
1397 3678 1443 3723 et
1476 3665 1860 3725 Paterniacensi
1888 3670 2028 3728 Rhe-

509 3775 675 3814 nanus
713 3775 828 3813 cum
863 3758 1093 3822 scholiis.
1155 3760 1342 3815 deinde
1369 3770 1417 3816 et
1463 3762 1876 3817 annotationibus
1908 3763 2033 3818 illu—

509 3861 722 3907 stratum
750 3853 1016 3926 castigavit
1038 3868 1103 3907 ea:
1138 3850 1402 3909 Gorziensi
1434 3853 1626 3910 codice.
1662 3849 2029 3922 Interea'vero,

510 3944 646 4016 quod
673 3944 1043 4000 desideraretur
1066 3944 1119 3999 in
1150 3942 1383 4001 Ltelandi
1400 3945 1685 4002 britannico
1700 3946 1893 4016 codice,
1919 3963 2034 4002 cunt

510 4056 541 4092 a
589 4036 801 4111 Gelonio
843 4052 944 4092 non
982 4036 1046 4091 sit
1093 4038 1415 4109 recognitus,
1460 4053 1631 4109 aperte
1677 4040 1894 4110 pretium
1935 4040 2074 4111 [uit-

2118 534 2121 537 ‘
2189 516 2277 573 bus
2303 534 2405 573 non
2432 535 2622 590 paucos
2647 520 2784 575 locos
2818 520 3173 586 restituimus;
3204 519 3395 573 additis
3430 517 3583 573 etiam
3608 533 3712 572 ar-

2188 622 2424 680 gumento
2452 627 2599 678 novo,
2629 620 2674 666 et
2700 612 3110 667 annotationibus
3131 612 3333 666 nostris.
3380 610 3516 667 Pus.

2116 699 2681 758 Christum/inmanem
2723 705 3057 776 assumpsisse
3101 719 3303 758 carneut
3357 704 3712 769 demonstrat,

2190 808 2370 851 contra
2406 797 2687 852 ~luereticos
2736 807 2955 867 quatuor
2980 838 2995 860 ,
3046 795 3392 862 Marcionem,
3448 795 3713 865 Apellem,

2204 887 2526 942 Valentinum
2554 898 2599 943 et
2629 886 2928 956 Basilidem,
2960 904 3050 943 seu
3093 889 3258 960 potius
3306 888 3550 942 adversus
3590 902 3716 957 qua—

2194 990 2307 1034 tuor
2359 980 2574 1036 htereses
2616 981 2822 1043 scribit,
2881 980 3100 1050 primum
3156 978 3601 1042 Marcionitarum.
3632 994 3715 1032 se-

2193 1074 2415 1145 Cttttdttpt
2472 1073 2687 1146 Apellis,
2738 1074 2938 1128 tertiam
2988 1084 3034 1129 et
3074 1082 3307 1142 quartam
3338 1071 3719 1128 Valentiniano-

2150 1171 2171 1183 "
2193 1183 2329 1221 rum.
2365 1165 2573 1222 Vener.

2175 1257 2296 1325 ,Qni
2324 1255 2481 1312 [idem
2509 1255 2919 1313 resurrectionis
2941 1298 2956 1322 ,
2984 1264 3107 1312 ante
3132 1257 3263 1313 istos
3292 1255 3368 1329 (a)
3397 1255 3721 1312 Sadduearo-

2125 1366 2243 1407 rum
2276 1350 2605 1421 propinquos
2652 1348 2771 1406 sine
2805 1349 3176 1406 controversia
3214 1358 3476 1405 moratam
3510 1346 3584 1420 (ὁ)
3614 1346 3719 1418 (1),

2124 1443 2341 1501 student
2391 1443 2689 1512 inquietare
2713 1486 2729 1513 ,
2763 1453 2823 1499 ut
2858 1459 2977 1500 eam
3022 1459 3173 1516 Spem
3218 1451 3415 1515 negent
3448 1443 3610 1500 etiam
3650 1442 3719 1508 ad

2124 1551 2342 1592 carnem
2390 1536 2699 1607 pertinere,
2749 1536 2941 1593 merito
2987 1534 3185 1592 Christi
3238 1551 3450 1609 quoque
3499 1551 3717 1593 carnem

2125 1628 2512 1701 quaestionibus
2528 1626 2852 1695 distrahunt,
2875 1639 3124 1699 tanquam
3144 1637 3233 1683 aut
3255 1627 3452 1683 nullam
3474 1627 3719 1693 omnino,

2127 1729 2214 1799 aut
2243 1736 2456 1792 quoquo
2479 1719 2639 1776 modo
2664 1720 2824 1776 aliam
2863 1730 3058 1791 prmter
3084 1718 3402 1785 humanam;
3434 1733 3502 1775 ne
3531 1718 3577 1774 si
3618 1718 3722 1799 bu-

2052 1816 2101 1878 B
2132 1796 2341 1868 manant
2370 1812 2673 1868 constiterit
2700 1811 2900 1879 fuisse,
2933 1810 3336 1882 prmjudicatum
3367 1810 3439 1866 sit
3463 1796 3722 1865 adversus

2127 1905 2251 1961 illos
2278 1919 2396 1961 eam
2423 1920 2706 1976 resurgere
2739 1905 2886 1959 0mm
2919 1903 3078 1961 modo
3099 1946 3115 1971 ,
3146 1919 3266 1974 qua:
3297 1903 3348 1958 in
3394 1901 3613 1959 Christo
3640 1899 3721 1972 (2)

2126 1997 2438 2053 resurrexit.
2487 1996 2652 2068 Igitur
2704 1996 2846 2053 unde
2898 1997 2971 2052 illi
3021 1996 3308 2053 destruunt
3356 1995 3535 2053 carnis
3574 2005 3719 2059 vota,

3753 1351 3795 1382 κ

2127 2091 2251 2146 inde
2279 2090 2433 2147 nobis
2469 2088 2550 2165 (5)
2580 2100 2737 2147 erunt
2766 2088 3155 2161 praestruenda.
3187 2088 3577 2144 Examinemus
3601 2086 3725 2143 cnr-
3758 2106 3800 2120 σα

2129 2184 2368 2255 poralem
2391 2182 2744 2238 substantiam
2779 2182 2986 2237 Domini
3024 2201 3037 2237 :
3084 2181 3151 2237 de
3178 2181 3404 2252 spiritali
3437 2181 3578 2235 enim
3603 2196 3722 2236 cer-

2129 2285 2239 2331 tum
2296 2284 2397 2333 est.
2449 2274 2641 2354 Carnis
2680 2274 2760 2348 (4)
2796 2274 3054 2346 qumritur
3111 2275 3341 2337 veritas,
3387 2281 3442 2327 et
3493 2273 3722 2344 qualitas

2127 2368 2244 2440 ejus
2273 2366 2349 2440 (ε)
2377 2376 2698 2423 retractatur
2729 2366 2831 2440 (5),
2855 2383 2922 2421 an
2959 2365 3149 2430 fuerit,
3181 2375 3236 2419 et
3263 2364 3407 2421 unde
3426 2406 3440 2429 ,
3465 2376 3517 2420 et
3540 2365 3723 2435 cujus.

2130 2458 2274 2515 modi
2309 2459 2483 2515 fuerit.
2520 2456 2600 2530 (tl)
2627 2458 2971 2513 “enuntiatio
2996 2457 3135 2528 ejus,
3157 2456 3305 2512 dabit
3329 2457 3499 2526 legem
3527 2466 3726 2511 nostra:

2130 2554 2528 2611 resurrcmioni.
2572 2553 2842 2619 Marcion,
2880 2563 2938 2607 ut
2979 2567 3198 2607 carnem
3238 2550 3436 2605 Christi
3479 2558 3976 2625 negaretummg

2130 2648 2342 2720 negavit
2363 2646 2526 2702 etiam
2550 2645 2877 2700 nativitatem
2895 2661 2908 2708 ;
2926 2631 3023 2699 aut
3046 2653 3103 2699 ut
3124 2643 3455 2699 nativitatem
3479 2650 3725 2713 negaret,

2090 2751 2094 2754 ’
2132 2740 2342 2812 negavit
2364 2750 2414 2794 et
2441 2752 2656 2794 carnem
2685 2753 2698 2790 :
2731 2737 2802 2810 (e)
2825 2737 3050 2802 scilicet,
3084 2751 3150 2791 ne
3186 2737 3411 2791 invicem
3447 2735 3547 2788 sibi
3578 2736 3729 2788 testi.-

2132 2834 2369 2890 inanium
2425 2830 2714 2888 redderent
2755 2841 2808 2885 et
2864 2828 3255 2900 responderent
3286 2826 3368 2899 (6)
3400 2827 3647 2882 uativitas
3675 2836 3730 2882 rt

2130 2941 2294 2987 raro;
2339 2924 2462 2996 quia
2499 2937 2600 2978 nec
2643 2922 2892 2977 nativitas
2934 2922 3051 2975 sine
3092 2936 3292 2987 carne,
3326 2934 3423 2973 nec
3449 2934 3575 2972 earn
3606 2920 3723 2973 sine

2133 3018 2424 3074 nativitale.
2456 3014 2618 3084 Quasi
2651 3029 2757 3069 non
2788 3012 2975 3068 eadem
3005 3011 3214 3067 licentia
3246 3011 3494 3066 ltzeretica
3526 3023 3575 3065 e:
3608 3011 3727 3082 ipse

2127 3090 2409 3181 potuisset,
2443 3116 2554 3172 aut,
2583 3105 2813 3160 admissa
2831 3117 3015 3168 carne,
3053 3102 3381 3158 nativitatem
3409 3117 3605 3172 negare
3629 3144 3643 3168 ,
3673 3111 3732 3156 ut

2135 3306 2187 3352 et
2215 3295 2291 3368 (7)
2315 3306 2533 3350 carnem
2560 3300 2612 3346 et
2637 3288 2970 3346 nativitatem
2996 3285 3274 3343 confesms
3293 3327 3310 3351 ,
3333 3287 3491 3342 aliter
3510 3286 3628 3344 illas
3649 3286 3730 3360 (8)

2137 3383 2476 3457 interpretari
2508 3425 2524 3448 ,
2568 3392 2623 3437 ut
2681 3378 3081 3449 condiscipulus
3122 3386 3179 3458 et
3223 3377 3572 3433 eondesertor
3612 3379 3729 3448 ejus
3759 3396 4031 3468 γνώωῶςι

3754 3485 3809 3502 ,ρ’

2140 3453 2471 3534 Valentinus.
2519 3472 2627 3531 Sed
2655 3482 2710 3528 et
2741 3472 2832 3543 qui
2858 3485 3075 3526 carnem
3098 3453 3297 3525 Cbrisd
3330 3471 3615 3541 putativam
3643 3470 3729 3524 in-

2138 3568 2373 3626 troduxit
2402 3609 2416 3633 ,
2463 3582 2617 3639 teque
2686 3565 2858 3637 potuit
2904 3563 3235 3620 nativitatem
3289 3579 3502 3636 quoque
3556 3563 3730 3635 phan-

2135 3672 2308 3720 tasma
2341 3660 2421 3736 (9)
2451 3659 2760 3732 contingere
2789 3701 2802 3724 ,
2838 3665 2896 3713 ut
2930 3665 2986 3713 et
3026 3665 3316 3728 conceptus
3346 3698 3361 3721 ,
3405 3667 3456 3713 et
3484 3670 3731 3727 pra-gna-

2139 3769 2225 3812 tus
2250 3757 2342 3831 (ί),
2374 3764 2428 3813 et
2456 3763 2640 3826 partus
2674 3751 2896 3822 virginis
2923 3792 2938 3817 ,
2986 3761 3041 3807 et
3088 3751 3254 3821 ipsius
3294 3749 3491 3805 exinde
3518 3747 3734 3804 infantis

2138 3851 2288 3916 ordo,
2325 3848 2399 3920 (g)
2449 3858 2504 3905 τὸ
2557 3844 2674 3919 (10)
2730 3848 2880 3900 δοκεῖν
2930 3844 3252 3900 haberentur
3298 3843 3418 3915 (II)
3471 3840 3733 3897 :eosdem

2139 3943 2349 4010 oculos,
2372 3940 2590 3997 eosdem
2619 3952 2810 3994 sensus
2832 3936 3179 4002 feiellissent,’
3195 3951 3331 4008 quos
3350 3937 3527 3995 carnis
3551 3936 3733 4005 opinio

2142 4034 2323 4093 elusit.

1659 4152 2040 4213 LECTIONES
2077 4145 2503 4210 VARIANTES:

505 4291 527 4355 (
537 4290 578 4354 Ι)
605 4290 701 4355 [sta
714 4289 838 4352 add.
862 4286 1166 4355 Rig._Venet.

529 4349 580 4403 2'!
603 4349 844 4403 Christum
868 4349 1015 4403 Paris
1037 4350 1189 4402 Rhea.
1208 4353 1352 4403 Pam.

529 4352 568 4403 2'
603 4353 844 4403 Christum
868 4352 1015 4403 Paris
1037 4352 1189 4402 Rhett.
1208 4353 1283 4403 Pa

507 4352 581 4538 ἓδξ
605 4415 757 4466 Nobis
776 4417 906 4466 abest
926 4428 958 4464 α
967 4412 1082 4486 βίῃ.
1116 4417 1283 4467 Venet.

541 4479 558 4526 ί
607 4477 729 4528 Caro
748 4476 898 4529 Sentl.
918 4482 1026 4538 Rtg.
1056 4481 1176 4528 Ven.

541 4479 581 4538 ι)
607 4479 729 4528 Caro
748 4479 898 4529 Sentl.
918 4479 1119 4541 Rigfi’e

533 4539 585 4604 5)
608 4539 951 4604 Ijetraetautur
973 4538 1119 4591 Sani.

607 4477 729 4541 Caro
748 4476 898 4529 Seml.
918 4476 1176 4541 Rig.'i’en.

512 4541 585 4666 i5)
608 4541 951 4591 Retraetautur
973 4541 1119 4591 Sani.

532 4604 585 4668 6)
610 4601 988 4668 Responderent
1010 4614 1189 4654 troiae.
1216 4600 1358 4654 delet.
1386 4608 1436 4656 et
1465 4603 1597 4656 abest
1631 4616 1665 4655 a
1694 4605 1815 4655 Par.
1855 4602 2041 4654 redde-

2062 4551 2116 4611 D

2140 4293 2255 4340 rent
2277 4293 2330 4339 et
2349 4286 2479 4338 abest
2500 4296 2532 4335 a
2552 4280 2636 4335 lib.
2669 4280 2852 4335 Ursini.

2201 4349 2275 4409 (7)
2295 4350 2360 4402 Et
2373 4349 2504 4399 abest
2523 4360 2559 4409 a_
2577 4345 2688 4409 Rig.

2202 4407 2275 4475 (8)
2298 4410 2403 4475 Illis
2425 4407 2578 4475 Setrl.
2596 4407 2749 4475 Rhea.

2202 4468 2271 4538 (9)
2294 4473 2575 4538 ,Nativitatis
2593 4486 2649 4538 (ιΖ
2671 4469 3002 4535 pltantasmata
3028 4478 3163 4521 Pam.
3183 4468 3335 4522 Rhen.

2204 4532 2307 4598 (l0)
2332 4552 2390 4598 re.
2410 4532 2591 4587 mavult
2611 4532 2734 4584 litin.

2206 4589 2310 4667 (11)
2330 4589 2617 4649 Haberetur
2641 4599 2784 4647 Pam.
2810 4593 2963 4647 Rhea.

1804 4725 2367 4789 COMMENTARIUS.

519 4846 749 4920 CAPJ.
780 4844 958 4920 —-_(a)
999 4845 1408 4920 Sadduetcorum
1444 4848 1776 4920 propinquos.
1814 4844 2041 4920 Hmretij

452 4935 546 4976 eos
569 4918 833 4991 signiticet
852 4916 1196 4991 Mai-ciebam,
1217 4916 1458 4991 Apelleui
1484 4916 1548 4974 et
1562 4916 1926 4991 Valentinum,
1948 4916 2038 4987 qui

453 4989 925 5063 longo‘intervallo
946 4989 1360 5063 §adduezeorum
1384 4989 1631 5063 hatresim
1654 4989 2038 5063 sequebantur.

452 5058 579 5120 sua
602 5061 929 5132 propinquos
950 5059 1182 5117 Saddue.
1207 5068 1362 5116 vocat
1381 5061 1649 5132 quoslibet
1673 5058 1954 5132 linireticos
1975 5058 2043 5132 de

454 5129 626 5190 anima
657 5129 795 5188 male
814 5129 1133 5189 sentientes.
1162 5129 1534 5187 Controversia
1560 5140 1644 5186 est
1667 5146 1734 5187 an
1765 5129 2040 5186 Sadducaei

453 5205 579 5261 dicti
603 5205 711 5259 sint
735 5203 802 5258 ah
829 5202 983 5259 hebr.
1011 5206 1146 5259 una
1164 5245 1180 5267 ,
1200 5204 1395 5273 justus,
1426 5201 1567 5273 quod
1593 5202 1814 5258 credere
1838 5200 2046 5273 videtur

453 5274 513 5333 S.
538 5277 919 5345 Hieronymus,
959 5289 1035 5345 an,
1074 5289 1104 5328 a
1149 5271 1373 5345 Sadoekr
1414 5271 1781 5345 Inieresiareba
1811 5272 1898 5345 qui
1940 5271 2048 5345 sub

454 5341 762 5406 Alexandro
783 5344 973 5415 Magno
1016 5343 1333 5415 lloruitLSie
1359 5344 1422 5415 lt.
1456 5343 1721 5400 Abraham
1772 5341 2048 5399 in'Cabali

456 5419 600 5476 hist..
633 5427 688 5472 et
719 5413 897 5472 Helias
928 5415 1085 5471 levita
1117 5415 1170 5472 in
1200 5413 1358 5471 Tisbi.
1387 5414 1466 5472 Ltt
1498 5415 1593 5470 l‘n.

528 5490 609 5562 (b)
652 5487 935 5562 Moratum.
985 5485 1240 5543 Moratum
1298 5485 1457 5562 ﬁdem
1508 5488 1662 5542 vocat
1701 5484 1949 5542 stabilem
1988 5498 2051 5539 ac

458 5557 690 5621 ﬁrmam.
722 5568 883 5629 atque
924 5557 1315 5629 inconcussam.
1346 5558 1484 5613 Pu.

529 5632 608 5705 (e)
659 5627 1003 5705 Retractatur.
1056 5627 1350 5705 Retractare
1371 5670 1386 5696 ,
1417 5643 1514 5699 pro
1542 5634 1793 5705 tractare_.
1827 5635 2049 5697 prteter-

500 5697 621 5757 ninn
672 5700 842 5827 algu,
887 5700 1049 5757 etiam
1106 5701 1207 5756 hoc
1263 5697 1560 5755 libi-anon
1614 5697 1782 5754 semel
1835 5705 2056 5767 usurpat

500 5784 684 5827 .IICIOI'.
772 5786 864 5826 ΑΙ.

513 5784 684 5829 υιηιον.
729 5784 864 5827 ΡΑΙ.

537 5844 620 5918 (d)
645 5839 974 5899 Renuntialio
994 5841 1122 5913 ejus.
1153 5840 1548 5900 Renuntiantur
1570 5841 1910 5915 magistratus
1935 5852 2056 5894 cum

2144 4842 2448 4912 eliguntur;
2477 4836 2818 4912 renuntiatur
2844 4835 3084 4912 amicitia
3126 4850 3246 4912 quin
3267 4834 3612 4912 dissolvitur.
3646 4831 3745 4887 llic

2148 4905 2471 4969 renuntiatio
2508 4908 2895 4965 demonstratio
2925 4917 3008 4963 est
3036 4916 3091 4961 et
3118 4905 3380 4960 deﬁnitio.
3423 4906 3595 4959 littus.

2219 4984 2294 5059 (e)
2325 4982 2552 5059 Δδσξιὶοει
2592 4997 2654 5035 ne
2696 4980 2918 5059 inriceut_
2943 4977 3038 5059 sibi
3077 4977 3413 5059 testimonium
3454 4974 3744 5057 redderent.

2149 5047 2523 5128 As‘yntbothon
2550 5060 2661 5115 est;
2689 5066 2810 5128 nam
2837 5049 2976 5128 solet
2996 5048 3244 5102 omittere
3268 5047 3598 5128 connexivas
3625 5061 3745 5113 par-

2150 5118 2339 5182 ticulas
2360 5166 2375 5189 ,
2405 5138 2524 5182 nua:
2555 5137 2641 5176 res
2670 5121 3047 5189 obscuritatem
3079 5118 3318 5174 sermoni
3365 5131 3744 5187 norniutnpiam

2153 5198 2311 5269 parit,
2334 5209 2434 5269 ceu
2463 5193 2767 5269 monuimus
2786 5198 2929 5246 ante.
2964 5188 3136 5244 Busa.

2158 5267 2165 5269 ἡ
2226 5267 2293 5350 (τ)
2350 5267 2668 5333 Prtegnatus.
2717 5267 3047 5344 Prafgnatum
3078 5267 3177 5342 sub
3212 5267 3378 5313 l'oraia

2153 5338 2404 5395 ﬂexnonis
2429 5342 2651 5403 usurpat
2680 5348 2776 5403 pro
2818 5339 3262 5403 imprtegnottone,
3314 5345 3416 5399 gau

2154 5406 2547 5468 terminationis
2565 5401 2572 5403 ⁷
2593 5401 2896 5459 vocabulis.
2930 5401 3104 5454 Reus.

2227 5480 2310 5553 (ε)
2338 5486 2426 5533 ΤΟ
2453 5481 2718 5553 AotttSIN.
2761 5470 3160 5553 Synecdnchica
3184 5469 3385 5553 locatio
3410 5479 3512 5553 est.
3544 5467 3750 5553 Subau-

2155 5541 2304 5608 ditur
2330 5548 2638 5621 prmpositiu
2667 5541 2819 5610 κατὰξ
2833 5547 2958 5621 καιτᾲ
2984 5544 3262 5621 Tanais-73,
3290 5541 3390 5621 hoc
3416 5548 3529 5621 est,
3559 5552 3753 5621 secuti:

2156 5607 2283 5678 dum
2311 5607 2759 5677 existimationem
2779 5607 2883 5676 {ut
2914 5610 3161 5665 videlicet
3199 5612 3271 5666 ita
3307 5609 3596 5678 videretur,
3628 5607 3754 5678 licet

2157 5675 2468 5762 reipsa’nou
2496 5697 2660 5762 esset.
2712 5675 2883 5762 [ιω.
2906 5679 3359 5762 τηίογοξιριιιιυε
3381 5719 3396 5745 ,
3430 5678 3535 5762 liv..
3553 5675 3593 5762 II
3622 5675 3752 5762 adv.

2163 5745 2392 5835 b31331}
2423 5758 2604 5817 Carnis
2639 5750 3057 5835 inﬁrm-itas'Deo
3092 5745 3371 5835 habitatore
3398 5745 3756 5835 gaudebatisff

2350 5265 2668 5333 Prtegnatus.
2717 5261 3047 5331 Pra’gnatum
3078 5261 3177 5313 sub
3212 5259 3378 5313 l'oraia
3418 5266 3622 5380 quartae
3664 5255 3747 5339 in-

2350 5338 2404 5390 tis
2429 5342 2651 5398 usurpat
2680 5348 2776 5398 pro
2818 5330 3262 5398 impraegnotione,
3314 5345 3431 5398 gaui
3455 5342 3553 5381 ens
3593 5328 3751 5398 ItllthS

2160 5815 2341 5891 tamen
2357 5815 2641 5890 mensuram
2671 5815 2964 5900 fragilitatis
3004 5835 3111 5875 sum
3155 5815 3522 5875 excedere'uon
3563 5815 3760 5890 potuit,

3376 5901 3397 5927 Ω
