4042 6288
1324 244 1351 252 -ο

259 286 365 347 755'.)
555 300 559 304 ’
1682 286 1838 344 TER'.

1953 286 2146 345 .LIANI
3455 299 3568 357 76’)

265 403 489 459 ridetur.
529 400 770 475 (a)llanc
810 402 1209 461 venerationem
1237 401 1317 474 (I)
1356 411 1581 470 naturzc,
1611 402 1690 475 (9.)
1714 403 1824 457 Mar

1964 403 2182 467 tientize,
2211 404 2621 474 miscricordim,
2654 406 3022 467 innocentire?
3049 407 3241 467 Omnia
3285 411 3400 467 haec
3438 416 3565 484 qui-

215 548 244 573 '
264 498 408 564 ι-ἱυιι,
428 496 680 568 chpnis;
712 505 767 552 et
798 512 907 567 quo
933 496 1093 552 modo
1120 507 1277 552 natus
1302 497 1399 552 es?
1424 496 1591 552 Odisti
1624 510 1853 551 unseen.
1960 494 2083 550 dem
2126 497 2286 551 stulta
2316 514 2422 554 non
2453 511 2593 555 sunt.
2630 500 2822 581 Qumre
2857 517 2989 575 ergo
3010 504 3078 560 de
3105 505 3298 575 quibus
3326 505 3565 572 dixerit;

267 591 677 655 temhoninem;
709 589 1063 661 ctquomodo
1079 580 1853 661 diligisaliquem?Teqnitlem
1961 597 2017 643 et
2053 588 2097 643 si
2141 597 2193 643 te
2222 593 2628 661 praesumpseris
2659 580 2927 651 invenisse
2950 636 2966 658 .
3007 611 3114 651 non
3151 597 3261 653 erit
3300 608 3406 653 tam
3440 600 3562 672 (15)
3600 623 3607 627 ·

264 683 420 752 plane
467 699 571 737 lltm
619 682 807 737 amasti
838 724 853 745 ,
895 698 1016 737 cum
1059 683 1127 738 ab
1158 682 1395 738 Ecclesia
1426 691 1481 737 et
1528 680 1634 736 fide
1657 680 1856 736 Christi
1960 681 2179 735 stultum
2204 722 2220 749 ,
2248 697 2407 753 quam
2438 684 2555 756 (16)
2581 684 2808 742 credere
2831 688 2885 743 in
2918 687 3085 744 Deum
3109 698 3290 745 natum
3314 732 3330 757 ,
3359 701 3413 747 et
3438 692 3569 764 qui-

263 773 554 828 recessisti.
586 772 692 829 Sed
721 773 919 829 videris
941 815 955 840 ,
994 775 1038 828 si
1069 774 1165 829 tibi
1193 773 1444 845 displices
1469 814 1485 840 ,
1513 782 1606 827 aut
1626 772 1673 828 si
1699 772 1855 829 aliter
1961 772 2082 830 dem
2114 789 2181 830 ex
2217 775 2456 846 virgine,
2487 787 2543 832 et
2585 777 2802 848 quidem
2850 794 3105 850 earneum
3131 823 3146 847 ,
3190 781 3278 851 qui
3318 797 3418 853 per
3444 783 3569 838 illas

261 882 321 921 es
352 877 507 921 natus
535 867 642 939 (ὃ).
685 868 841 924 Certe
877 868 1119 924 Christus
1149 867 1338 925 dilexit
1376 867 1652 942 hominem
1704 868 1852 924 illum
1960 874 2165 921 natura:
2194 869 2549 925 contumelias
2592 870 2858 926 volutatus
2877 872 2977 927 .sit.
3022 872 3169 927 Dicat
3206 872 3321 928 lucc
3369 875 3569 945 aliquis

265 959 319 1011 in
358 958 707 1014 inununditiis
728 1001 742 1025 ,
774 960 824 1013 in
864 968 1016 1014 utero
1043 959 1377 1030 coagulatum
1405 1002 1421 1026 ,
1451 960 1600 1016 illum
1630 974 1726 1030 per
1755 975 1854 1031 pu-
1958 957 2120 1013 Stulta
2144 971 2250 1013 non
2282 964 2434 1026 esse;
2461 966 2518 1015 et
2551 959 2656 1016 alia
2681 962 2790 1017 sint
2809 1004 2822 1022 .
2849 977 2969 1033 quae
3005 951 3148 1018 Deus
3179 962 3231 1018 in
3261 965 3569 1019 mmulalio-

262 1052 438 1108 demla
461 1055 744 1123 prolatum,
770 1054 917 1109 illum
944 1069 1038 1124 per
1058 1053 1283 1109 ludibria
1312 1054 1573 1110 nutritum
1599 1072 1612 1109 :
1637 1063 1857 1125 propter
1959 1065 2083 1106 nem
2104 1050 2325 1122 elegerit
2344 1051 2623 1122 sapientiae
2643 1053 2941 1109 saecularis.
2967 1054 3033 1110 Et
3058 1055 3388 1127 tamenEapud
3413 1056 3566 1112 illam
3590 1089 3633 1115 υ

262 1164 382 1202 cum
406 1148 714 1215 descendit;
741 1156 958 1220 propter
977 1164 1101 1204 eum
1128 1148 1712 1220 praedicavit;pr0pter
1731 1163 1855 1204 cum
1961 1143 2168 1198 facilius
2217 1144 2454 1200 creditur
2498 1144 2708 1217 Jupiter
2747 1156 2931 1203 taurus
2979 1148 3154 1220 factus
3196 1159 3290 1204 aut
3339 1164 3563 1221 cycnus,

263 1240 407 1294 onmi
439 1254 499 1295 se
524 1240 825 1297 humilitate
851 1239 1047 1311 dejecit
1087 1256 1248 1311 usque
1286 1240 1355 1294 ad
1384 1249 1616 1303 mortem,
1647 1248 1693 1293 et
1721 1256 1858 1294 mor-
1959 1251 2119 1308 quam
2153 1251 2280 1294 vere
2312 1238 2472 1294 homo
2500 1239 2770 1302 Christus.
2801 1257 2967 1307 penes
2996 1242 3344 1300 Marcionem.

262 1343 358 1386 tem
374 1333 539 1386 crucis
558 1331 777 1401 (Philip.
795 1330 882 1402 ll).
908 1332 1119 1387 Amavit
1151 1332 1353 1403 utique,
1367 1346 1537 1403 quem
1555 1346 1746 1402 magno
1772 1330 1856 1403 (4)
2593 1333 2824 1390 CAPUT
2875 1334 2939 1391 V.

261 1424 602 1480 rudentit..Si
633 1424 880 1480 Christus
907 1424 1178 1481 Creatoris
1202 1423 1282 1497 (5)
1311 1434 1439 1492 cst,
1471 1440 1626 1480 suum
1667 1424 1859 1480 merito
2032 1424 2172 1480 Sunt
2217 1426 2378 1498 plane
2417 1435 2471 1482 et
2516 1427 2618 1483 alia
2661 1437 2767 1484 tam
2812 1429 2972 1485 stulta
2997 1472 3012 1496 ,
3044 1445 3165 1502 qua:
3198 1430 3467 1502 pertinent
3495 1431 3568 1486 ad

263 1520 501 1579 amavit;
530 1518 574 1572 si
601 1517 669 1573 ab
696 1519 806 1574 alio
836 1519 945 1575 Deo
973 1528 1090 1584 est,
1123 1519 1295 1590 magis
1323 1519 1623 1583 adamavit,
1645 1518 1860 1589 quando
1960 1520 2312 1573 contumelias
2360 1529 2410 1574 et
2469 1521 2745 1590 passiones
2793 1522 2919 1588 Dei;
2970 1531 3064 1577 aut
3099 1522 3433 1591 prudentiam
3476 1522 3570 1578 di-

261 1610 493 1666 aliemun
526 1612 773 1667 redemit.
834 1613 1046 1666 Amavit
1098 1627 1228 1682 ergo
1272 1628 1394 1668 cum
1436 1612 1651 1668 homine
1697 1612 1857 1667 etiam
1962 1617 2088 1664 cant
2137 1610 2253 1677 (l7)
2307 1610 2473 1665 Deum
2517 1613 2859 1669 crucifixum.
2927 1613 3092 1669 Aufer
3136 1613 3256 1687 (18)
3299 1616 3401 1670 hoc
3449 1616 3572 1687 (19)

264 1706 594 1779 nativitatem
620 1746 636 1770 ,
670 1707 830 1760 etiam
873 1720 1090 1761 carnem
1134 1707 1269 1776 ejus.
1322 1706 1464 1762 Nihil
1494 1707 1659 1761 amari
1690 1714 1862 1776 putt-sl.
1965 1717 2209 1773 quoque,
2238 1701 2510 1770 Marcion,
2547 1705 2655 1759 imo
2685 1703 2788 1760 hoc
2818 1705 3017 1776 potius.
3061 1705 3196 1774 Quid
3239 1707 3380 1761 enim
3424 1707 3569 1761 indi-

263 1798 379 1852 sine
407 1814 471 1852 eo
493 1841 508 1865 ,
543 1814 638 1867 per
656 1798 796 1867 quod
826 1807 908 1853 est
950 1799 998 1854 id
1027 1798 1166 1870 quod
1198 1810 1299 1856 est.
1344 1800 1423 1873 (6)
1455 1782 1620 1855 Aufer
1665 1799 1859 1854 nativi-
1891 1797 1938 1857 B
1965 1796 2122 1865 gnius
2145 1795 2294 1851 Deo?
2316 1795 2445 1867 quid
2470 1797 2639 1868 magis
2654 1797 3102 1861 erubescendum,
3128 1800 3271 1853 nasci
3299 1814 3367 1854 an
3388 1801 3572 1855 mori?

264 1900 449 1956 tatem,
481 1900 533 1945 et
559 1890 754 1945 exhibe
777 1891 1079 1958 hominem;
1112 1892 1289 1949 adime
1313 1908 1555 1958 carnem,
1584 1901 1639 1949 ct
1667 1902 1857 1962 praesta
1963 1900 2176 1940 carnem
2211 1895 2424 1957 gestare
2446 1927 2463 1953 ,
2488 1903 2556 1942 an
2585 1888 2841 1943 crucem?
2882 1890 3192 1946 cireumcidi
3211 1933 3225 1955 ,
3259 1905 3326 1944 an
3352 1890 3572 1963 suffigi?

260 1996 421 2051 quem
456 1980 596 2036 Deus
622 1982 867 2037 redemit.
910 1982 967 2038 Si
1009 1982 1124 2038 haec
1148 1992 1272 2039 sunt
1299 1984 1459 2038 homo
1482 2026 1496 2049 ,
1531 1999 1692 2053 quem
1719 1983 1859 2039 Deus
1962 1974 2200 2042 educari.
2223 1991 2290 2030 an
2319 1977 2583 2047 sepeliri?
2612 1978 2663 2032 in
2692 1993 2932 2049 prmsenc
2965 1979 3200 2051 deponi,
3233 1996 3300 2036 an
3356 1981 3408 2036 in
3452 1998 3574 2038 mo-

263 2072 512 2138 rrdemit,
547 2081 598 2127 tu
628 2073 743 2128 lucc
776 2068 1141 2131 erubescenda
1172 2075 1244 2130 illi
1270 2075 1399 2131 facis
1420 2118 1436 2142 ,
1458 2091 1581 2146 quae
1610 2074 1856 2140 redemit,
1965 2077 2222 2125 Itutnenw
2248 2069 2509 2126 recondi?
2551 2070 2859 2142 Sapientior
2895 2072 3003 2127 eris
3026 2115 3041 2136 .
3063 2074 3106 2127 si
3135 2088 3235 2129 nec
3263 2074 3360 2129 ista
3387 2075 3573 2131 credi-

261 2175 315 2217 et
357 2164 569 2234 indigna
594 2207 609 2230 ,
655 2182 724 2237 qu
745 2183 774 2217 e
801 2209 814 2229 ,
849 2167 951 2221 nisi
996 2165 1314 2234 dilexisset,
1346 2182 1452 2223 non
1496 2166 1859 2223 redemisset?
1964 2161 2130 2218 deris.
2175 2160 2280 2218 Sed
2311 2178 2416 2218 non
2445 2165 2554 2219 eris
2584 2164 2799 2235 sapiens
2822 2207 2837 2229 ,
2864 2165 2967 2220 nisi
2997 2166 3192 2221 stultus
3219 2165 3333 2238 (20)
3366 2169 3574 2225 smculo

261 2254 547 2311 Nativitate
598 2258 883 2314 reformata
931 2260 1008 2330 (7)
1042 2260 1445 2331 regeneratione
1476 2260 1862 2328 cmlesti,car-
1963 2252 2165 2321 fueris,
2212 2254 2307 2310 Dei
2350 2255 2510 2310 stulta
2560 2255 2855 2312 credendo.
2904 2258 2984 2312 Au
3040 2257 3161 2313 ideo
3208 2259 3487 2329 passiones
3541 2277 3573 2316 a

266 2368 385 2405 nem
417 2351 484 2407 ab
513 2354 658 2406 omni
689 2354 970 2409 vexatione
993 2350 1247 2420 restituit,
1275 2354 1541 2423 leprosam
1569 2352 1855 2419 emaculat,
1962 2343 2178 2400 Citrism
2222 2361 2326 2402 ιιοιι
2367 2346 2635 2402 rcscidisli
2661 2390 2676 2413 .
2704 2349 2828 2417 quia
2858 2358 2909 2402 ut
2940 2348 3260 2420 phantasma
3291 2350 3515 2406 vacabat
3540 2367 3572 2407 a

265 2459 462 2499 amcam
522 2445 840 2514 perluminat
909 2444 1024 2516 (8),
1096 2439 1439 2516 paralyticam
1494 2445 1855 2517 redintegrat,
1964 2453 2126 2493 sensu
2156 2436 2271 2511 (21)
2305 2440 2532 2494 earum?
2578 2439 2818 2495 Diximus
2860 2450 3005 2496 retro
3030 2457 3184 2512 a-que
3213 2442 3362 2498 illum
3393 2452 3572 2500 etua-

271 2537 660 2592 da‘muniaeam
711 2539 892 2607 expiat
958 2537 1073 2611 (Si),
1122 2547 1388 2594 mortuam
1443 2538 1759 2605 reSuscitat;
1805 2548 1861 2594 et
1966 2533 2182 2587 tivitatis
2218 2542 2272 2588 et
2322 2531 2562 2588 infantia;
2603 2533 2931 2603 imaginaria:
2967 2530 3089 2606 (22)
3130 2550 3295 2589 vacua
3337 2535 3571 2592 ludibria
3598 2562 3671 2574 -ο

266 2629 413 2683 nasci
443 2628 495 2683 in
523 2629 667 2683 illam
694 2629 961 2684 erubescit
993 2628 1154 2702 (10)?
1184 2630 1240 2686 Si
1272 2646 1455 2686 revera
1487 2630 1559 2687 de
1588 2633 1739 2701 lupa,
1769 2642 1859 2686 aut
1963 2623 2144 2679 subire
2183 2624 2438 2695 pOIIlisse-
2479 2623 2583 2679 Sed
2621 2624 2731 2694 jam
2766 2625 2851 2679 hic
2881 2621 2999 2696 (25)
3037 2625 3338 2696 responde,
3369 2625 3448 2698 (b)
3481 2629 3570 2683 in-

262 2734 381 2787 sue,
411 2730 505 2775 aut
534 2735 688 2776 vacen
719 2720 934 2792 prodire
964 2723 1241 2788 Valuisset,
1283 2734 1337 2779 et
1376 2722 1502 2779 fera:
1531 2735 1621 2778 aut
1653 2725 1860 2795 pecoris
1965 2717 2220 2774 terfector
2239 2719 2501 2775 veritatis.
2525 2717 2714 2774 Nonne
2733 2734 2858 2774 vere
2874 2719 3162 2777 crucifixus
3181 2731 3262 2775 est
3286 2720 3426 2776 Deus
3451 2720 3572 2792 (c)?

262 2826 490 2882 corpore
519 2812 769 2879 indutus,
799 2830 1019 2885 regnum
1060 2814 1318 2870 calorum
1361 2813 1676 2885 prmdicaret
1700 2856 1716 2880 ,
1748 2825 1857 2881 tua,
1965 2827 2143 2869 nonne.
2170 2827 2296 2869 vere
2323 2820 2587 2879 mortuus,
2619 2822 2676 2866 ut
2703 2811 2764 2883 (2
2778 2810 2823 2885 ι)
2859 2827 2984 2867 vere
3021 2813 3361 2867 crucifixus?
3387 2828 3572 2870 nonne

238 2888 475 2972 'opinor,
507 2903 582 2958 illi
615 2918 838 2959 censura
878 2904 1250 2975 praescriberet
1278 2946 1294 2971 ,
1326 2915 1480 2974 turpe
1521 2904 1622 2960 hoc
1649 2904 1776 2970 Deo,
1806 2914 1862 2961 et
1963 2920 2090 2961 vere
2130 2905 2484 2961 resuscitatus
2508 2947 2522 2971 ,
2565 2912 2623 2958 ut
2676 2919 2801 2960 vere
2850 2904 3059 2959 scilicet
3101 2903 3382 2959 mortuus?
3410 2903 3572 2960 Falso

262 2994 535 3065 indignum
570 2996 668 3051 hoc
701 2996 794 3052 Dei
828 2997 983 3063 Filio,
1007 3007 1060 3053 et
1083 2998 1301 3052 stultmn
1327 3007 1606 3069 propterea
1628 2998 1716 3069 qui
1741 2996 1859 3071 (11)
1963 3013 2092 3070 ergo
2140 2996 2255 3071 (25)
2313 2997 2498 3053 statuit
2562 2997 2705 3052 inter
2757 3011 2858 3051 nos
2916 2997 3056 3052 scire
3112 2995 3306 3052 Paulus
3362 3005 3570 3054 tantum

261 3087 333 3141 ita
360 3086 564 3142 credat.
598 3086 681 3142 Sit
703 3088 859 3158 plane
887 3088 1108 3144 stultum
1130 3131 1146 3156 ,
1170 3089 1213 3143 si
1240 3087 1355 3162 (12)
1388 3088 1456 3144 de
1485 3098 1670 3145 nostro
1696 3104 1857 3145 sensu
1961 3090 2146 3147 Jesum
2181 3088 2299 3163 (26)
2337 3088 2689 3167 crucifixum?
2740 3088 2878 3145 falso
2924 3088 3262 3161 sepultarum
3310 3089 3572 3161 ingessit?

257 3177 560 3247 judicemus
601 3179 794 3235 Deum.
831 3180 938 3237 Sed
975 3182 1327 3253 circumspice
1372 3183 1416 3255 (l
1459 3183 1579 3241 Cor.
1603 3224 1618 3251 ,
1660 3184 1710 3249 Ι,
1740 3184 1857 3255 27),
1885 3186 1931 3249 C
1965 3182 2101 3240 falso
2130 3184 2503 3239 resuscitatum
2533 3181 2852 3238 inculcavit?
2883 3181 3037 3237 Falsa
3062 3190 3147 3237 est
3173 3183 3333 3253 igitur
3351 3190 3404 3237 ct
3434 3181 3570 3238 fides

261 3271 531 3341 Marcion,
570 3274 614 3328 si
656 3256 833 3330 uunen
877 3290 982 3331 non
1016 3276 1205 3332 delesti
1249 3294 1262 3330 :
1303 3276 1476 3332 Stulta
1505 3278 1682 3333 mundi
1709 3278 1858 3350 elegit
1961 3285 2175 3342 neStra,
2215 3282 2272 3329 et
2301 3273 2614 3345 phantasma
2653 3283 2736 3329 est
2766 3271 2884 3346 (27)
2915 3281 3081 3329 totum
3112 3273 3254 3344 quod
3286 3288 3570 3342 speramus

262 3365 425 3432 Dens,
456 3374 511 3420 ut
536 3366 817 3438 confundat
836 3369 1088 3439 rapientes
1112 3367 1250 3442 (15).
1278 3369 1533 3435 Quaenam
1563 3371 1677 3426 haec
1698 3372 1857 3427 stulta
1959 3384 1990 3423 a
2008 3367 2257 3435 Christo?
2277 3367 2668 3427 Scelestissime
2689 3367 2986 3431 hominum,
3003 3366 3093 3438 qui
3114 3364 3193 3438 (d)
3216 3367 3569 3436 interempto-

259 3457 430 3513 sunt?
469 3461 749 3516 conversio
787 3460 1019 3517 hominis
1056 3460 1124 3517 ad
1178 3463 1381 3517 cultum
1416 3460 1535 3535 (tl)
1576 3465 1685 3519 veri
1727 3464 1858 3521 Dei?
1962 3479 2051 3521 res
2070 3479 2297 3523 excusas
2321 3464 2437 3520 Dei.
2458 3463 2599 3520 Nihil
2621 3465 2765 3521 enim
2787 3465 2856 3523 ab
2878 3466 2960 3522 eis
2981 3479 3171 3536 passus
3189 3473 3273 3521 est
3291 3456 3661 3532 Christus,"

263 3550 486 3621 rejectio
522 3552 768 3609 erroris?
822 3553 1098 3627 disciplina
1136 3554 1396 3626 iustitiae,
1431 3557 1735 3629 pudicitim,
1764 3573 1857 3629 pa-
1962 3557 2008 3613 si
2062 3556 2194 3612 nihil
2242 3571 2368 3612 vere
2410 3564 2495 3612 est
2542 3570 2751 3628 passus.
2807 3557 2973 3613 Parce
3019 3559 3194 3612 unica:
3233 3556 3348 3627 spei
3399 3555 3568 3612 totius

1515 3666 1896 3728 LECTIONES
1923 3667 2339 3728 VARIANTES.

2055 3759 2131 3824 l5)
2156 3761 2264 3811 Jam
2289 3763 2431 3812 Pam.
2456 3759 2610 3813 Rhen.

2052 3822 2127 3897 lg)
2155 3822 2307 3897 Quam
2331 3823 2665 3897 @euaPmrt.
2689 3822 2839 3876 Rhea.

2054 3882 2131 3938 17)
2153 3882 2319 3935 Dicam
2339 3886 2491 3938 Rhea.
2512 3882 2658 3938 semi.

2152 3947 2336 4019 Αυιυτὲ
2348 3946 2501 4019 Rhea.
2527 3947 2677 4019 Senil.

2152 4009 2270 4062 Haec
2294 4013 2438 4062 Pam.
2460 4009 2622 4063 Paris.
2650 4020 2804 4062 Fran.

2049 4070 2130 4136 20)
2158 4071 2378 4136 [uinum
2403 4070 2660 4136 Riq._t-'en.

2049 4132 2130 4197 2,1)
2153 4134 2227 4197 Ad
2249 4148 2449 4186 sensum
2466 4132 2623 4188 Rhea.
2652 4134 2803 4185 Seml.

2047 4194 2129 4260 22')
2158 4196 2446 4261 Imaginaria
2471 4205 2525 4248 et
2546 4200 2687 4249 Pam.
2710 4194 2859 4247 Seml.
2903 4196 3239 4261 imaginarium
3255 4198 3560 4262 imaginarie

323 3753 343 3813 (
353 3752 397 3813 l)
419 3753 744 3805 Venationem
765 3752 917 3807 Rhea.
940 3756 1090 3807 Semf.

324 3814 398 3875 (ἐ)
425 3815 466 3867 Ο
488 3814 634 3869 inser.
657 3819 801 3869 Pam.
827 3815 980 3870 Rhea.

323 3878 398 3936 f3)
420 3878 578 3930 Aliter
600 3889 745 3931 natus
768 3896 825 3932 es
848 3885 990 3934 Pam.
1010 3881 1156 3933 aliter
1177 3889 1340 3934 natus.
1368 3881 1431 3935 Et
1452 3882 1604 3936 Rhea.

325 3941 398 4005 (4)
434 3941 600 4005 Pretio
621 3943 739 3994 add.
767 3947 907 3996 Pam.
936 3946 1079 3995 vatic.
1103 3948 1134 3995 5
1157 3946 1266 3997 cod.

323 4003 396 4068 (⁷5)
422 4003 756 4068 Creatorrjns
780 4016 912 4059 Pam.
937 4008 1088 4060 Rhea.

322 4066 396 4121 (ϐ)
424 4067 521 4116 Aut
537 4066 657 4118 add.
677 4066 828 4118 'Pam.
846 4069 997 4121 Rhea.

323 4127 397 4198 (ξ)
416 4127 736 4198 yatiritatem
755 4132 994 4198 reformat.
1017 4148 1044 4181 a
1067 4135 1225 4182 morte
1251 4132 1361 4198 Rig.
1390 4142 1506 4184 rea.

321 4189 391 4246 (8)
416 4189 696 4241 Rclumiuat
715 4189 820 4241 alii.

2024 3758 2047 4007 ἔ

2052 4012 2108 4060 19

2111 3840 2131 4198 ξ

2023 4010 2046 4264 ἒ

323 4250 904 4330 ἐῼὶιᾏι.¹ι³ἕ¹ζέςιςῐέηο.
1160 4316 1184 4330 .

2029 4250 2045 4264 κ
2115 4250 2126 4260 1
2260 4250 2290 4261 ν

1960 4257 2115 4311 Rhea.

2029 4320 2122 4330 ἰι-1
2152 4320 2213 4330 --ι
2307 4318 2363 4330 -Ο

320 4313 425 4382 (to)
452 4312 772 4382 Et_nos_illam
798 4312 1184 4368 erubescet'nus?
1204 4314 1309 4369 alii.
2022 4320 2127 4382 (23)
2152 4320 2280 4371 Hinc
2438 4329 2552 4371 Ven.

321 4373 424 4443 (ll)
441 4375 686 4443 QuiaRt'g.
714 4386 827 4443 Ven.
1820 4414 1825 4419 -
2023 4373 2127 4443 (ξι)
2151 4383 2214 4434 Et
2233 4373 2386 4434 Semli

322 4438 424 4508 (lg)
448 4438 501 4508 Si
524 4438 661 4508 abesi
673 4454 704 4490 a
722 4438 832 4508 Rig.
860 4452 975 4492 Ven.
1084 4505 1093 4508 _
1191 4505 1199 4508 Α
1314 4506 1342 4508 ξ
1481 4506 1515 4508 _
2022 4438 2126 4508 (25)
2150 4445 2283 4508 Ergo
2304 4444 2433 4508 abest
2454 4459 2487 4496 a
2508 4442 2659 4508 Rhea.
2685 4444 2837 4495 Seml.

321 4503 339 4579 ς
353 4501 426 4579 με)
448 4501 525 4579 Sal
544 4503 696 4579 ientia
714 4501 825 4579 Rig'.
858 4514 970 4579 gen.
997 4505 1447 4579 sapientiamoPam.
1472 4506 1628 4559 Fran.
1877 4550 1930 4579 η
2149 4501 2466 4579 έθᾷυιῃμὸεει
2487 4521 2520 4558 a
2537 4506 2688 4560 Rhea.
2713 4504 2877 4558 Semf.‘

328 4550 427 4629 ms
453 4550 1331 4619 ndasaam'aacaiaa‘iaiaaan:
1352 4550 1447 4556 π·
1472 4550 1495 4555 ·
1876 4550 1930 4610 D
2020 4550 2125 4635 liii
2147 4550 2530 4635 Eiit‘ii'iiT'Fevi-

2020 4320 2042 4638 ἔ

2104 4321 2127 4634 ε

1610 4671 2164 4731 COMMENTARIUS.

2019 4786 2098 4861 (c)
2125 4787 2318 4843 'Nonne
2337 4804 2450 4844 vere
2474 4796 2819 4861 mortuus._n_t
2849 4804 2960 4844 vere
2993 4789 3304 4857 crucifixus?
3347 4789 3551 4848 Christi
3608 4856 3609 4859 η

326 4793 419 4859 (τι)
437 4792 587 4848 Hanc
614 4791 980 4852 venerationem
1008 4795 1226 4842 naturae.
1270 4784 1518 4858 lntelligit
1545 4790 1845 4846 veneratin-

1945 4858 2096 4915 ort'ns
2120 4875 2184 4913 ex
2226 4868 2397 4915 morte
2423 4860 2698 4930 probatur.
2744 4858 2871 4915 Ideo
2900 4868 3078 4916 autem
3119 4862 3367 4917 infamem
3396 4878 3550 4917 rnor-

248 4881 371 4920 nem
400 4881 520 4937 qua:
549 4872 749 4937 natura:
776 4861 1020 4937 debetur.
1050 4859 1389 4937 sensus_est,
1416 4859 1570 4937 Quod
1596 4862 1843 4937 venerari

253 4927 515 4991 debueras
538 4978 553 4999 ,
588 4945 641 4991 tu
676 4934 896 5005 deSpnis
918 4973 934 4998 ,
975 4930 1055 4986 sic
1093 4929 1186 4985 lib.
1216 4927 1450 5005 ll|_adv.
1494 4930 1837 4989 Marciouem.

252 4998 593 5063 Sanctissinta
624 5048 640 5075 ,
690 4998 865 5076 inquit
895 5045 911 5071 ,
958 5011 1006 5057 et
1071 4998 1343 5073 reverenda
1403 5016 1579 5129 ορεννιίἶ
1624 5014 1839 5059 natum.

1586 5090 1707 5129 usa.

1586 5090 1707 5130 BEN.

319 5150 475 5205 CAP.
507 5148 571 5204 V.
600 5177 670 5189 —
694 5144 774 5217 (b)
798 5144 1102 5218 Interfector
1120 5143 1362 5198 veritatis.
1404 5142 1691 5218 Haereticos
1714 5145 1840 5218 olim

248 5219 581 5288 gr..riuribus
604 5215 783 5274 verbis
809 5215 1218 5288 notatnsnemo
1244 5215 1691 5288 est_quidubitet.
1724 5216 1838 5272 Neu

246 5283 414 5347 semel
449 5289 789 5352 Aucturhic;
831 5301 952 5342 nam
986 5284 1076 5342 lib.
1110 5285 1126 5339 I
1155 5286 1276 5341 adv.
1304 5283 1646 5352 blarcionem,
1671 5288 1843 5342 hrreo

249 5365 411 5416 ticum
436 5362 584 5416 illum
612 5360 755 5415 veris
777 5357 1048 5414 coloribus
1068 5356 1292 5429 effingit.
1316 5366 1370 5411 et
1392 5359 1668 5413 tetriorcm
1691 5360 1836 5415 omni

248 5434 580 5488 immanitate
610 5431 918 5498 profitetur,
940 5442 1065 5499 qua:
1093 5428 1148 5483 iu
1180 5429 1346 5499 ipsius
1374 5430 1538 5498 patria
1578 5432 1833 5485 occurrit.

245 5504 363 5559 Non
395 5505 625 5559 absimili
664 5515 826 5559 sensu
865 5498 1021 5568 epist.
1061 5500 1126 5555 ad
1164 5498 1462 5572 Trallianos
1507 5500 1562 5557 S.
1604 5500 1836 5572 lgnatius

245 5589 400 5631 vocat
427 5575 708 5631 inc-retices
738 5590 751 5627 :
785 5576 935 5633 κακὰς
973 5575 1283 5646 ςκηρχθυέδξνς
1301 5609 1317 5635 ,
1341 5569 1563 5646 _im_piam
1581 5569 1838 5646 (propagi-

245 5663 379 5700 nem.
412 5647 470 5703 S.
502 5647 729 5714 Prosper
756 5658 925 5714 carm.
950 5642 1023 5714 tle
1043 5639 1290 5714 ingratis,
1316 5639 1387 5714 tle
1412 5640 1630 5712 Pelagio
1663 5661 1676 5699 :

371 5716 611 5767 Pestifero
635 5709 817 5765 vomuit
836 5711 1039 5764 coluber
1060 5709 1287 5763 sermone
1314 5709 1583 5764 britannus.

349 5781 408 5834 Β.
443 5781 770 5862 Hieronymo
812 5788 1018 5862 parum
1071 5791 1260 5834 onmcs
1308 5778 1591 5835 [hereticos
1637 5777 1834 5832 acriter

243 5848 557 5908 insectatum
598 5846 781 5908 fuisse.
810 5846 890 5905 LE
917 5846 1014 5902 Pu.

1946 4941 2054 4986 tem
2082 4930 2262 5003 elegit,
2290 4939 2346 5003 ct
2372 4932 2733 4999 spectaculum
2766 4932 3069 5003 ignominiae
3099 4933 3310 5003 plenum
3336 4973 3351 4995 ,
3387 4942 3444 4988 ut
3477 4934 3550 4989 ab

1944 5001 2194 5058 omnibus
2218 5002 2420 5057 veritas
2452 5011 2834 5071 agnosceretur
2856 5043 2872 5066 ,
2904 5002 3083 5060 nullus
3103 5001 3185 5057 'de
3215 5019 3341 5060 verr.
3372 5013 3548 5060 morte

1946 5073 2236 5135 dubitaret,
2267 5072 2547 5143 nullusque
2576 5072 3024 5143 resurrectionem
3058 5077 3108 5129 in
3135 5073 3356 5130 dubium
3388 5090 3546 5130 revo-

1946 5154 2112 5216 caret.
2137 5144 2396 5216 Abstineo
2423 5141 2708 5216 nicitandis
2727 5141 3009 5216 lintribus;
3034 5146 3205 5216 allego
3219 5154 3420 5201 tantum
3443 5161 3542 5202 seu

1946 5214 2199 5340 {:dico
2235 5212 2427 5339 :gnat.,
2457 5213 2617 5284 epist.
2646 5213 2714 5271 ad
2742 5212 3041 5281 'l‘rall.,ubi
3064 5212 3180 5272 fuse
3204 5216 3271 5273 de
3300 5216 3401 5273 hac
3425 5234 3543 5273 ma-

2001 5302 2098 5340 rta.
2176 5302 2207 5340 ε
2261 5293 2331 5340 ’n.

1946 5288 2098 5341 teria.
2132 5288 2207 5341 LE
2237 5288 2331 5340 l'n.

2018 5357 2096 5425 (al)
2128 5354 2522 5429 Interemptores
2557 5371 2770 5429 excusas
2804 5354 2918 5410 Dei.
2958 5355 3188 5429 Marcion
3209 5401 3226 5425 ,
3258 5374 3417 5429 quem
3444 5373 3541 5415 ve-

1943 5425 2226 5483 hementer
2264 5425 2419 5497 urget
2457 5426 2850 5493 Tcrtullianus,
2895 5428 3213 5497 prtedicabat
3263 5425 3541 5487 Christum

1942 5513 2047 5570 non
2078 5512 2203 5554 vere
2230 5497 2498 5570 hominem
2525 5497 2690 5554 fuisse
2711 5540 2726 5565 ,
2755 5497 2850 5570 sed
2896 5500 3120 5566 putatiue
3140 5542 3156 5566 ,
3197 5501 3436 5570 nihilque
3469 5501 3540 5557 de

1941 5568 2159 5626 homine
2206 5569 2581 5639 asannpsisse.
2623 5570 2679 5625 Si
2722 5569 2884 5640 igitur
2920 5579 3128 5640 certqu
3176 5579 3319 5627 esset
3348 5568 3541 5628 carnis

1942 5650 2137 5713 nostra:
2191 5638 2544 5713 substantiam
2590 5649 2702 5701 non
2747 5638 3024 5711 accepisse
3056 5683 3072 5710 ,
3124 5657 3296 5713 neque
3332 5656 3536 5713 verum

1939 5709 2103 5765 fuisse
2141 5710 2408 5781 hominem
2442 5753 2457 5778 ,
2499 5722 2645 5781 certe
2694 5727 2821 5767 vere
2878 5709 3122 5768 mortuus
3165 5709 3269 5769 non
3321 5711 3536 5781 fuisset,

1936 5782 2119 5852 sicque
2147 5780 2360 5837 .lndzeos
2396 5780 2676 5854 carnifices
2713 5780 2880 5854 impio
2910 5781 3002 5840 illo
3043 5793 3096 5840 ct
3139 5792 3399 5841 venenato
3428 5780 3534 5839 doé

1934 5851 2113 5923 gntate
2135 5851 2434 5911 excusaret;
2470 5851 2550 5909 Le
2579 5853 2676 5909 Pa.
