4042 6288
401 301 502 361 76-1

1698 276 1786 349 ne
1825 287 2059 350 canus
2099 290 2392 354 CHRISTI.

405 418 568 473 orbis.
599 413 675 489 (a)
721 414 860 484 Quid
889 411 969 486 (1)
1011 410 1241 479 destruis
1268 408 1883 504 newssariuquedecus
2023 412 2079 471 Α
2102 409 2290 504 eadem
2313 412 2440 481 ﬁde,
2458 420 2514 471 et
2536 416 2757 488 spiritus
2774 427 2828 476 et
2848 422 3028 480 carnis
3050 424 3187 500 (17).
3209 427 3442 486 Virtutes
3457 432 3700 504 spiritum

405 509 563 565 ﬁdri?
591 508 976 578 Quodcumque
1007 506 1117 562 Deo
1158 504 1432 575 indignum
1460 511 1543 559 est
1562 544 1578 571 ,
1605 502 1735 559 mihi
1763 501 1999 573 expedit.

407 602 599 657 Salvus
623 616 768 667 sum,
796 599 843 655 si
884 613 990 655 non
1022 596 1322 655 confundar
1349 596 1417 653 de
1453 597 1679 653 Domino
1715 612 1857 652 meo.
1900 596 2003 661 Qui

405 692 503 746 mei
546 691 650 765 (5),
711 690 902 762 inquit,
955 693 1198 762 confusus
1242 689 1427 760 fuerit,
1480 690 1766 761 confundar
1817 700 1863 744 et
1912 704 2003 760 ego

405 784 516 851 eius
547 780 663 855 ’(ι1).
727 781 872 836 Alias
926 796 1033 837 non
1088 779 1301 836 invenio
1350 778 1604 835 materias
1652 777 2000 845 confusionis,

404 890 524 947 qua:
553 888 641 929 me
667 887 763 943 per
791 880 1154 943 contemptum
1178 872 1389 928 ruboris
1420 872 1647 944 probent
1668 872 1803 929 bene
1830 873 2005 944 impu-

404 965 620 1022 dentem
642 975 696 1021 et
718 962 952 1021 feliciter
967 965 1212 1021 stultum.
1241 963 1408 1020 Natus
1433 974 1517 1020 est
1544 965 1639 1020 Dei
1662 964 1866 1033 Filius;
1896 980 2005 1022 non

406 1060 589 1135 pudet,
617 1060 739 1131 quia
770 1058 1076 1131 pudendum
1095 1067 1180 1116 est
1203 1069 1289 1115 :et
1312 1066 1555 1116 mortuus
1575 1066 1660 1114 est
1682 1059 1774 1115 Dei
1795 1059 2000 1126 Filius;

407 1170 627 1227 prorsus
644 1153 905 1224 credibile
933 1162 1035 1218 est,
1068 1153 1194 1226 quia
1220 1152 1462 1224 ineptum
1489 1160 1575 1209 est
1588 1135 1615 1205 ἐ
1649 1160 1707 1209 et
1734 1152 2000 1223 sepultus,

409 1248 733 1314 resurrexit;
778 1255 987 1303 certum
1032 1253 1137 1313 est,
1178 1245 1301 1314 quia
1358 1244 1706 1316 impossibile.
1742 1244 1850 1301 Sed
1890 1244 2005 1302 haec

409 1342 681 1415 quomodo
708 1342 761 1397 in
783 1341 878 1397 illo
906 1355 1035 1396 vera
1077 1348 1255 1405 erunt,
1284 1339 1331 1395 si
1355 1339 1470 1410 ipse
1496 1354 1604 1395 non
1635 1339 1730 1395 iuit
1751 1354 1930 1407 verus,
1958 1340 2006 1397 si

410 1450 518 1493 non
536 1450 666 1493 vere
685 1434 873 1491 habuit
896 1435 948 1490 in
971 1449 1030 1491 se
1055 1433 1197 1504 quod
1218 1432 1491 1504 ﬁgeretur,
1516 1432 1659 1505 quod
1680 1442 2001 1501 moreretur,

411 1527 554 1600 quod
607 1526 924 1599 sepeliretur
970 1533 1026 1581 et
1062 1522 1507 1591 resuscitaretur,
1538 1538 1755 1580 carnem
1801 1524 2007 1581 scilicet

392 1622 674 1694 .sanguine
690 1617 970 1685 suﬂusam,
989 1617 1200 1675 ossibus
1218 1625 1502 1686 structam,
1517 1616 1695 1673 nervis
1723 1618 2003 1685 intextam,

2108 499 2224 569 Dei,
2243 504 2519 573 passiones
2535 523 2752 566 carnem
2765 510 2998 570 hominis
3012 499 3388 586 probaverunt.
3408 522 3461 579 Si
3481 499 3702 583 virtutes

2108 607 2216 649 non
2245 596 2362 653 sine
2388 599 2597 669 spiritu,
2632 602 2855 672 proinde
2889 605 3004 678 (18)
3038 619 3090 664 et
3120 612 3396 679 passiones
3447 630 3555 672 non
3581 617 3699 673 sine

2109 703 2270 746 carne
2298 710 2311 745 :
2344 691 2387 746 si
2413 706 2541 748 caro
2560 708 2682 750 cum
2713 698 3053 766 passionibus
3084 702 3226 771 ﬁcta,
3246 713 3302 760 et
3327 706 3545 777 spiritus
3573 723 3704 781 ergo

2108 795 2228 837 cum
2277 784 2564 841 virtutibus
2599 786 2784 845 falsus.
2827 789 2897 865 (c)
2931 791 3070 861 Quid
3116 795 3394 854 dimidias'
3416 800 3703 858 mendacio

2109 871 2420 931 Christum?
2460 876 2626 934 Totus
2674 881 2871 938 veritas
2912 882 3032 939 fuit.
3066 884 3270 958 Maluit,
3303 891 3482 959 crede,
3528 895 3697 963 nasci,

2107 980 2265 1036 quam
2295 984 2362 1023 ex
2387 968 2560 1040 aliqua
2589 969 2707 1045 (19)
2735 982 2884 1045 parte
2920 977 3151 1046 mentiri,
3180 989 3235 1037 et
3262 974 3477 1053 quidem
3524 985 3578 1041 in
3612 1002 3702 1044 se-

2108 1058 2431 1128 metipsum;
2460 1070 2519 1117 ut
2556 1078 2773 1123 carnem
2803 1077 3042 1138 gestaret
3080 1072 3199 1128 sine
3239 1074 3454 1131 ossibus
3490 1076 3700 1146 duram,

2110 1151 2227 1207 sine
2256 1154 2513 1210 musculis
2540 1157 2767 1214 solidam
2786 1200 2801 1225 ,
2832 1161 2950 1219 sine
2976 1167 3239 1237 sanguine
3263 1179 3562 1240 cruentam,
3587 1172 3705 1231 sine

2109 1242 2285 1298 tunica
2317 1243 2397 1316 (ά)
2428 1248 2700 1316 vestitam,
2729 1251 2848 1308 sine
2873 1253 3014 1312 fame
3042 1258 3388 1331 esurientem,
3421 1265 3538 1321 sine
3565 1266 3704 1324 den-

2109 1334 2255 1392 tibus
2279 1336 2552 1407 edentem,
2585 1341 2701 1399 sine
2725 1344 2903 1417 lingua
2934 1348 3273 1420 loquentem;
3304 1364 3362 1410 ut
3386 1358 3702 1428 phantasma

2107 1427 2327 1484 auribus
2352 1428 2515 1486 fuerit
2543 1448 2724 1490 sermo
2767 1437 2884 1506 ejus
2923 1455 3019 1511 per
3056 1442 3339 1515 imaginem
3383 1427 3546 1505 vocis.
3581 1451 3704 1508 Fuit

2109 1519 2289 1594 itaque
2342 1522 2655 1594 phantasma
2701 1529 2860 1585 etiam
2912 1543 3031 1602 post
3060 1541 3527 1609 resurrectionem,
3580 1560 3701 1601 cum

2110 1628 2304 1670 manus
2355 1624 2410 1671 et
2452 1617 2616 1687 pedes
2645 1634 2773 1676 suos
2791 1620 3067 1693 discipulis
3090 1627 3454 1699 inspiciendos
3483 1634 3705 1693 oil'errct

418 1715 570 1770 venis
586 1712 896 1783 implexam,
912 1726 1032 1783 qua:
1053 1710 1204 1767 nasci
1232 1718 1286 1768 et
1300 1710 1438 1767 mori
1460 1711 1643 1766 novit?
1664 1709 1906 1766 Humana
1926 1708 2008 1782 (5)
2036 1724 2085 1785 Β
2115 1704 2230 1779 (20)
2262 1723 2276 1761 :
2305 1707 2550 1778 Aspicite,
2582 1700 2756 1785 inquit
2784 1714 2927 1788 (2t).
2955 1720 3091 1788 quod
3115 1738 3206 1794 ego
3230 1740 3340 1778 sum
3365 1768 3379 1791 ,
3404 1729 3523 1796 quia
3548 1731 3704 1800 ερῑνί.

413 1808 531 1864 sine
584 1805 766 1873 dubio,
825 1814 884 1860 ut
932 1813 1056 1860 nata
1105 1801 1183 1877 (6)
1233 1802 1302 1859 de
1358 1802 1608 1869 homine;
1659 1803 1887 1875 ideoque
1930 1800 2011 1876 (7)

414 1898 655 1955 mortalis
682 1897 796 1953 haec
844 1896 946 1952 erit
979 1895 1057 1967 (8)
1092 1895 1146 1950 in
1173 1893 1391 1950 Christo
1421 1937 1437 1963 ,
1463 1895 1585 1967 quia
1636 1895 1889 1951 Christus
1931 1893 2012 1968 (9)

414 1991 579 2048 homo
598 2000 654 2048 et
685 1991 826 2046 ﬁlius
874 1989 1126 2045 hominis.
1175 1993 1286 2045 Aut
1318 2003 1417 2045 cur
1458 1987 1623 2044 homo
1666 1988 1914 2047 Christus
1959 1998 2016 2046 et

414 2085 561 2141 ﬁlius
583 2084 837 2152 hominis,
865 2083 910 2139 si
954 2082 1087 2138 nihil
1112 2082 1347 2140 hominis
1375 2093 1431 2139 et
1461 2082 1596 2138 nihil
1641 2098 1713 2141 ex
1759 2083 2015 2141 homine?

416 2179 519 2235 nisi
550 2179 595 2234 si
626 2177 745 2252 (10)
766 2186 859 2234 aut
888 2177 1032 2233 aliud
1053 2186 1137 2233 est
1159 2177 1497 2249 homoquam
1521 2192 1669 2247 caro,
1691 2186 1783 2234 aut
1800 2177 2016 2234 aliunde

416 2288 544 2330 caro
572 2272 827 2340 hominis,
852 2282 1010 2343 Quam
1032 2287 1101 2328 ex
1116 2270 1334 2327 homine
1356 2289 1373 2339 ;
1399 2279 1493 2327 aut
1517 2270 1660 2328 aliud
1691 2271 1803 2345 (11)
1826 2271 2010 2339 Maria,

417 2382 577 2438 quam
609 2366 791 2429 homo,
827 2362 906 2438 (b)
931 2373 1021 2419 aut
1050 2364 1213 2420 homo
1244 2364 1359 2437 (η)
1389 2363 1525 2420 deus
1552 2365 1837 2421 Marcionis
1875 2363 2012 2440 (15).

415 2459 608 2525 Aliter,
632 2472 739 2513 non
764 2456 1034 2513 diceretur
1060 2456 1223 2513 homo
1252 2456 1521 2525 Christus,
1552 2458 1668 2512 sine
1688 2472 1884 2525 carne;
1916 2473 2015 2513 nec

419 2551 656 2607 hominis
706 2549 888 2615 ﬁlius,
936 2548 1054 2605 sine
1094 2548 1272 2620 aliquo
1313 2558 1531 2619 parente
1576 2548 1790 2604 homine
1826 2568 1838 2604 :
1878 2553 2011 2605 sicut

417 2661 519 2702 nec
550 2644 712 2708 Deus,
744 2642 862 2699 sine
886 2640 1091 2712 Spiritu
1120 2642 1251 2705 Dei;
1281 2656 1380 2697 nec
1408 2642 1499 2697 Dei
1530 2640 1720 2708 Filius,
1754 2642 1872 2697 sine
1904 2642 2016 2698 Deo

420 2746 599 2808 patre.
642 2736 719 2791 Ita
761 2734 1037 2806 utriusque
1066 2733 1383 2790 substantim
1411 2748 1604 2790 census
1648 2734 1919 2790 hominem
1965 2742 2019 2790 et

418 2829 589 2885 Deum
618 2826 862 2883 exhibuit
892 2842 906 2880 :
938 2826 1062 2881 hinc
1091 2834 1309 2891 natum,
1335 2825 1462 2880 inde
1507 2843 1613 2881 non
1643 2838 1824 2882 natum
1850 2845 1865 2892 ;
1897 2828 2020 2882 hinc

418 2933 701 2984 corneum,
734 2915 857 2973 inde
882 2916 1220 2987 spiritalem;
1254 2916 1378 2972 hinc
1406 2915 1699 2981 inﬁrmum,
1730 2918 1855 2974 inde
1881 2934 2018 2989 prae-

417 3011 643 3075 fortem;
673 3007 799 3063 hinc
838 3007 1178 3085 morientem,
1222 3007 1349 3065 inde
1390 3008 1684 3064 viventem.
1732 3009 1862 3079 Quae
1903 3009 2019 3083 (14)
2049 3040 2094 3102 C

420 3103 724 3175 proprietas
744 3099 1136 3173 conditionum,
1155 3100 1351 3157 divina:
1375 3108 1430 3157 et
1451 3100 1721 3171 humanae,
1743 3117 1893 3172 inqua
1914 3105 2020 3159 uti-

419 3213 525 3269 que
551 3205 756 3253 natura:
782 3194 1059 3263 utriusque
1088 3194 1208 3269 (15)
1230 3195 1456 3254 veritate
1474 3194 1589 3270 (16)
1613 3196 1895 3269 disponeta
1917 3209 2019 3270 est,

464 3406 557 3471 (1)
583 3407 672 3467 Qui
696 3409 840 3459 Pam.
866 3403 1017 3471 Rhea.

495 3466 559 3532 ‘2')
584 3466 751 3522 Decus
771 3473 912 3521 Pam.
941 3466 1093 3519 Rhea.

484 3471 555 3596 (ὅ)
579 3532 664 3596 Me
690 3536 832 3583 Pam.
859 3528 1014 3596 Rhea.

483 3592 558 3657 (4)
576 3594 701 3647 Eum
722 3598 867 3646 Pam.
894 3592 1049 3643 Fraa.

486 3654 560 3722 (δ’)
583 3657 853 3722 ῌυωειηειω
876 3659 1024 3722 Ραιηἱ
1055 3654 1207 3706 Rhea.

508 3714 555 3770 6i
586 3719 759 3770 Natam
782 3721 926 3769 Pam.
960 3714 1115 3769 Rhea.

508 3732 539 3769 υ
587 3732 759 3770 Natam
782 3732 926 3769 Pam.
960 3732 1052 3769 unt

487 3732 561 3909 ξιξ
588 3783 707 3842 Quia
730 3780 878 3834 Rhea.
903 3778 1052 3831 Seml.

508 3846 540 3895 8
582 3844 670 3895 Est
686 3842 837 3909 serat.
862 3846 1019 3909 Pam.

508 3846 540 3895 8
582 3844 670 3895 Est
686 3842 835 3895 Seml.
862 3846 1007 3893 Pam.

508 3842 706 3981 signina
727 3906 953 3981 Christus
973 3906 1104 3981 abest
1118 3916 1156 3981 7a
1176 3902 1328 3957 Rhea.
1354 3901 1505 3956 Seml.

508 3919 563 3972 3)
585 3919 706 3981 quia
727 3919 953 3976 unrisms
973 3919 1104 3955 anesi
1126 3919 1145 3955 ι

486 3919 592 4162 (at
615 3970 1009 4102 masta.
1030 3976 1145 4079 ςετιλ

516 4094 589 4159 l2)
615 4096 715 4146 Aut
736 4094 880 4145 homo
903 4097 1055 4144 0min.
1076 4094 1145 4142 Pa

514 4026 592 4159 isi}
615 4026 1389 4146 Ei‘tﬂiaopmifmfﬁa.

2116 1808 2195 1854 tus
2208 1815 2324 1855 ossa
2336 1818 2437 1856 non
2451 1802 2753 1871 habet,sicut
2766 1802 2846 1861 ‘me
2857 1808 3123 1865 habentem
3139 1815 3315 1870 videtis
3329 1815 3478 1884 (Luc.
3489 1819 3707 1889 XXIV),

2116 1894 2233 1949 sine
2257 1894 2420 1951 dubio
2462 1912 2652 1953 manus
2676 1908 2731 1953 et
2759 1900 2923 1970 pedes
2953 1910 3007 1957 et
3034 1917 3176 1970 ossa,
3206 1923 3325 1978 quae
3352 1911 3568 1980 Spiritus
3601 1929 3707 1970 non

2117 1984 2299 2077 habet,
2324 1988 2421 2044 sed
2450 2003 2595 2044 caro.
2621 1990 2902 2059 Quomodo
2935 1995 3074 2052 hanc
3101 2014 3286 2055 vocem
3314 2002 3705 2077 interpretaris,

2116 2076 2372 2147 Marcion,
2402 2081 2493 2151 qui
2523 2081 2643 2154 (22)
2665 2098 2696 2138 a
2725 2084 2835 2141 Deo
2863 2089 3092 2158 optimo,
3121 2100 3174 2146 et
3202 2094 3455 2165 simplici,
3482 2109 3536 2154 et
3566 2101 3710 2158 bono

2119 2178 2346 2237 tantum,
2376 2172 2542 2230 infers
2560 2173 2792 2231 Jesum?
2820 2178 2962 2236 Ecce
2988 2180 3123 2238 fallit
3158 2195 3213 2240 et
3252 2186 3452 2260 decipit
3477 2235 3491 2259 ,
3525 2204 3571 2249 et
3600 2196 3709 2250 cir-

2118 2266 2390 2327 cumvenit
2428 2266 2665 2323 omnium
2695 2270 2911 2339 oculos,
2946 2276 3184 2331 omnium
3215 2294 3404 2336 sensus
3424 2325 3439 2349 ,
3469 2287 3708 2344 omnium

2118 2372 2366 2415 accessus
2396 2369 2453 2416 et
2479 2372 2808 2421 contractus.
2845 2367 2990 2439 Ergo
3024 2369 3135 2441 jam
3177 2373 3450 2431 Christum
3506 2395 3608 2435 non
3644 2382 3712 2438 de

2119 2452 2258 2509 coelo
2296 2452 2511 2511 deferre
2538 2456 2802 2515 debueras
2830 2502 2845 2529 ,
2886 2464 2980 2519 sed
3030 2465 3098 2521 de
3150 2469 3328 2539 aliquo
3374 2474 3713 2535 circnlatorio

2118 2554 2293 2608 coetu;
2321 2562 2422 2603 nec
2444 2549 2609 2604 Deum
2637 2562 2831 2621 prmter
2869 2554 3171 2627 hominem,
3208 2562 3301 2618 sed
3361 2582 3570 2639 magum
3613 2569 3712 2627 lio-

2119 2639 2351 2705 minem;
2380 2656 2479 2696 nec
2508 2643 2698 2698 salutis
2744 2646 3067 2715 pontiﬁcem,
3103 2653 3193 2707 sed
3226 2662 3512 2723 spectaculi
3543 2662 3713 2717 artiﬁ-

2119 2744 2272 2797 cem;
2300 2748 2397 2788 nec
2432 2745 2766 2791 mortuorum
2807 2740 3201 2809 suscitatorem,
3235 2744 3305 2818 (ε)
3343 2750 3436 2805 sed
3470 2752 3713 2812 vivorum

2121 2835 2481 2882 avocatorem.
2513 2827 2625 2884 Nisi
2653 2829 2796 2901 quod
2824 2839 2879 2886 ct
2913 2833 2956 2887 si
2994 2850 3178 2908 magus
3211 2838 3326 2907 fuit,
3353 2852 3506 2899 natus
3533 2855 3635 2902 cst.

2744 2969 2970 3029 CAPUT
3009 2974 3099 3032 VI.

2200 3100 2305 3200 sed
2337 3102 2553 3173 quidam
2586 3104 2702 3179 (25)
2727 3092 2998 3169 discentes
3025 3113 3231 3173 Pontici
3262 3120 3403 3179 illius
3430 3124 3521 3196 (ﬂ,
3553 3142 3717 3200 supra

2125 3197 2437 3268 magistrum
2467 3212 2659 3271 sapere
2687 3203 2985 3274 compulsi,
3018 3210 3561 3277 conceduut‘Cbristo
3585 3197 3709 3278 car~

1669 3314 2054 3376 LECTIONES
2090 3313 2506 3374 VARIANTES.

2148 3405 2872 3487 -tiiillsuaiistsanPaIn-
2888 3402 3137 3487 υβιείςιιιθ,
3162 3420 3718 3487 Μαι-ςίοιωειιιαρναη.

2122 3470 2204 3535 tib.
2235 3470 2401 3535 Ursin.
2426 3470 2566 3535 Deus
2586 3471 2844 3525 Marcionis
2866 3483 2951 3528 aut
2966 3470 3137 3531 Rhen.'
3158 3470 3307 3535 serat.

2211 3532 2288 3596 14)
2314 3532 2418 3592 Qua
2440 3533 2565 3584 Jun.

2216 3597 2291 3659 l5)
2318 3594 2590 3659 Utriusque
2612 3594 2745 3649 abest
2766 3613 2798 3650 a
2818 3599 2973 3654 Rhea.
3001 3607 3144 3659 Pam.

2313 3657 2559 3722 Cujusque
2583 3660 2702 3711 add.
2729 3665 2875 3715 Pam.

2212 3655 2269 3709 {6
2313 3655 2559 3722 Cu‘usque
2583 3660 2702 3711 add.
2729 3665 2875 3715 Pam.

2186 3657 2290 3859 ἐπ)
2312 3676 2433 3795 Fide
2456 3722 2654 3793 spiritus
2679 3730 2732 3776 et
2754 3739 2867 3777 caro
2890 3727 3039 3782 codd.
3065 3731 3234 3789 Ursin.
3257 3743 3304 3789 et
3344 3738 3534 3795 Divioa.
3558 3747 3697 3798 Seml

2214 3784 2292 3859 Χ
2316 3782 2529 3859 Perinde
2554 3787 2663 3859 Erg.
2693 3796 2805 3859 Ven.
2872 3853 2907 3859 _

2214 3782 2290 3848 18)
2316 3782 2529 3848 Perinde
2554 3785 2663 3848 Rig.
2693 3796 2805 3840 νεη,
3073 3782 3092 3785 ⁷
3113 3782 3122 3785 '
3142 3782 3233 3789 "'"
3258 3782 3301 3789 ’-
3344 3782 3534 3795 "ww--
3558 3782 3712 3799 υνηη.

2216 3845 2295 3904 19)
2318 3846 2384 3895 Se
2408 3845 2527 3897 add.
2551 3845 2696 3898 Pdm.
2719 3852 2844 3901 Par.
2864 3853 3019 3904 Fraa.

2211 3907 2291 3964 20)
2316 3908 2471 3959 Oﬂ'ert
2514 3907 2668 3960 Rhea.
2704 3911 2856 3964 Seml.

2212 3969 2288 4029 21)
2317 3969 2503 4020 Dicens
2524 3974 2666 4022 Pam.
2691 3972 2842 4027 Rhea.
2869 3975 3022 4029 Seml.

2211 4031 2293 4092 22)
2319 4031 2442 4092 Quia
2463 4032 2616 4085 Rhea.
2643 4044 2758 4087 Ven.

2211 4093 2291 4159 23)
2318 4095 2442 4156 Quid
2458 4096 2575 4160 jam.
2598 4093 2750 4152 Rhea.
2777 4099 2945 4154 Paris.

2272 3844 2295 4159 ξ

2187 3862 2210 4159 l

1787 4195 2348 4258 COMMENTARIUS.

1400 4258 1405 4261 μ
1787 4201 2348 4259 COMMENTARIUS.

500 4296 758 4387 (9)9344.
798 4294 1014 4387 άέἕὲἴὲἕὲδ
1034 4290 2017 4387 .Ee‘ffﬁari‘ﬂ'lfi‘fie‘ﬁﬁﬁif-99?
2039 4293 2094 4354 ι)
2124 4293 2671 4387 ἔζείιξτξῖθηξέιέεξιῖτει
2703 4299 2815 4382 sine
2851 4303 3048 4387 οεείεηιε
3086 4309 3308 4387 duram.
3339 4317 3449 4375 sine
3475 4330 3717 4387 musculis

425 4361 530 4427 dici
559 4361 765 4440 potest
828 4368 988 4423 etiam
1034 4364 1099 4440 iis
1144 4364 1232 4433 qui
1290 4361 1548 4440 adversus
1599 4361 1913 4440 Tertulliani
1961 4371 2016 4419 et

426 4432 663 4497 omnium
713 4450 950 4495 veterum
991 4432 1316 4505 scriptorum
1357 4433 1718 4505 traditionem,
1744 4432 2012 4489 Christum

426 4522 628 4568 statura
654 4510 908 4579 vultuque
934 4504 1381 4562 formosissimum
1409 4504 1510 4559 sibi
1530 4504 2016 4579 itnaginatitur:_Sic

427 4585 570 4639 enim
598 4575 1122 4648 omnino'lcgendum
1145 4585 1246 4644 est,
1271 4591 1378 4631 non
1401 4585 1457 4630 ut
1483 4575 1662 4648 vulgo,
1684 4576 1856 4631 decus.
1878 4575 2014 4631 Nam

429 4654 532 4709 hoc
584 4653 843 4709 adversus
881 4646 1200 4704 Marcionem
1247 4648 1477 4718 probare
1531 4646 1788 4718 instituit,
1833 4651 2014 4702 omnia

428 4726 550 4789 ista,
577 4726 741 4779 Deum
770 4722 938 4787 nasci,
968 4721 1133 4774 Deum
1161 4717 1417 4787 cruciﬁgi,
1455 4718 1618 4772 Deum
1659 4717 1812 4789 mori,
1834 4718 2013 4789 Deum

428 4788 665 4866 sepeliri,
697 4791 1134 4866 quresecundum
1170 4804 1388 4845 sensum
1420 4789 1714 4866 humanum
1743 4788 2015 4866 pudenda,

430 4859 615 4933 stulta,
637 4859 779 4919 fatua
817 4863 1143 4933 iudicantur,
1172 4875 1408 4933 quaeque
1447 4859 1646 4933 Marcio
1685 4859 2013 4933 destruebat,

430 4929 700 5008 tamquam
737 4929 1095 5008 indigna'Deo
1124 4929 1285 5008 :_hu:c
1318 4929 1497 5008 omnia
1516 4973 1531 4997 ,
1560 4931 1773 5008 inquam
1792 4973 1811 5008 _,
1847 4946 1875 4986 a
1904 4932 2017 4987 Deo

432 5002 602 5064 electa
628 5007 819 5070 fuisse,
851 5002 910 5060 ut
939 5002 1202 5073 sapientia
1250 5003 1521 5073 saecularis
1572 5002 2011 5059 confunderetur.

430 5080 520 5135 Ait
573 5079 733 5150 igitur
765 5072 1057 5150 Septimius
1107 5072 1222 5150 haec
1273 5072 1533 5150 dedecora
1581 5089 1701 5143 quae
1747 5084 2013 5150 putamus,

431 5166 541 5206 non
571 5144 693 5205 esse
733 5146 874 5218 apud
911 5149 1076 5218 Deum
1104 5144 1401 5218 dedecora,
1434 5144 1541 5218 imo
1568 5145 1868 5218 necessaria
1894 5160 2015 5201 esse

433 5221 555 5276 ﬁdei
609 5214 936 5276 Christianae.
989 5216 1125 5283 Quid
1163 5215 1400 5278 destruis,
1443 5214 1641 5287 inquit,
1676 5214 1895 5287 dedecus
1930 5232 2019 5271 ae-

432 5293 704 5353 eessarium
753 5290 911 5359 ﬁdei?
963 5287 1226 5358 Georgius
1273 5285 1544 5359 Baeticus,
1593 5286 1685 5342 lib.
1729 5287 1792 5342 de
1849 5285 2023 5343 Fide:

439 5363 633 5420 «Vides
652 5357 810 5433 quam
840 5357 1141 5433 pulchrum,
1170 5372 1397 5433 quamve
1416 5357 1674 5433 decorum
1706 5368 1902 5433 nostra;
1932 5374 2022 5414 sa-

433 5435 563 5489 lutis
587 5427 1004 5489 sae-ramentum.
1045 5431 1102 5486 In
1145 5442 1211 5484 eo
1252 5428 1395 5499 quod
1428 5428 1566 5483 ﬁlius
1593 5439 1697 5495 est,
1730 5427 2023 5485 minoratus

434 5504 758 5561 ostenditur.
787 5501 1067 5571 Quomodo
1110 5515 1239 5571 ergo
1278 5499 1344 5554 ad
1378 5500 1744 5571 oll‘uscandam
1774 5499 2022 5556 divinita-

434 5586 545 5633 tem
572 5580 691 5648 ejus
716 5569 1070 5647 improperas,
1101 5569 1246 5643 quad
1266 5572 1575 5695 exsequitii‘r
1603 5570 1670 5626 ad
1695 5570 1944 5628 decorem
1964 5573 2017 5627 ἲ)

1564 5657 1635 5695 re.

1564 5657 1635 5699 IG.

517 5719 598 5791 (b)
642 5718 746 5773 Aut
784 5718 934 5791 homo
974 5712 1439 5791 deus__Marc_ioais.
1469 5712 1641 5791 Homo
1678 5713 1885 5791 scilicet
1911 5713 2040 5791 ima-

433 5784 680 5867 ginarius
727 5799 783 5847 et
838 5788 1024 5847 falsus.
1079 5785 1171 5845 Sic
1209 5785 1355 5844 enim
1392 5800 1517 5844 mox
1544 5784 1658 5857 ipse
1697 5785 1987 5844 declarabit
2019 5804 2032 5842 :

2118 4366 2366 4455 εριὶάίίηι,
2396 4366 2505 4423 δίηε
2531 4371 2779 4455 sanguine
2807 4386 3091 4455 cruentam,
3122 4384 3232 4438 sine

2117 4441 2904 4537 ﬁnenfaEe-esuriﬁtt‘etg,sine“
2923 4441 3101 4533 lingua
3145 4441 3445 4537 loquentem,
3459 4441 3719 4537 vii/itii?-

2121 4516 2283 4564 tasma
2309 4509 2459 4579 fuerit
2483 4527 2650 4567 sermo
2678 4515 2787 4585 ejus
2815 4532 2905 4586 per
2925 4509 3528 4591 imaginem'vocisjlit'e'.

2193 4600 2267 4692 (ο)
2297 4604 2436 4692 Quid
2462 4605 2702 4692 dimidias
2719 4610 3008 4692 luendacio
3036 4615 3334 4692 Christum?
3368 4634 3501 4682 totus
3529 4634 3717 4692 veritas

2121 4683 2213 4768 est.
2237 4674 2492 4774 Egnatius:
2522 4679 2697 4774 epLad
2719 4679 3019 4774 Trallianos
3038 4703 3050 4738 :
3072 4682 3182 4774 1:576:
3214 4695 3260 4746 δι
3286 4674 3717 4774 οὗΔ

2116 4753 2205 4835 ,τᾲς
2223 4750 2426 4835 ξξπίδειξ
2457 4753 2627 4835 Δηερ
2670 4756 2791 4825 ὑπὲρ
2830 4761 2948 4835 Qui?
2980 4750 3295 4835 ἆποίένάντι,

2482 4818 2731 4904 simpla»
2755 4818 2811 4881 re
2827 4818 3001 4908 fetido;
3036 4847 3050 4884 :
3074 4828 3185 4908 Ego
3209 4818 3324 4888 vero
3345 4818 3452 4893 non
3474 4818 3715 4908 opinione

2121 4896 2470 4980 tantummodo
2491 4908 2635 4980 spem
2660 4896 2713 4947 in
2733 4910 2790 4976 eo
2818 4896 3000 4980 habeo,
3024 4896 3333 4980 qni'prome
3362 4896 3709 4980 moru'tas'es't:

2118 4959 2208 5044 sed
2232 4975 2405 5044 revera
2435 4976 2455 5015 :
2478 4959 2627 5044 omne
2663 4964 2795 5044 enim
2824 4959 3148 5026 mendacium
3183 4959 3711 5044 auenuni'a'séhiile'

2118 5039 2214 5097 est,
2236 5031 2291 5084 id
2316 5042 2409 5099 est,
2440 5049 2473 5088 a
2493 5031 2715 5090 Christo.
2742 5034 2876 5092 Lac.
3375 5031 3402 5033 ⁷⁷
3430 5031 3445 5061 9

2192 5120 2273 5196 (d)
2304 5121 2432 5179 Sine
2457 5124 2649 5179 tunica.
2691 5125 2908 5183 Tunicae
2947 5131 3216 5220 vocabulo
3234 5147 3413 5197 cutem
3452 5143 3718 5220 intelligit.

3178 5207 3351 5268 Busa.

2161 5262 2272 5347 .(e)
2318 5264 2426 5347 Sed
2474 5266 2700 5347 rivorum
2735 5277 3069 5347 avocatorent.
3108 5274 3215 5347 (Qui
3250 5262 3400 5337 viros
3445 5286 3634 5345 avocat
3680 5309 3712 5347 a

2125 5336 2232 5418 xita
2268 5336 2334 5390 ad
2374 5346 2635 5418 mortem,
2681 5349 2894 5418 anrecta
2921 5341 3029 5398 ﬁde
3056 5336 3420 5418 adwhaeresim,
3442 5336 3477 5409 5
3494 5336 3711 5417 Deo'ad

2127 5406 2400 5487 Satanam.
2430 5407 2549 5487 RI_G.
2578 5438 2651 5448 —-
2684 5407 2923 5466 Vivorum
2950 5426 3284 5474 avocatorem.
3306 5406 3711 5487 ΓὶέὰεῙι-Ξῖᾷι-ξηῖ

2128 5477 2449 5560 intelligeet
2471 5480 2851 5560 deceptorem;
2892 5497 3066 5560 neque
3096 5487 3293 5545 insulse
3324 5477 3714 5558 mdi't'iliéiiiiil

2128 5548 2203 5617 lo,
2225 5548 2476 5619 queniam
2497 5548 2830 5608 mortuorum
2850 5548 3043 5609 anima:
3059 5561 3268 5615 avocari
3283 5548 3713 5629 armandi};

2192 5639 2378 5726 _CAP.'
2400 5639 2587 5726 Vl.'——_-
2703 5644 3053 5726 §ed_quidaat
3073 5646 3320 5726 discentes
3347 5659 3533 5726 pontici
3561 5662 3721 5719 illius.

2144 5710 2445 5781 Discipulos
2496 5710 2743 5789 intelligit
2794 5710 3097 5789 Marcionis,
3151 5721 3293 5779 inter
3343 5710 3720 5789 antistites:

2146 5745 2445 5781 unauymua
2497 5745 2743 5785 ιιιιςιιιδιι
2794 5745 3097 5780 muruuma,
3151 5745 3293 5779 IlllCl‘
3382 5745 3475 5784 UOS
3518 5745 3720 5789 ειηιεει-

2140 5797 2347 5855 gnanus
2372 5793 2488 5842 erat
2529 5784 2767 5858 Apelles.
2801 5787 3049 5846 Ponticus
3073 5790 3310 5854 Marcion
3338 5745 3551 5873 dicitur,
3582 5812 3640 5860 ut
3664 5813 3723 5867 et
