4042 6288
255 616 279 648 1

329 330 436 389 765

1751 310 2210 382 TERTULLIANI

3445 329 3465 389 ἵ
3520 326 3630 390 7114

334 448 417 501 nis
439 445 744 510 veritatem,
770 443 886 500 sine
916 441 1230 514 praeiudicio
1255 438 1435 496 tamen
1468 436 1757 497 renuendae
1784 436 1921 493 nati-
1950 434 2004 495 Α
2028 437 2174 494 benti
2196 438 2458 495 obtinere.
2484 439 2675 510 igitur,
2716 439 2807 510 qui
2853 451 3075 496 carnem
3103 437 3302 496 Christi
3345 440 3412 497 ad
3440 456 3632 498 exem-

332 535 529 591 ritatis.
561 534 836 603 Habuerit,
864 535 1132 607 inquiunt,
1164 547 1412 599 carnem,
1437 532 1567 587 dum
1599 527 1921 600 omnino(l)

328 643 435 684 non
465 638 664 684 natam.
711 628 1062 684 Pervenimus
1088 626 1165 697 (Ξ)
1191 627 1354 699 igitur
1381 626 1448 682 de
1495 625 1748 690 calcaria,
1778 622 1922 695 quod

327 720 431 776 dici
458 720 615 787 solet,
644 720 697 775 in
727 720 1097 776 carbonariam
1123 763 1136 786 ,
1166 735 1193 773 a
1228 719 1493 775 Marciane
1540 719 1605 773 ad
1658 717 1920 788 Apellem,

327 813 415 885 qui
452 822 801 885 posteaquam
840 828 873 869 a
902 813 1181 883 disciplina
1223 812 1507 868 Marcionis
1544 810 1597 865 in
1640 810 1921 866 mulierem

324 919 487 961 carne
515 904 593 978 (3)
622 904 836 977 lapsus,
863 914 917 960 et
948 903 1027 977 (4)
1052 901 1348 976 debinc(a)
1397 904 1446 958 in
1496 902 1758 974 virginem
1797 902 1923 957 Phi-

324 998 596 1056 lumenem
639 999 828 1071 spiritu
881 996 988 1071 (5)
1043 1010 1266 1053 eversus
1313 1004 1431 1063 est,
1484 992 1713 1050 solidum
1769 995 1924 1051 Chri-

325 1092 393 1146 sti
410 1105 659 1169 ἕψῃς,
687 1089 786 1147 sed
829 1089 908 1163 (6)
946 1090 1073 1145 sine
1113 1089 1421 1155 nativitate,
1471 1087 1709 1157 suscepit
1748 1088 1815 1142 ab
1858 1101 1921 1143 ea

325 1166 620 1254 praedicare
647 1180 748 1257 (7).
776 1181 845 1237 Et
872 1181 1064 1253 angelo
1091 1180 1175 1252 (8)
1200 1179 1420 1251 quidem
1442 1178 1523 1253 (9)
1550 1180 1623 1235 illi
1648 1179 1926 1235 Pliilumeo

325 1288 422 1330 nes
443 1273 560 1345 (l0)
586 1272 775 1329 eadem
798 1287 930 1329 voce
952 1271 1244 1345 Apostolus
1276 1271 1644 1342 respondebit,
1676 1282 1780 1340 qua
1804 1270 1921 1340 (11)

324 1366 498 1435 ipsum
524 1365 672 1421 illum
696 1366 806 1435 jam
834 1374 960 1421 tunc
988 1364 1333 1435 praecinebat,
1367 1363 1554 1419 dicens
1584 1361 1730 1436 (Gal.
1762 1362 1878 1433 1,δ)
1906 1372 1923 1417 :‘

325 1457 546 1513 Etiamsi
584 1458 798 1529 angelus
845 1457 909 1512 de
943 1458 1081 1512 caelis
1114 1457 1264 1512 aliter
1293 1454 1708 1528 euangelizarerit
1748 1455 1918 1524 vobis,

325 1566 480 1621 quant
503 1566 596 1606 nos
623 1550 1099 1622 evangelieavimus,
1125 1550 1397 1605 anathema
1415 1551 1499 1604 sit.
1526 1549 1622 1604 His
1649 1562 1780 1603 Vero
1802 1565 1921 1619 qua:

329 1641 444 1715 (111)
468 1642 686 1715 insuper
696 1651 1160 1715 argumentantur,
1178 1658 1278 1699 nos
1303 1642 1617 1698 resistemus
1634 1641 1769 1715 (15).
1788 1640 1924 1697 Con-

2027 533 2171 604 plum
2216 544 2524 605 proponunt
2567 535 2918 606 angelorum,
2955 550 3062 591 non
3117 545 3297 591 natum
3345 537 3627 606 dicentes,

2028 624 2151 680 licet
2171 638 2388 681 carnem
2420 624 2559 697 (2n),
2604 636 2919 695 comparent
2950 626 3112 682 velim
3161 637 3215 682 et
3260 642 3478 684 caussas
3515 638 3628 684 tam

2025 715 2227 771 Christi
2257 732 2413 787 quam
2435 716 2552 788 (2i)
2575 718 2910 788 angelorum,
2938 718 3010 773 ob
3030 732 3162 789 quas
3184 717 3235 773 in
3262 734 3477 776 carnem
3506 719 3625 794 (3‘3)

2028 810 2387 879 processerint
2413 810 2546 881 (25).
2581 809 2764 865 Nullus
2793 824 3044 881 umquam
3074 812 3314 882 Angelus
3360 811 3479 868 ideo
3525 813 3629 869 de—

2027 901 2268 967 scendit,
2296 912 2353 957 ut
2379 902 2802 974 cruciﬁgeretur,
2833 912 2892 959 ut
2912 914 3141 959 mortem
3178 906 3535 976 experiretur,
3568 917 3632 963 ut

2026 1008 2055 1047 a
2088 1002 2261 1049 morte
2299 995 2714 1050 resuscitaretur
2758 994 2899 1067 (24).
2936 994 2997 1051 Si
3034 1009 3329 1068 numquam
3356 998 3629 1069 ejusmodi

2028 1083 2127 1139 fuit
2146 1099 2341 1140 caussa
2367 1086 2694 1163 Angelorum
2738 1088 3198 1158 eorporandorum
3221 1130 3236 1157 ,
3263 1088 3433 1146 babes
3456 1105 3627 1148 eaus-

2027 1193 2141 1233 sam
2162 1193 2260 1234 cur
2286 1194 2394 1235 non
2432 1179 2707 1235 nascendo
2750 1180 3057 1251 acceperint
3092 1196 3333 1238 carnem.
3370 1182 3485 1239 Non
3527 1198 3628 1241 ve-

2027 1280 2217 1327 nerant
2233 1272 2370 1328 mori
2391 1290 2404 1340 ;
2425 1270 2546 1328 ideo
2562 1287 2663 1329 nec
2688 1273 2857 1329 nasci.
2879 1275 2949 1329 At
2961 1287 3090 1330 vero
3113 1274 3189 1347 (ὁ)
3209 1274 3461 1333 Christus
3480 1278 3628 1335 mori

2026 1368 2241 1436 missus,
2270 1368 2419 1424 nasci
2440 1382 2658 1441 quoque
2683 1369 2992 1425 necessario
3018 1368 3224 1437 habuit,
3255 1379 3313 1425 ut
3343 1371 3477 1428 mori
3498 1385 3630 1443 pns-

2025 1469 2127 1515 set.
2159 1459 2273 1515 Non
2300 1460 2448 1516 enim
2493 1461 2627 1516 mori
2658 1460 2820 1528 solet,
2870 1460 2975 1516 nisi
3014 1458 3156 1530 quod
3196 1462 3455 1518 nascitur.
3502 1462 3629 1519 Mu-

2026 1561 2176 1607 tuum
2214 1552 2451 1609 debitum
2487 1560 2570 1609 est
2605 1553 2745 1608 inter
2792 1567 2851 1609 se
2892 1553 3158 1609 nativitati
3204 1568 3328 1610 cum
3376 1555 3628 1611 mortali-

2029 1655 2155 1699 tate.
2197 1643 2268 1714 (c)
2297 1641 2493 1699 Forma
2535 1642 2821 1710 moriendi,
2868 1658 3077 1700 caussa
3111 1644 3362 1701 nascendi
3410 1656 3515 1701 est.
3564 1646 3627 1703 Si

327 1737 547 1794 ﬁtentur
571 1737 691 1809 (14)
743 1753 868 1794 vere
904 1752 1100 1809 corpus
1137 1738 1390 1795 habuisse
1430 1737 1727 1794 Christum.
1770 1726 1923 1796 Unde
1951 1746 1999 1809 Β
2027 1746 2247 1807 propter
2285 1735 2337 1791 id
2378 1734 2522 1807 quod
2566 1736 2794 1791 moritur
2831 1746 3076 1792 mortuus
3118 1746 3207 1793 est
3234 1737 3517 1807 Christus,
3566 1739 3624 1797 id

333 1831 587 1897 materia,
615 1832 661 1888 si
685 1844 792 1888 non
833 1847 902 1889 ex
935 1846 999 1889 ea
1040 1831 1333 1903 qualitate,
1386 1834 1438 1888 in
1470 1847 1573 1903 qua
1603 1832 1923 1889 videbatur?

337 1924 481 1982 unde
504 1940 722 1997 corpus,
749 1926 795 1982 si
824 1940 931 1983 non
969 1938 1097 1982 caro
1134 1925 1367 1997 corpus?
1395 1926 1537 1983 unde
1563 1938 1711 1994 caro,
1738 1928 1785 1983 si
1812 1940 1921 1983 non

330 2018 496 2074 nata?
520 2018 643 2090 quia
674 2018 823 2077 nasci
852 2018 1093 2086 haberet,
1118 2034 1179 2075 ea
1206 2020 1382 2076 futura
1405 2034 1527 2093 qua
1560 2021 1819 2077 nascitur.
1846 2021 1922 2076 De

330 2107 618 2177 sideribus,
680 2110 946 2182 inquiunt,
1010 2119 1066 2168 et
1122 2111 1192 2168 de
1243 2110 1557 2168 substantiis
1626 2111 1920 2183 superioris

256 2230 276 2270 τ
325 2201 510 2258 mundi
539 2210 811 2260 mutuatus
850 2212 933 2260 est
967 2217 1187 2259 carnem
1238 2222 1250 2258 :
1286 2214 1341 2259 et
1382 2204 1566 2275 utique
1612 2213 1919 2275 proponunt

296 4015 428 4074 "cod.

325 2309 433 2351 non
457 2309 577 2351 esse
622 2295 926 2351 mirandum
969 2310 1168 2365 corpus
1207 2296 1323 2351 sine
1367 2296 1661 2363 nativitate,
1707 2310 1829 2352 cum
1863 2303 1956 2352 et-

325 2386 465 2458 apud
530 2402 628 2459 nos
683 2387 890 2459 angelis
952 2387 1166 2443 licuerit
1242 2387 1389 2442 nulla
1438 2388 1574 2443 uteri
1636 2402 1802 2458 opera
1865 2388 1956 2442 in'

324 2493 542 2535 carnem
592 2477 707 2552 (15)
766 2480 1116 2550 processisse.
1182 2478 1537 2551 Agnoscimus
1578 2478 1796 2550 quidem
1846 2480 1918 2534 ita

325 2572 590 2640 relatum;
636 2571 734 2628 sed
781 2580 958 2628 tamen
1000 2572 1160 2644 quale
1205 2582 1307 2641 est,
1354 2583 1415 2628 ut
1452 2572 1670 2629 alterius
1718 2572 1919 2644 regulae

324 2664 458 2721 ﬁdes
504 2665 573 2720 ab
610 2680 673 2721 ea
724 2664 829 2721 [ide
872 2681 1031 2735 quam
1070 2666 1343 2737 impugnat
1391 2667 1803 2722 instrumentum
1832 2681 1921 2721 ar-

321 2758 813 2830 gumentationibus
858 2760 969 2816 suis
1015 2769 1287 2817 mutuetur
1312 2760 1469 2833 (l6)?
1496 2761 1633 2831 Quid
1666 2762 1745 2817 illi
1792 2772 1915 2817 cum

321 2852 524 2923 Moyse,
555 2852 647 2923 qui
678 2853 845 2909 Deum
886 2852 1054 2926 Moysi
1100 2853 1215 2927 (17)
1246 2853 1463 2925 reiicit?
1502 2854 1562 2912 Si
1597 2856 1733 2911 alius
1774 2856 1919 2912 Deus

320 2953 423 3013 est,
453 2945 609 3002 aliter
646 2945 753 3001 sint
794 2961 884 3002 res
923 2944 1061 3017 ejus.
1096 2946 1204 3002 Sed
1253 2948 1370 3018 (18)
1415 2956 1633 3003 utantur
1677 2948 1915 3007 haeretici

2027 1834 2201 1883 autem
2250 1828 2478 1883 moritur
2507 1827 2653 1896 quod
2709 1836 2765 1883 et
2807 1829 3064 1897 nascitur,
3114 1843 3451 1901 consequens
3498 1829 3624 1904 (25)

2025 1930 2159 1988 erat,
2188 1921 2299 1975 imo
2325 1918 2654 1990 praecedens,
2692 1928 2751 1975 ut
2791 1934 2945 1991 aeque
2976 1930 3290 1978 nasceretur
3318 1931 3540 1994 propter
3569 1924 3625 1980 id

2025 2012 2165 2082 quod
2192 2012 2460 2078 nascitur;
2499 2011 2625 2083 quia
2668 2021 2888 2084 prepter
2926 2011 3159 2083 idipsum
3188 2014 3324 2070 mori
3355 2014 3621 2086 habebat,

2024 2109 2187 2180 quod,
2216 2109 2337 2181 quia
2372 2107 2494 2182 (26)
2532 2110 2795 2178 nascitur,
2825 2110 3073 2166 moritur.
3123 2110 3238 2167 Non
3280 2112 3627 2184 competebat

2025 2217 2132 2257 non
2162 2203 2330 2270 nasci,
2363 2217 2461 2273 pro
2503 2216 2609 2272 quo
2648 2202 2783 2257 mori
2827 2203 3185 2272 competcbat.
3224 2222 3243 2256 1
3266 2206 3461 2276 Atquin
3503 2204 3623 2277 (27)

2026 2307 2149 2352 tunc
2172 2312 2387 2368 quoque
2431 2297 2567 2352 inter
2613 2296 2733 2351 illos
2776 2297 3010 2368 Angelos
3050 2297 3166 2371 (‘28)
3211 2301 3326 2369 ipse
3360 2300 3624 2357 Dominus

2023 2392 2270 2461 apparuit
2310 2388 2539 2445 Abrahae
2595 2388 2675 2461 (cl)
2722 2389 2840 2445 sine
2882 2390 3158 2447 natiritate
3203 2406 3329 2447 cum
3374 2407 3557 2447 carne.
3595 2410 3619 2446 1

2024 2484 2259 2551 Scilicet,
2295 2498 2392 2552 pro
2425 2484 2612 2540 eadem
2642 2498 2845 2539 caussa:
2878 2482 3212 2540 diversitate.
3239 2483 3347 2541 Sed
3390 2501 3486 2541 vos
3516 2484 3625 2542 hoc

2024 2592 2131 2632 non
2156 2576 2414 2647 recipitis,
2454 2592 2557 2630 non
2583 2591 2707 2631 eum
2728 2575 2999 2631 Christum
3023 2577 3366 2648 recipientes,
3385 2579 3476 2649 qui
3498 2576 3621 2650 (29)

2019 2671 2127 2740 jam
2162 2679 2285 2723 tunc
2313 2678 2368 2724 et
2410 2666 2647 2739 adloqui,
2690 2677 2744 2724 et
2792 2667 3041 2736 liberare,
3068 2677 3127 2723 et
3161 2668 3403 2738 judicare
3425 2669 3623 2725 huma-

2023 2777 2148 2816 num
2178 2776 2346 2832 genus
2379 2760 2651 2828 ediscebat
2680 2759 2734 2814 in
2778 2760 2959 2815 camis
2989 2758 3194 2828 habitu,
3223 2777 3331 2817 non
3358 2772 3499 2817 natm
3522 2763 3626 2818 ad-

2024 2854 2148 2920 huc,
2178 2854 2302 2925 quia
2330 2853 2566 2908 nondum
2597 2853 2902 2920 moriturae,
2930 2852 3030 2907 nisi
3074 2853 3225 2923 prius
3267 2862 3322 2909 ct
3366 2855 3626 2915 nativitas

2022 2948 2141 3020 ejus
2171 2955 2225 3003 et
2244 2945 2542 3002 mortalitas
2569 2945 3034 3001 adnuntiarentur.
3062 2944 3230 3016 igitur
3256 2948 3487 3018 probent
3522 2964 3625 3006 an-

319 3051 508 3093 onmes
531 3036 822 3108 Scripturis
851 3036 989 3108 ejus,
1021 3034 1172 3108 cujus
1201 3047 1423 3095 utuntur
1464 3040 1623 3095 etiam
1664 3042 1866 3098 mundo
1896 3058 1908 3094 :
1940 3058 1985 3123 ρ
2021 3042 2169 3111 getes
2196 3039 2314 3094 illos
2345 3038 2458 3111 (51))
2500 3037 2568 3094 de
2603 3037 2870 3094 sideribus
2902 3039 3175 3109 accepisse
3208 3040 3325 3113 (31)
3366 3040 3627 3098 subsun-

317 3129 421 3186 erit
445 3129 550 3185 illis
582 3130 684 3187 hoc
704 3146 916 3202 quoque
938 3132 994 3186 in
1023 3132 1387 3189 testimonium
1406 3132 1520 3207 (19)
1541 3134 1747 3205 jadicii,
1772 3138 1915 3208 quod

317 3222 385 3278 de
411 3224 672 3296 exemplis
704 3224 868 3294 ipsius
915 3225 1275 3296 blasphemias
1304 3242 1432 3283 suas
1470 3228 1762 3286 instruunt.
1807 3232 1913 3287 Fa-

317 3314 420 3371 cile
446 3324 528 3373 est
554 3315 767 3373 veritati
793 3316 953 3373 etiam
982 3315 1111 3372 nihil
1132 3317 1236 3375 tale
1260 3318 1521 3376 adversus
1543 3336 1637 3377 eos
1666 3324 1913 3393 pra'scri-

2023 3133 2146 3189 tiam
2174 3131 2353 3188 carnis
2379 3129 2521 3203 (52).
2552 3130 2608 3186 Si
2639 3143 2745 3185 non
2781 3129 3029 3199 probant,
3060 3129 3186 3201 quia
3218 3144 3318 3187 nec
3353 3130 3622 3202 scriptum

2018 3236 2120 3291 est,
2148 3238 2248 3280 nec
2274 3223 2473 3279 Christi
2507 3238 2635 3278 caro
2666 3221 2930 3290 inriserit,
2946 3223 3034 3278 cui
3064 3222 3379 3294 angelorum
3404 3238 3625 3282 accom-

2018 3318 2239 3375 modant
2262 3317 2588 3388 exemplum.
2623 3316 2845 3372 Constat
2872 3315 3093 3387 angelos
3114 3331 3329 3373 carnem
3353 3333 3459 3375 non
3490 3334 3625 3390 pro-

1530 3433 1909 3496 LECTlONES
1947 3432 2254 3497 VARIANT
2265 3431 2380 3489 ES..

378 3524 728 3591 (l)_Dom_inus
769 3526 880 3591 cod.
926 3524 1083 3591 Aget.
1125 3522 1304 3591 Pilhw.

348 3587 449 3699 “(3)
472 3588 732 3640 Paruimus
773 3588 881 3639 cod.
916 3587 1269 3656 Agob.Pithw.
1296 3587 1448 3644 Rhea.
1496 3589 1617 3642 Jun.
1664 3595 1909 3657 pariamus

314 3663 420 3700 (1111.

377 3714 450 3776 (5)
468 3710 686 3776 Munere
710 3712 900 3776 lapsum
922 3712 1075 3766 Rhea.
1102 3711 1252 3766 Seml.

374 3773 450 3840 (1)
468 3773 691 3840 grates:
712 3790 743 3826 a
761 3773 875 3840 ‘Rt’g.

348 3858 355 3863 ι
376 3836 447 3899 (5)
474 3836 685 3899 Spiritus
715 3836 828 3899 Ven.

378 3898 448 3960 (ti)
472 3898 534 3950 Et
548 3902 691 3950 Pam.
709 3898 863 3951 Rhea.

377 3961 447 4072 (ἶ)
463 3961 747 4072 9331111118
768 3967 912 4015 Pam.
944 3965 1098 4017 Rhea.
1143 3974 1426 4031 susceptum
1466 3967 1528 4019 ab
1565 3981 1626 4020 eo
1666 3969 1907 4033 praedicat

524 4039 629 4077 ouw
638 4065 648 4075 .

316 4121 330 4134 .
397 4090 448 4146 8)
473 4086 766 4152 Utangelns
783 4088 893 4138 cod.
927 4090 1276 4142 Woaw.Ptmt.
1298 4091 1448 4144 Rhea.

376 4086 677 4225 E9LQ'uidam
704 4152 805 4200 Lat.
831 4149 1132 4225 Illins_Pam.
1160 4155 1313 4225 Erga:

402 4212 479 4270 10)
500 4212 819 4262 Pbilumenes
860 4212 992 4265 abest
1029 4228 1062 4265 a
1095 4214 1204 4266 cod.
1243 4217 1430 4268 Wouw.
1456 4217 1772 4269 Philomenes
1792 4216 1899 4270 alii.

404 4273 480 4332 11)
505 4273 627 4332 Quia
651 4274 799 4325 Rhea.
819 4274 972 4326 Seml.

429 3833 448 4027 ξ

2106 3525 2182 3585 16)
2208 3525 2461 3575 Mutentur
2481 3519 2591 3585 Rig.
2636 3532 2747 3572 Ven.

2106 3584 2180 3649 l7)
2205 3588 2345 3649 Mose,
2362 3601 2411 3649 q.
2431 3585 2490 3634 D.
2519 3584 2640 3649 mosi
2667 3584 2817 3635 Seml.

2107 3645 2181 3701 l8)
2203 3650 2265 3700 Et
2286 3645 2436 3701 Rhea.
2457 3645 2609 3698 Seml.

2106 3708 2180 3778 l9)
2204 3712 2338 3778 Illius
2358 3713 2452 3761 hoc
2474 3722 2671 3773 quoque
2694 3709 3032 3778 testimonium
3048 3708 3156 3761 cod.
3184 3711 3336 3778 Agob.

2099 3770 2182 3825 20)
2205 3774 2405 3825 Scilicet
2426 3770 2654 3823 carneam
2687 3774 2833 3823 Pam.
2859 3770 3012 3824 Rhea.

2101 3831 2183 3889 :21)
2210 3837 2270 3887 Et
2292 3834 2413 3887 add.
2443 3838 2583 3885 Pam.
2609 3831 2763 3885 Rhea.

2100 3895 2180 3958 22)
2208 3900 2261 3950 In
2284 3912 2431 3950 carne
2458 3895 2565 3958 Riq.
2601 3907 2714 3947 Ven.

2098 3958 2179 4029 25)
2198 3961 2454 4029 \fene‘runt
2474 3964 2621 4029 Pan_t._
2655 3959 2809 4009 Fraa.
2824 3958 2946 4011 Par.
2972 3966 3318 4025 processerunt
3333 3960 3427 4015 Rh.
3450 3962 3617 4017 Seml.

2098 4025 2179 4085 21)
2208 4025 2537 4075 Suscitaretur
2564 4025 2670 4085 Rig.
2708 4032 2819 4072 Ven.

2096 4081 2174 4140 :23)
2200 4088 2379 4136 Autem
2403 4086 2521 4136 add.
2542 4081 2693 4137 Rhea.
2718 4085 2869 4135 Seml.
2900 4086 3018 4137 item
3042 4086 3183 4138 Pam.
3205 4086 3360 4139 Fran.
3385 4088 3512 4140 Par.

2073 4146 2177 4213 (26)
2203 4150 2256 4199 ld
2279 4148 2406 4213 quod
2429 4150 2548 4213 add.
2568 4147 2720 4199 Rhea.
2742 4146 2886 4198 Pam.

2071 4210 2174 4279 ('27)
2198 4210 2508 4279 AtquiSetnl.

2095 4271 2170 4342 est
2202 4271 2422 4342 Anactes
2446 4274 2554 4342 "10.8
2585 4271 2694 4342 my.

2093 4333 2173 4399 29)
2193 4333 2315 4399 Quia
2339 4333 2489 4387 Rhea.
2517 4333 2669 4387 Seml.

2069 4286 2123 4595 l

2095 4406 2123 4452 5

1926 4501 1981 4562 D
2096 4469 2123 4516 5

2155 4346 2175 4593 ἓ

400 4334 477 4395 12)
503 4336 595 4395 Qui
619 4338 764 4388 Pam.
782 4334 935 4389 Rhea.

400 4340 477 4400 12)
503 4340 595 4395 Qui
619 4340 764 4388 Pam.
782 4340 935 4389 Rhea.

372 4340 474 4518 ξιξ)
504 4398 796 4474 Resistimtts
818 4398 969 4451 Rhea.

398 4463 453 4513 li
501 4461 785 4513 Conﬁteutts
805 4465 950 4513 Pam.
1105 4512 1115 4518 _

2093 4340 2165 4390 29‘
2193 4340 2315 4399 Quia
2339 4340 2489 4387 Rhea.
2517 4340 2669 4387 Seml.

2072 4340 2175 4518 £30)
2192 4399 2539 4473 Carnemadd.
2568 4399 2675 4469 Rig.
2704 4408 2822 4479 'Vea.

2096 4467 2147 4516 51
2200 4465 2498 4518 Concuptsse
2524 4466 2628 4518 Rta.
2677 4469 2788 4512 ten.

405 4408 459 4449 15
504 4408 796 4451 Resistimus
818 4408 969 4451 Rhea.

398 4463 453 4513 11
501 4461 785 4513 Conﬁtentis
805 4465 950 4513 Pam.

403 4408 476 4590 15)
503 4523 644 4577 Carni
669 4523 778 4590 Rig.
813 4529 934 4579 Ven.
1102 4512 1116 4531 ⁸

2095 4408 2154 4454 50
2192 4408 2397 4453 Carnem
2413 4408 2539 4449 add.
2568 4408 2675 4464 Rtg.
2709 4408 2822 4449 Ven.

2096 4467 2147 4516 51
2200 4463 2498 4525 Concupisse
2524 4460 2628 4529 Rig.
2677 4469 2788 4512 rea.

2069 4408 2175 4590 ἓξὲξ
2196 4526 2525 4578 Substantiam
2547 4526 2706 4576 uirilis
2727 4523 2858 4575 abest
2877 4535 2910 4574 α
2932 4521 2992 4576 Ri

374 4523 476 4591 (15)
503 4523 644 4577 Carni
669 4523 778 4591 Rig.
813 4529 934 4579 Ven.
1102 4523 1116 4531 ”
1926 4523 1981 4562 υ
2069 4523 2171 4591 (52)
2196 4523 2525 4578 Substantjam
2547 4523 2706 4576 (airnis
2727 4523 2858 4575 abest
2877 4535 2910 4574 α
2932 4523 3039 4587 Rig.
3067 4533 3181 4576 rea.

1662 4612 2221 4673 COMMENTARIUS.

310 4706 460 4764 initio
503 4706 597 4763 lib.
636 4705 813 4762 ladv.
861 4704 1141 4772 eumdem,
1176 4722 1289 4761 mus
1321 4708 1592 4777 ponticus;
1635 4708 1730 4764 l‘uit
1757 4711 1900 4765 enim

311 4782 480 4850 patria
502 4779 812 4850 Sinopensis
834 4778 890 4850 in
934 4777 1125 4850 Ponto.
1154 4777 1232 4833 LE
1260 4778 1358 4832 Pu.

300 4848 327 4908 ί
380 4851 456 4921 (a)
486 4850 551 4905 111
579 4848 824 4921 vii-ginem
849 4848 1204 4907 Philumenam
1242 4849 1424 4917 spiritu
1452 4865 1651 4906 eversas
1676 4862 1768 4908 est.
1795 4851 1899 4909 Se-

307 4921 495 4977 ductus
527 4938 717 4992 nempe
742 4937 771 4975 a
801 4921 1065 4993 dmmone,
1086 4933 1191 4991 quo
1210 4922 1411 4977 infame
1430 4922 1786 4993 prest'ibulmn
1814 4925 1897 4980 in-

311 4993 702 5062 tercipiebatur.
729 4992 806 5048 LE
833 4992 933 5051 i’u.

379 5065 454 5137 (b)
496 5062 726 5119 Christus
769 5067 897 5120 mori
940 5062 1145 5137 missus,
1176 5064 1319 5137 nasci
1364 5078 1559 5137 quoque
1613 5067 1897 5123 necessario

308 5135 481 5190 habuit
509 5145 563 5206 ut
588 5137 716 5190 mori
749 5146 933 5206 posset.
958 5133 1203 5191 Nondttm
1245 5133 1385 5192 bene
1418 5133 1742 5192 Christianus
1783 5148 1899 5194 erat

308 5206 503 5261 Marius
532 5205 835 5262 Victorinus
856 5251 873 5274 ,
917 5222 1039 5264 eum
1080 5207 1131 5261 in
1160 5207 1180 5261 1
1206 5206 1598 5262 Rhetoricorum
1622 5209 1896 5266 Ciceronis

306 5278 374 5331 ita
399 5278 656 5335 scriberet
690 5295 703 5331 :
740 5297 757 5330 1
781 5278 1008 5336 Tantum
1056 5278 1196 5333 inter
1222 5279 1469 5335 homines
1494 5288 1670 5349 potest
1708 5296 1897 5337 neces-

306 5350 565 5422 sarium,
599 5359 853 5422 quantum
901 5348 1193 5422 secundum
1244 5348 1556 5422 opinionem
1607 5354 1893 5406 humanam

306 5419 445 5476 valet
478 5439 491 5475 :
523 5421 721 5490 alioqui
751 5423 1044 5496 secundum
1073 5419 1500 5479 Christianorum
1547 5424 1853 5496 opinionem
1872 5464 1890 5491 ,

308 5507 411 5565 non
443 5500 525 5547 est
553 5494 913 5565 necessarium
952 5504 1327 5564 argumentum
1369 5496 1454 5551 :si
1491 5494 1731 5565 peperit,
1767 5510 1890 5550 cum

306 5563 420 5617 viro
441 5562 766 5637 concubuit;
800 5581 971 5637 neque
1000 5562 1318 5637 liocrursus
1348 5585 1360 5619 :
1387 5568 1432 5621 si
1458 5562 1618 5622 status
1647 5576 1750 5629 est,
1777 5581 1894 5621 mo-

306 5637 490 5691 rietur.
520 5635 651 5690 Nam
673 5637 813 5704 apud
839 5635 933 5693 eas
959 5636 1296 5694 manifestum
1315 5648 1397 5694 est
1411 5640 1528 5693 sine
1552 5639 1665 5693 viro
1687 5650 1888 5702 natum,

305 5716 357 5759 et
380 5723 488 5763 anan
509 5715 832 5780 mortuum.»
858 5708 969 5764 lmo
994 5708 1274 5764 Dutltittnnt
1301 5720 1560 5771 nostrum,
1587 5723 1896 5780 qnetnvere
1943 5764 1950 5773 ,

304 5788 485 5839 natura
534 5779 756 5851 scimus,
800 5780 940 5839 hunc
994 5795 1117 5838 vere
1167 5790 1433 5840 mortuum
1472 5779 1716 5850 fatemur,
1753 5779 1897 5837 hunc

2008 4726 2134 4767 vere
2162 4722 2375 4780 quoque
2405 4703 2762 4780 resurrexisse
2789 4702 3034 4759 dicimus.
3079 4698 3204 4780 11111.

2081 4781 2154 4854 (c)
2181 4772 2192 4780 ’
2214 4772 2408 4854 Forata
2443 4777 2691 4854 moriendi
2725 4774 3187 4854 _caassa_nasceadi
3207 4783 3298 4828 est.
3324 4772 3426 4842 Qui
3459 4775 3603 4854 dixit

2007 4846 2248 4908 mutuum
2273 4848 2435 4904 fuisse
2463 4848 2701 4903 debitum
2725 4848 2862 4901 inter
2895 4846 3054 4899 vitam
3080 4855 3131 4899 et
3161 4854 3406 4913 mortem,
3432 4849 3603 4904 modo

2005 4927 2078 4979 ait
2108 4924 2332 4978 formam
2362 4936 2481 4976 6350
2502 4934 2742 4974 caussam
2771 4915 3044 4972 nascendi.
3072 4914 3267 4970 Forma
3292 4917 3450 4988 igitur
3473 4930 3604 4973 mu-

2006 4998 2078 5050 tui
2110 5005 2193 5052 est
2244 4994 2403 5047 veluti
2450 4990 2691 5060 (pandant
2736 4988 2971 5043 formulis
3008 4989 3059 5040 in
3098 4999 3284 5042 mutuo
3323 4988 3597 5060 qualitas,

2003 5069 2055 5123 in
2085 5084 2150 5123 eo
2182 5064 2421 5119 residens
2474 5063 2673 5118 Sensus
2700 5074 2826 5131 ergo
2853 5060 3160 5113 Tertulliani
3190 5069 3273 5114 est
3294 5060 3407 5131 :De
3435 5072 3603 5128 pacto

2001 5150 2050 5194 et
2091 5136 2395 5194 conditione
2425 5134 2704 5199 morimur,
2734 5130 2789 5186 ut
2821 5131 3030 5185 nonnisi
3063 5132 3186 5197 quia
3218 5130 3327 5184 nati
3354 5130 3559 5186 adstrin
3579 5161 3604 5172 ι

1999 5206 2458 5280 gamurliaelege
2499 5206 2688 5280 mortis
2712 5246 2726 5268 ,
2758 5201 2906 5273 quasi
2944 5201 3179 5280 conditio
3221 5203 3600 5280 mortisesset

1999 5274 2143 5336 relnt
2195 5278 2367 5333 ﬁnalis
2399 5274 2663 5332 nascendi
2704 5289 2925 5337 caussa;
2968 5274 3089 5342 quia
3138 5288 3244 5326 non
3293 5276 3596 5341 nascimur,

2000 5353 2099 5405 nisi
2123 5350 2220 5406 sub
2249 5349 2554 5403 conditione
2590 5345 2849 5403 meriendi
2873 5387 2886 5408 ,
2921 5353 2973 5399 ct
3012 5348 3314 5398 contractus
3343 5345 3467 5398 vita:
3502 5344 3592 5397 fa-

1997 5434 2116 5478 ctns
2145 5431 2228 5477 est
2248 5420 2353 5475 sub
2394 5419 2495 5475 hac
2524 5418 2852 5475 conditione.
2886 5415 2975 5470 Sic
3018 5414 3220 5471 Seneca
3265 5415 3332 5471 de
3364 5412 3590 5474 Remed.

1999 5496 2196 5565 forlttit.
2222 5492 2358 5548 Lac.

2071 5565 2149 5636 (d)
2179 5565 2365 5629 Atquin
2398 5572 2513 5636 tunc
2538 5577 2729 5636 quoque
2754 5561 2878 5636 inter
2904 5558 3108 5629 angelos
3129 5558 3243 5636 illos
3272 5557 3381 5628 ipse
3410 5554 3599 5613 Domi-

1998 5631 2093 5691 nus
2122 5631 2359 5707 apparuit
2387 5634 2623 5707 Alii‘ll/lw.
2650 5631 2791 5707 Vllwc
2820 5631 3205 5707 interpretatio,
3250 5644 3368 5707 qtae
3404 5640 3595 5707 orttan

2002 5708 2126 5763 inde
2146 5699 2342 5761 habere
2368 5704 2597 5767 videtur,
2623 5704 2765 5775 quod
2782 5704 2984 5773 legatur
2999 5699 3125 5755 Gen.
3147 5699 3206 5753 111
3228 5718 3239 5775 ς
3265 5700 3397 5754 'l'res
3418 5701 3552 5756 ritlit
3581 5746 3599 5768 ,

2004 5795 2170 5836 unum
2198 5777 2478 5846 adoravit;
2512 5792 2540 5831 a
2566 5770 2961 5848 llfAugus'tino
2995 5788 3100 5831 non
3128 5770 3400 5845 probatur,
3433 5786 3611 5846 quem
