4042 6288
392 292 504 360 76’5

1714 290 1798 350 DE
1836 287 2065 350 CARNE
2103 284 2388 351 CHRISTI.

3592 283 3698 350 766

393 415 567 483 prium
596 418 840 484 gestasse
882 404 982 484 (τι).
1016 418 1200 483 utpote
1231 403 1311 482 (1)
1357 414 1573 466 naturas
1617 405 1697 482 (2)
1743 409 1992 465 substan-
2026 411 2069 470 Α
2102 422 2262 477 porro
2299 422 2536 476 carnem,
2580 404 2734 481 cujus
2777 414 2858 463 est
2903 419 3067 475 mors,
3107 405 3367 465 nativitasv
3404 409 3696 466 antecedit.

392 509 483 561 tia:
511 503 801 575 spiritalis,
829 513 913 569 et,
941 504 984 557 si
1013 502 1258 574 corporis
1284 501 1512 570 alicujus
1531 544 1545 569 ,
1576 501 1655 555 sui
1687 510 1865 555 tanien
1896 515 1993 570 ge-

394 600 570 662 11ιοε·1›;
597 598 648 651 iu
668 611 884 651 carnem
914 605 1093 649 autem
1124 594 1412 649 humanam
1438 593 1901 665 traustignrabiles
1927 590 1992 645 ad

394 699 640 760 tempus,
685 698 742 742 ut
799 688 883 761 (5)
926 688 1092 743 videri
1130 697 1186 744 et
1221 687 1473 757 congredi
1516 703 1635 741 cum
1687 686 1995 741 hemiuibus

394 792 615 851 possent
652 781 750 853 (4).
784 780 969 850 Igitur,
1016 795 1135 835 eum
1161 780 1386 836 relatum
1429 796 1534 834 non
1570 780 1638 834 sit
1679 778 1820 833 unde
1850 794 1995 834 sum-

395 877 607 945 pserint
648 889 866 930 carnem
893 915 906 939 ,
948 875 1272 944 relinquitur
1316 874 1612 930 intellectui
1650 884 1838 928 nostro
1888 889 1992 927 non

393 967 674 1030 dubitare,
712 966 814 1021 hoc
843 981 966 1022 esse
998 967 1274 1036 proprium
1307 968 1562 1037 angelica:
1588 967 1898 1037 potesmtis,
1927 981 1992 1021 cx

391 1061 540 1115 nulla
575 1060 795 1114 materia
826 1072 1026 1127 corpus
1066 1057 1167 1113 sibi
1212 1073 1450 1114 sumere.
1497 1077 1515 1111 1
1547 1060 1759 1124 Quanto
1792 1058 1991 1129 magis,

393 1150 594 1220 inquis,
626 1164 688 1203 ex
719 1148 891 1219 aliqua
922 1150 1274 1205 certum.est!
1321 1170 1341 1202 1
1382 1148 1486 1206 Sed
1520 1148 1653 1205 nihil
1680 1149 1747 1204 de
1771 1163 1838 1204 eo
1868 1164 1995 1203 con-

393 1251 523 1307 stat,
557 1242 677 1311 quia
722 1241 993 1311 Scriptura
1044 1255 1151 1296 nou
1185 1241 1426 1297 exhibet.
1458 1241 1761 1306 Caeterum,
1792 1242 1877 1312 qui
1908 1241 1993 1313 (5)

394 1334 583 1389 valent
607 1332 784 1388 facere
814 1333 1131 1402 semetipsos
1166 1331 1309 1403 quod
1349 1341 1538 1388 natura
1571 1347 1675 1388 non
1706 1341 1862 1397 sunt,
1899 1348 1995 1388 cur

395 1440 504 1480 non
551 1425 763 1479 valeant
802 1425 962 1481 etiam
1001 1423 1081 1495 (6)
1121 1438 1188 1480 ex
1225 1424 1367 1480 nulla
1417 1425 1716 1480 subsmntia
1775 1424 1854 1497 (7)
1910 1422 1991 1478 fa-

395 1517 555 1571 rore?
595 1515 649 1572 Si
687 1517 819 1571 liunt
859 1516 1001 1585 quod
1043 1530 1146 1573 non
1179 1525 1340 1582 sunt,
1383 1530 1480 1571 cur
1516 1530 1621 1571 non
1663 1533 1727 1572 ex
1760 1531 1826 1571 eo
1867 1516 1994 1570 tiam

392 1608 538 1677 quod
574 1626 678 1664 non
714 1609 829 1664 est?
859 1608 1010 1677 Quod
1045 1621 1223 1665 autem
1258 1625 1363 1664 non
1389 1617 1502 1673 est,
1534 1623 1654 1664 eum
1677 1609 1777 1673 sit.
1816 1625 1881 1664 ex
1911 1609 1991 1663 ni-

395 1699 510 1755 hilo
537 1708 639 1754 est.
680 1701 972 1769 Propterea
1009 1716 1109 1755 nec
1157 1700 1477 1772 requiritur.
1520 1716 1619 1756 nec
1658 1699 1988 1767 osnmditur,

2708 498 2936 557 CAPUT
2982 498 3091 555 VII.

2168 590 2273 645 Sed
2303 592 2550 661 quotiens
2579 592 2645 647 de
2676 593 2953 648 nativitate
2984 592 3361 660 contenditur,
3391 608 3578 649 omnes
3607 594 3695 662 qui

2098 693 2356 753 respuunt
2387 698 2502 737 eam
2537 693 2591 738 ut
2623 685 3063 755 pra'judicantent
3094 685 3159 740 de
3185 686 3364 740 carnis
3394 685 3444 740 in
3480 686 3695 742 Christo

2100 776 2353 839 vi-ritate,
2403 774 2575 845 ipsum
2631 777 2797 831 Deum
2852 776 3039 831 volunt
3090 791 3285 846 negare
3327 791 3449 831 esse
3491 791 3695 843 natum,

2097 866 2237 937 quod
2269 867 2464 921 dixerit
2500 868 2692 938 (Mntt.
2734 867 2861 935 XII,
2902 868 2974 925 48
3002 868 3019 939 )
3051 884 3062 921 :
3098 868 3227 936 Qua:
3262 868 3389 922 mihi
3427 877 3617 934 mater,
3652 879 3701 924 et

2096 962 2182 1033 qui
2218 961 2344 1015 milii
2374 961 2600 1032 fratres?
2640 962 2834 1017 Audiat
2880 962 3037 1032 igitur
3071 974 3122 1016 et
3157 961 3375 1032 Apelles
3399 1005 3413 1027 ,
3457 961 3532 1034 (ο)
3571 962 3698 1032 quid

2094 1053 2203 1120 jam
2248 1067 2563 1121 responsum
2597 1055 2665 1107 sit
2695 1068 2723 1108 a
2758 1054 2909 1109 nobis
2948 1054 3202 1109 Marcioni
3241 1068 3307 1109 eo
3345 1054 3559 1121 libello.
3593 1071 3699 1125 quo

2097 1145 2176 1215 (ά)
2205 1143 2272 1198 ad
2313 1144 2429 1217 (Id)
2476 1145 2823 1217 Evangelium
2876 1145 3041 1217 ipsius
3091 1146 3531 1216 provocavimus,
3570 1162 3699 1201 cnn-

2099 1236 2442 1292 siderandam
2475 1237 2681 1293 scilicet
2717 1240 3000 1293 materiam
3035 1238 3487 1307 pronuntiationis
3519 1238 3693 1293 istius.

2098 1327 2277 1384 Prium
2307 1329 2559 1401 quidem,
2592 1346 2864 1399 nunquam
2902 1331 3183 1402 quisquam
3222 1317 3589 1386 adnuntiasset
3619 1331 3698 1386 illi

2097 1432 2321 1477 matrem
2355 1434 2409 1478 et
2439 1422 2635 1480 fratres
2662 1424 2778 1493 ejus
2810 1425 2938 1479 foris
2965 1432 3108 1479 stare
3134 1423 3152 1497 (
3165 1425 3248 1497 15)
3270 1466 3282 1488 ,
3316 1427 3405 1497 qui
3436 1442 3541 1480 non
3572 1441 3693 1481 cer-

2097 1524 2180 1571 tus
2209 1527 2352 1571 esset
2380 1517 2495 1588 (16)
2522 1516 2721 1572 habere
2752 1516 2900 1571 illum
2935 1526 3160 1572 matrem
3194 1526 3247 1572 et
3277 1519 3500 1582 fratres,
3529 1528 3582 1572 et
3613 1519 3694 1587 ip-

2095 1623 2184 1664 slts
2217 1624 2356 1675 esse,
2389 1623 2524 1679 quos
2549 1619 2672 1663 tunc
2697 1609 2993 1670 nuntiabat,
3023 1610 3104 1665 vel
3138 1619 3282 1666 retro
3308 1613 3579 1684 cognitos,
3612 1612 3696 1667 vel

2098 1710 2222 1755 tunc
2254 1700 2446 1756 ibidem
2480 1712 2786 1772 compertos
2836 1701 3112 1775 (I7),licet
3147 1713 3425 1773 pr0pterea
3463 1702 3697 1758 abstule-

392 1793 521 1863 qoid
556 1802 739 1863 postra
771 1794 967 1849 lactent
998 1794 1069 1848 sit
1098 1795 1415 1865 corporibus
1449 1794 1660 1873 illorum
1690 1793 1788 1866 (b).
1833 1794 1985 1862 Quod
2020 1804 2065 1865 Β
2096 1794 2202 1848 rint
2233 1793 2467 1850 haereses
2506 1796 2602 1849 ista
2637 1793 2751 1867 (I8)
2781 1795 2848 1851 de
2881 1794 3176 1866 Evangelia
3202 1837 3215 1861 ,
3258 1796 3396 1866 quod
3425 1806 3480 1852 et
3514 1796 3692 1852 credi-

391 1885 463 1939 de
497 1887 664 1941 niitilo
697 1886 827 1952 fuit,
863 1886 993 1940 nihil
1027 1885 1222 1941 factum
1260 1896 1360 1942 est.
1394 1887 1625 1942 Possunt
1647 1884 1780 1942 nihil
1813 1889 1985 1957 ipsum

391 1989 708 2034 convertere
731 1980 781 2032 in
804 1992 1045 2042 carnem,
1078 1978 1167 2049 qui
1199 1980 1520 2050 semetipsos
1547 1990 1833 2051 potuerunt
1855 1996 1988 2036 cou-

391 2081 604 2126 vertere
631 2071 681 2126 iu
706 2086 944 2127 carnem.
978 2071 1103 2126 Plus
1125 2080 1207 2126 est
1234 2080 1478 2127 naturain
1501 2072 1803 2140 demutare,
1827 2088 1985 2144 quam

392 2163 569 2220 facere
613 2164 917 2220 materiam.
964 2162 1068 2218 Sed
1100 2173 1156 2218 et
1193 2162 1271 2234 (8)
1331 2164 1376 2219 si
1413 2163 1477 2220 de
1514 2165 1733 2221 materia
1769 2179 1989 2221 necesse

390 2257 583 2312 fuisset
628 2258 708 2329 (9)
749 2257 970 2328 angelos
1033 2257 1332 2326 sumpsisse
1370 2272 1627 2325 carnem,
1678 2260 1986 2316 credibilius

390 2349 576 2419 utique
602 2358 686 2403 est
720 2349 787 2403 de
821 2359 1033 2404 terrena
1067 2350 1322 2417 materia,
1350 2366 1506 2419 quam
1537 2350 1605 2406 de
1640 2352 1753 2406 11110
1787 2367 1986 2423 genere

389 2441 690 2498 cmlestium
721 2442 1170 2507 substantiat‘um;
1197 2455 1318 2495 cum
1347 2440 1481 2497 adeo
1515 2453 1741 2498 terrente.
1763 2445 1985 2513 qualita-

390 2536 461 2590 tis
489 2536 755 2596 extiterit.
784 2545 839 2590 ut
865 2535 1095 2591 terrenis
1121 2535 1330 2606 pabulis
1362 2546 1509 2606 pasta
1531 2538 1619 2592 sit.
1657 2538 1837 2592 Fuerit
1868 2538 1981 2610 (10)

390 2641 533 2681 nunc
560 2626 675 2697 (Il)
706 2642 920 2698 quoque
951 2628 1161 2685 siderea
1190 2628 1378 2683 eodem
1410 2628 1532 2699 (12)
1565 2629 1724 2683 modo
1757 2632 1982 2688 terrenis

389 2720 598 2790 petiolis
623 2731 797 2792 pasta,
822 2721 1032 2791 qnamlo
1061 2732 1269 2777 terrena
1300 2739 1404 2777 non
1435 2733 1609 2789 esset;
1639 2738 1744 2796 quo
1773 2732 1982 2781 terrena

389 2814 701 2869 cmlestibus
733 2824 881 2885 pasta
912 2824 1019 2879 est,
1056 2815 1269 2886 quando
1295 2816 1532 2872 coelesds
1564 2833 1668 2872 non
1700 2829 1842 2873 esset
1868 2818 1886 2890 (
1908 2819 1982 2873 le-

387 2909 562 2977 gimus
596 2909 739 2962 enim
773 2924 964 2962 manna
996 2909 1109 2962 esui
1143 2908 1340 2978 popqu
1380 2908 1541 2965 fuisse
1574 2925 1587 2963 :
1624 2908 1850 2975 Panem,
1895 2911 1979 2965 in-

383 3001 498 3072 quit
523 3000 540 3072 (
569 3000 658 3056 Ps.
692 3000 977 3068 LXXVII)
1008 3042 1021 3063 ,
1053 3002 1346 3072 angelorum
1378 3001 1479 3056 edit
1511 3001 1726 3074 homo);
1758 3019 1865 3058 non
1900 3012 1976 3058 ta-

386 3109 510 3150 men
580 3093 886 3163 infringitur
966 3093 1134 3148 semet
1197 3103 1440 3163 separata
1506 3095 1744 3151 conditio
1794 3095 1979 3150 Domi-

2095 1897 2204 1942 tqu
2235 1896 2438 1959 patrem
2469 1889 2585 1958 ejus
2615 1887 2815 1956 Ioseph
2849 1878 3079 1953 fabrum,
3109 1899 3163 1943 et
3195 1895 3416 1946 matrem
3448 1887 3690 1954 Mariam,

2094 1991 2144 2037 et
2175 1982 2369 2037 fratres
2399 1990 2453 2037 et
2482 1997 2695 2037 sorores
2717 1983 2831 2052 ejus
2859 1984 3062 2053 optime
3092 1992 3245 2037 notos
3268 1983 3367 2038 sibi
3393 1999 3513 2039 esse
3541 1982 3689 2038 dice-

2093 2072 2238 2135 bant,
2273 2075 2357 2145 qui
2390 2072 2722 2130 mirabantur
2750 2074 3048 2130 doctrinam
3081 2076 3221 2145 ejuvr.
3257 2094 3275 2126 l
3314 2075 3421 2131 Sed
3452 2060 3691 2130 tentandi
3783 2103 3792 2111 -

2088 2166 2258 2237 gratia
2299 2167 2674 2221 nuntiaverant
2705 2167 2820 2239 (19)
2851 2176 2905 2223 et
2946 2176 3173 2223 matrem
3204 2178 3257 2225 et
3291 2168 3515 2232 fratres,
3558 2184 3693 2239 quos

2090 2274 2197 2314 non
2229 2259 2475 2314 habebat.
2514 2277 2533 2311 1
2561 2258 2670 2314 lloc
2691 2260 2904 2329 quidem
2936 2261 3209 2330 Scriptura
3248 2277 3350 2315 non
3375 2261 3526 2329 dicit,
3559 2262 3691 2315 alias

2091 2366 2196 2406 non
2236 2359 2447 2418 tacens,
2488 2366 2610 2405 cum
2652 2351 2777 2421 quid
2823 2354 3137 2408 tentationis
3171 2355 3339 2424 gratia
3372 2354 3567 2410 factmn
3609 2363 3692 2409 est

2088 2445 2226 2497 circa
2255 2442 2370 2515 (20)
2398 2458 2517 2496 cum
2556 2462 2567 2497 :
2605 2442 2769 2510 Ecce,
2817 2445 2985 2515 inquit
3022 2444 3202 2513 (Mull.
3239 2445 3439 2517 XXII),
3471 2447 3691 2501 surrexit

2090 2537 2211 2609 legis
2237 2536 2451 2602 doctor,
2483 2544 2682 2592 teutans
2728 2554 2861 2590 eum.
2908 2537 2973 2592 Et
3000 2538 3123 2591 alibi
3158 2540 3174 2611 (
3206 2537 3354 2591 Matt.
3384 2538 3547 2609 XIX)
3579 2557 3589 2591 :
3624 2537 3690 2593 Et

2086 2641 2402 2685 accesserunt
2447 2630 2517 2684 ad
2557 2648 2671 2685 eum
2715 2630 3000 2697 Pharisaei,
3035 2640 3299 2686 tentantes.
3335 2631 3486 2700 Quod
3529 2647 3689 2687 nemo

2090 2723 2409 2793 prohibebat
2459 2724 2543 2779 hic
2593 2739 2808 2795 quoque
2850 2723 3171 2792 significari,
3231 2723 3468 2779 tentandi
3518 2723 3686 2793 gratia

2084 2814 2306 2870 factum.
2357 2815 2426 2887 (e)
2466 2815 2581 2871 Non
2615 2816 2814 2886 recipio
2873 2814 3014 2886 quod
3074 2824 3223 2870 extra
3262 2815 3591 2885 Scriptorum
3622 2814 3688 2871 de

2086 2917 2176 2963 tuo
2199 2908 2381 2963 infers.
2410 2908 2632 2975 Dehinc,
2663 2909 2885 2964 materia
2918 2909 3233 2965 tentationis
3259 2907 3419 2963 debet
3439 2910 3680 2964 subesse.

2084 3000 2220 3069 Quid
2252 3000 2564 3056 tentandum
2596 3010 2919 3071 putaverunt
2948 3002 3001 3056 in
3031 3001 3162 3057 illo?
3188 2998 3416 3069 Utique,
3460 3010 3686 3056 uatnsne

2083 3100 2257 3157 esset,
2294 3106 2359 3145 an
2404 3107 2539 3156 non;
2572 3092 2618 3147 si
2647 3093 2788 3147 enim
2831 3093 2931 3148 hoc
2970 3091 3182 3162 negavit
3219 3091 3498 3162 responsio
3535 3091 3680 3161 ejus,

328 3200 331 3203 ‘
383 3185 518 3240 uicae
568 3186 774 3251 carnis,
831 3200 895 3240 ex
957 3199 1145 3240 caussa
1183 3184 1404 3239 alterius
1440 3184 1825 3255 dispositionis.
1866 3185 1975 3240 IIo-
2004 3199 2049 3261 ρ
2085 3181 2185 3237 hoc
2215 3183 2446 3251 captavit
2484 3184 2750 3239 nuntiatio
2794 3185 3099 3239 tentatoris.
3138 3182 3244 3239 Sed
3281 3183 3425 3238 milia
3464 3184 3686 3238 tentatio

380 3292 471 3332 mo
522 3294 648 3332 vere
704 3277 911 3332 futurus
958 3291 1127 3347 usque
1180 3274 1247 3330 ad
1296 3284 1524 3331 mortem
1579 3291 1697 3331 eam
1760 3291 1979 3331 carnem

379 3371 658 3439 Oportebat
710 3377 769 3423 ut
799 3368 914 3440 (1⁸5)
962 3367 1227 3437 indueret,
1258 3366 1410 3439 cujus
1462 3376 1546 3423 est
1602 3382 1746 3421 mors
1801 3384 1814 3420 :
1860 3382 1978 3422 eam

2085 3274 2311 3329 tendens
2340 3274 2404 3329 ad
2434 3276 2760 3345 agnitionem
2794 3275 2945 3346 ejus,
2985 3276 3052 3332 de
3082 3290 3189 3347 quo
3225 3274 3520 3344 dubitando
3563 3283 3682 3330 ten-

2084 3378 2178 3435 tat,
2220 3369 2288 3424 ita
2325 3370 2506 3426 subito
2536 3369 2810 3442 procedit,
2845 3379 3027 3428 utnon
3072 3379 3197 3426 ante
3230 3367 3498 3441 prmcedat
3536 3383 3681 3439 qua:-

1618 3480 2003 3540 LECTIONES
2042 3483 2454 3541 VARIANTES.

466 3597 509 3663 l)
544 3598 726 3663 Ulputa
749 3601 893 3663 P_am.
921 3595 1073 3663 Rhea.

459 3657 510 3734 2)
534 3657 715 3712 Natura
738 3660 828 3714 Rh.
858 3661 1007 3712 Seml.
1037 3675 1064 3710 a
1084 3667 1257 3710 natura
1283 3659 1395 3710 cod.
1423 3657 1573 3724 Agob.
1610 3665 1798 3708 natura:
1823 3661 1969 3709 Pam.

368 3727 541 3776 Paris.

433 3787 507 3856 (ξ)
530 3786 601 3856 yt
620 3785 769 3856 antiit,
795 3785 903 3853 Rig.
938 3793 1051 3836 t'en.

456 3850 510 3920 ξ)
530 3850 813 3920 Emitta-
847 3850 959 3920 cm-

451 3906 505 3962 ὃ)
532 3911 655 3962 Ouia
676 3906 827 3962 111ιέ11.
854 3910 1002 3961 Seml.
1025 3906 1221 3960 Obertlt.

452 3969 506 4024 6)
531 3969 593 4023 Et
614 3971 764 4024 Rlien.
792 3970 942 4023 Seml.
973 3969 1172 4023 Obert/t.

452 4030 506 4086 Ἰ)
539 4036 866 4085 Substantiam
889 4033 1040 4086 Rlieu.
1067 4033 1211 4084 Seml.
1236 4030 1433 4085 Oberth.

448 4096 501 4149 8i
528 4104 580 4148 Et
597 4096 727 4149 abest
749 4110 780 4146 a
804 4096 949 4148 ltlten.
978 4098 1118 4147 Pam.

449 4160 645 4231 9H2"
666 4160 774 4231 Rtg-
808 4168 921 4231 Vt!!-

427 4216 533 4289 (11))
568 4216 912 4274 Fuerit'omitt.
936 4218 1087 4273 Rhea.
1113 4216 1266 4271 Seml.

2173 3595 2248 3649 11)
2274 3592 2325 3647 Si
2348 3597 2469 3648 add.
2495 3597 2646 3649 Rhen.

2170 3658 2244 3712 12)
2280 3659 2463 3710 Eadem
2488 3658 2641 3712 Rhea.

2173 3720 2244 3774 l5)
2283 3721 2346 3771 Ut
2368 3723 2519 3773 omitt.
2548 3722 2697 3774 then.
2725 3720 2877 3773 Sentl.

2170 3783 2243 3837 H)
2270 3785 2340 3833 Ad
2365 3784 2516 3835 omitt.
2547 3794 2681 3835 Pam.
2703 3783 2857 3837 Rhea.

2168 3846 2242 3912 I5)
2276 3846 2477 3912 §Ialil_0§
2509 3847 2619 3912 cod.
2656 3846 2808 3912 Agob.

2168 3908 2242 3972 16)
2276 3908 2337 3972 gi
2359 3907 2479 3959 (ιάά.
2505 3907 2630 3972 Rig._
2650 3907 2764 3959 re'u.

2166 3969 2241 4033 I7)
2268 3969 2521 4033 illeperlos
2543 3969 2647 4021 alii.

2160 4029 2238 4084 18)
2264 4029 2377 4082 Istae
2403 4033 2549 4083 (then.
2574 4029 2727 4084 Seml.

2166 4094 2238 4155 l9)
2264 4094 2623 4145 Nuntiaveruut
2646 4095 2802 4146 Frau.

2132 4155 2232 4223 (30)
2267 4157 2398 4221 Erga
2420 4157 2531 4209 cod.
2556 4156 2708 4224 Agob.

1716 4320 2277 4383 COMMENTARIUS.

357 4444 487 4500 ideo
532 4444 709 4498 videat
756 4442 925 4499 lector
962 4441 1055 4495 lib.
1104 4438 1144 4494 II
1193 4438 1259 4493 de
1292 4436 1440 4492 Trin.
1482 4451 1600 4505 cap.
1650 4430 1737 4491 l7.
1788 4435 1953 4490 Porro

2060 4461 2161 4516 (lis.
2202 4462 2432 4518 Proinde
2469 4463 2631 4519 etiam
2667 4463 2790 4519 hinc
2832 4473 3042 4522 constat
3083 4480 3266 4521 verum
3307 4481 3429 4522 esse
3471 4467 3666 4525 eodem

356 4516 589 4588 legimus
635 4516 827 4571 iterum
870 4529 932 4567 ex
972 4511 1068 4567 ΜΞ.
1116 4512 1167 4567 3.
1208 4510 1376 4566 Vatic.
1426 4509 1754 4603 Atqu'iuupro
1792 4509 1949 4576 atqui.

2083 4549 2200 4589 tene
2246 4544 2487 4603 tempore
2524 4535 2753 4603 scriptos
2795 4536 2937 4591 hunc
2981 4547 3033 4592 et
3071 4546 3391 4603 sequentem
3435 4538 3563 4593 libb.
3605 4509 3669 4596 ad

1546 4580 1677 4633 Pw.

430 4657 510 4739 (tt)
546 4658 752 4713 Constat
789 4656 1012 4727 Angelos
1040 4670 1242 4709 carnem
1280 4670 1380 4736 non
1421 4653 1679 4739 propriam
1718 4659 1956 4739 gefiasse-

358 4724 573 4786 Scilicet
609 4744 712 4782 non
740 4724 1116 4782 esse'carneos
1148 4724 1397 4786 omnino,
1423 4732 1476 4778 ct
1499 4724 1710 4792 proprie
1740 4732 1791 4773 ut
1826 4737 1953 4788 nos,

360 4816 462 4854 nec
496 4801 729 4869 pendere
759 4797 1000 4867 corporis
1026 4811 1233 4868 graves.
1268 4795 1410 4869 Illud;
1432 4794 1691 4869 propriam
1719 4793 1955 4861 appellat

356 4862 519 4941 supra
548 4870 797 4941 Angelos.
828 4862 1316 4941 nempe'propriam
1348 4862 1481 4941 sibi,
1512 4862 1618 4941 non
1646 4879 1803 4941 supra
1837 4881 1950 4941 cur-

356 4936 494 4996 nem.
530 4936 661 4996 Nam
694 4949 751 4995 et
778 4942 958 4994 statim
990 4939 1185 4993 indicat
1206 4980 1220 5002 ,
1254 4947 1310 4992 et
1338 4937 1461 4991 alibi
1493 4936 1680 4999 docet,
1722 4936 1953 5004 Angelos

355 5014 481 5068 illos
509 5012 780 5082 propriam
807 5026 1023 5065 carnem
1048 5026 1155 5079 pra:
1181 5024 1241 5082 se
1265 5007 1589 5082 tulisse,_sed
1618 5016 1948 5082 assumptam

356 5100 464 5139 non
505 5078 621 5138 sibi
644 5099 792 5154 prop:
811 5083 913 5137 iam
945 5092 993 5154 et
1030 5078 1357 5154 naturalem.
1391 5088 1452 5154 _ut
1483 5078 1534 5132 in
1572 5078 1672 5154 hoc
1702 5079 1951 5154 Augusti-

354 5170 460 5210 nus
494 5164 546 5209 et
584 5146 889 5211 Bernartius
924 5151 1119 5207 citaudi
1156 5149 1442 5220 aliquando
1482 5150 1774 5217 ambigunt.
1803 5146 1947 5220 ALac.

427 5224 507 5298 (b)
536 5225 671 5292 Quid
694 5219 878 5298 postea
901 5224 1103 5298 factum
1128 5226 1192 5276 sit
1223 5218 1515 5298 cer-poribus
1544 5220 1770 5298 illorum.
1802 5218 1948 5298 [fali-

353 5289 576 5352 πῖθ’ςὶἰηῦ
607 5289 827 5352 1110111111.
860 5289 920 5350 Id
944 5304 1046 5357 est,
1075 5309 1179 5362 quo
1212 5289 1575 5362 pervenerint.
1621 5289 1950 5362 Subauditur

351 5368 419 5422 de
456 5368 782 5437 przepositio.
825 5367 913 5420 Sic
942 5360 1507 5437 Ciceroin'Verrein;
1546 5362 1684 5430 Quid
1724 5371 1771 5415 te
1810 5360 1950 5429 futu-

348 5432 471 5492 runi
495 5432 609 5493 est?
635 5456 733 5507 quo
766 5436 1062 5507 confugies?
1091 5435 1332 5507 Plautus:
1358 5432 1729 5507 Qiiidkurgeuto
1757 5437 1948 5507 [acutum

348 5526 428 5565 est
468 5512 605 5580 quod
641 5504 778 5562 dedi.
822 5504 1053 5564 Rursum
1103 5505 1293 5561 Cicero
1338 5520 1434 5575 pro
1479 5504 1724 5561 Cluentio
1760 5520 1775 5559 :
1811 5504 1947 5569 Quid

268 5598 275 5603 '
346 5591 444 5643 est,
476 5590 581 5635 etc.
609 5580 786 5635 Ruex.

422 5649 578 5722 CAP.
623 5651 737 5709 VII.
765 5681 836 5690 —
863 5648 939 5722 (c)
987 5648 1263 5722 Quidjttm
1302 5662 1595 5722 responsum
1630 5645 1694 5722 sit
1731 5646 1945 5722 a_nobis

346 5720 627 5798 Marciani.
670 5714 931 5798 Intelligit:
955 5714 1091 5775 haud
1118 5714 1279 5776 dubie
1328 5719 1493 5798 libros
1510 5716 1588 5798 IV
1616 5716 1747 5797 adv.
1774 5714 1939 5798 mare.

345 5792 423 5849 ibi
460 5792 603 5847 enim
640 5794 800 5848 etiam
837 5786 1022 5847 iisdem
1062 5807 1227 5862 pene.
1268 5790 1361 5844 sed
1405 5790 1558 5862 paulo
1601 5786 1940 5862 paucioribus

345 5866 487 5921 hanc
514 5865 834 5936 scripturam
864 5858 1093 5934 explicat
1120 5861 1318 5931 verbis,
1352 5860 1509 5934 paulo
1535 5868 1654 5933 post
1681 5858 1933 5929 adlegan-

2088 4604 2190 4657 ibb.
2232 4603 2298 4660 IV
2360 4606 2562 4674 primos
2592 4606 2714 4659 adv.
2754 4606 3076 4662 lllarcionem
3116 4628 3127 4664 :
3165 4610 3247 4663 his
3288 4625 3416 4664 vero
3456 4610 3673 4665 absolu-

2065 4675 2162 4737 tis,
2204 4685 2313 4731 tum
2355 4676 2572 4751 demum
2596 4692 2727 4751 esse
2762 4680 3127 4750 conscriptum
3165 4682 3408 4751 quintum
3452 4680 3670 4736 1111.θά-

2064 4762 2254 4802 versus
2285 4747 2556 4803 emndem.
2594 4748 2730 4804 Pan.

2135 4839 2216 4912 (tl)
2252 4840 2330 4893 Ad
2366 4840 2693 4909 Evzmgelium
2726 4842 2888 4910 ipsius
2918 4832 3316 4909 provocaeimiis.
3360 4843 3541 4900 Utitur
3571 4846 3669 4901 ali-

2058 4912 2272 4978 quando
2307 4912 2671 4967 'I‘nrtulliauus
2712 4914 2990 4982 evangelio
3037 4914 3319 4970 Marcionis
3347 4915 3469 4969 adv.
3511 4933 3662 4970 011111-

2056 4982 2177 5035 dem
2215 5000 2227 5036 :
2256 4993 2530 5057 retorquet
2557 4982 2834 5057 nituirum,
2864 4996 2915 5037 ut
2939 4986 3125 5057 quavis
3155 4988 3448 5053 sponsione
3482 4986 3657 5057 ipsum

2056 5063 2281 5123 premat.
2309 5054 2367 5108 B.
2402 5054 2560 5109 Lucae
2587 5054 2957 5121 Evangelium,
2993 5056 3213 5123 rejectis
3235 5057 3351 5110 aliis
3381 5054 3570 5123 tribus,
3610 5060 3661 5113 in

2056 5124 2566 5201 inultishrecusahat,
2602 5134 2649 5177 et
2685 5127 3067 5201 quintumsnm
3097 5127 3320 5201 fatuitati
3352 5144 3658 5201 congruens

2054 5206 2107 5249 et
2132 5196 2412 5251 conformo
2441 5204 2780 5250 commentus
2810 5205 2910 5250 est.
2945 5196 3017 5250 De
3049 5195 3147 5251 hoc
3176 5200 3371 5267 agitur.
3418 5195 3493 5253 Li:
3527 5200 3620 5255 I’tt.

2124 5287 2200 5362 (ρ)
2235 5287 2350 5362 Non
2379 5288 2566 5362 recipio
2595 5287 2729 5362 quod
2750 5299 2891 5362 atro
2915 5286 3258 5351 Scriptorum.
3292 5290 3434 5345 Inter
3459 5292 3663 5345 articu-

2053 5359 2142 5413 los‘
2162 5359 2510 5431 quadraginta
2537 5363 2605 5413 ab
2633 5359 2897 5431 lucretiois
2929 5362 3191 5427 superiori
3226 5362 3431 5415 sate-nlo
3464 5378 3658 5417 exara-

2053 5440 2157 5503 tos,
2181 5426 2351 5484 ’11110111
2370 5426 2465 5485 ’ρει
2488 5473 2500 5493 ,
2528 5446 2633 5503 quo
2655 5445 2713 5483 sc
2742 5426 2874 5503 nihil
2898 5426 3121 5484 credere
3150 5441 3239 5503 aut
3266 5432 3466 5486 docere
3495 5434 3658 5500 proli-

2051 5499 2250 5565 tentur;
2280 5502 2377 5556 nisi
2409 5504 2457 5555 in
2488 5500 2657 5553 sacris
2684 5499 2957 5554 codicibus
2988 5502 3290 5567 reperiatur
3318 5548 3332 5563 ,
3366 5512 3421 5556 ut
3449 5499 3658 5558 scilicet

2051 5572 2365 5627 traditiones
2387 5571 2630 5628 ecclesia:
2663 5570 3030 5625 amamlarcnt.
3063 5571 3138 5625 LE
3168 5568 3260 5627 l’u.
3298 5603 3369 5613 -—
3399 5572 3476 5626 Ne
3518 5573 3659 5630 forte

2048 5640 2165 5714 quis
2202 5640 2338 5697 istud
2380 5644 2698 5710 detorqueat
2732 5651 2917 5714 contra
2956 5642 3272 5714 traditiones
3320 5644 3655 5707 ecclesiasd-

2047 5708 2138 5768 e'as
2163 5756 2175 5771 .
2215 5714 2516 5768 meminerit
2558 5708 2846 5766 Auctorem
2889 5711 3171 5777 docuisse,
3217 5708 3253 5768 I.
3289 5715 3352 5768 de
3384 5714 3503 5769 Cor.
3542 5715 3651 5771 mil.

2045 5800 2094 5910 (ia).
2128 5784 2190 5847 5,
2225 5786 2382 5838 etiam
2420 5783 2759 5838 traditionem
2787 5799 2891 5839 non
2922 5784 3177 5853 scriptam
3220 5783 3420 5841 debere
3452 5786 3643 5858 recipi.

2093 5871 2187 5910 su.
2357 5895 2381 5910 .

2093 5871 2187 5910 ΑΙ.
