4042 6288
343 242 451 304 767

1774 248 2239 311 TERTULLIANI

3536 251 3644 310 763

350 365 474 430 stin,
506 377 646 436 qtue,
673 363 1060 423 dubitationem
1091 364 1351 432 inferens,
1384 373 1541 440 cogat
1565 368 1936 424 tentationem.
1970 372 2019 431 Α
2048 368 2319 425 extraneis
2359 367 2554 426 deﬁxis
2600 368 2653 426 in
2697 366 2868 435 illum,
2926 376 3032 424 tam
3096 368 3211 442 (14)
3242 369 3471 443 proximi
3513 369 3646 425 abe-

353 459 551 524 I'nrro,
601 458 644 513 si
686 473 946 530 nusquam
985 458 1054 515 de
1090 459 1365 515 nativitatc
1400 456 1597 515 Christi
1645 461 1944 516 volutatum

352 560 454 608 est,
493 548 616 617 quid
650 557 703 603 tu
736 552 1161 622 argumentaris,
1202 552 1436 608 voluisse
1472 551 1595 607 illus
1638 568 1731 623 per
1770 562 1948 608 tenta-

356 641 554 694 tinnem
577 639 836 696 sciscitari
867 642 1008 712 quod
1031 658 1301 715 nunquam
1329 642 1694 713 produxerunt
1723 643 1776 699 in
1799 660 1948 715 qua:-

354 733 621 786 stionem?
647 733 730 790 Eo
756 733 1039 805 adjicimns
1067 734 1147 809 (1)
1178 754 1191 791 :
1231 735 1439 792 etiamsi
1493 735 1779 792 lentandus
1805 744 1951 794 esset

355 823 422 879 de
453 825 760 893 nativitate,
795 843 902 882 non
937 828 1121 900 utique
1161 828 1266 885 hoc
1294 827 1455 884 modo
1491 837 1818 894 tentaretur,
1859 844 1951 885 ca-

358 931 475 970 rmn
503 932 853 986 personarum
881 919 1308 987 adnuntiatione,
1346 936 1464 992 quan
1493 928 1759 991 poterant,
1787 920 1949 977 etiam

359 1020 485 1064 nato
510 1010 726 1066 Christo
748 1054 763 1077 ,
794 1028 899 1068 non
925 1013 1105 1069 fuisse.
1131 1013 1334 1070 Omnes
1359 1014 1660 1081 nascimur,
1690 1022 1744 1069 et
1774 1023 1950 1069 tamen

361 1119 467 1159 non
499 1118 687 1159 omnes
711 1113 803 1160 aut
841 1105 1034 1162 fratres
1068 1106 1330 1163 habemus
1360 1115 1453 1162 aut
1482 1118 1727 1164 matrem.
1764 1106 1955 1164 Adhuc

362 1204 537 1266 potest
577 1203 632 1251 et
673 1205 877 1267 patrem
925 1198 1098 1268 magis
1140 1194 1342 1254 habere
1388 1212 1550 1268 quam
1595 1206 1855 1265 matrem,
1902 1208 1958 1254 et

362 1286 655 1343 aiuncu’los
701 1290 870 1358 magis
906 1305 1066 1361 quam
1103 1288 1319 1346 fratres.
1362 1289 1513 1346 Adeo
1558 1304 1664 1347 non
1700 1290 1959 1361 competit

364 1382 587 1436 tentatio
619 1382 945 1451 nativitatis,
979 1398 1137 1453 quam
1177 1383 1375 1440 licebat
1405 1394 1461 1440 et
1496 1384 1615 1439 sine
1650 1385 1872 1455 matris,
1904 1394 1961 1440 et

364 1472 482 1529 sine
524 1472 747 1529 fratrum
791 1476 1159 1532 nominatione
1201 1484 1474 1533 constare.
1527 1476 1761 1534 Facilius
1806 1477 1961 1548 plane

365 1572 478 1630 est,
520 1574 609 1632 ut,
651 1566 785 1622 certi
818 1566 966 1622 illum
1016 1576 1071 1623 et
1108 1559 1333 1624 matrem
1378 1577 1434 1624 et
1481 1568 1674 1625 fratres
1720 1569 1959 1639 habere,

364 1655 701 1713 divinitatem
743 1659 921 1728 potius
952 1661 1275 1716 tentaverint
1317 1660 1472 1731 ejus,
1504 1677 1664 1732 quam
1706 1662 1954 1718 nativita-

2053 473 2193 517 rant.
2226 462 2465 534 Denique
2496 464 2902 534 superveniunt,
2929 470 2984 517 et
3025 462 3156 517 foris
3192 461 3511 527 subsistunt,
3544 475 3647 516 nec

2054 554 2348 618 introeunt,
2373 570 2483 610 non
2512 562 2886 625 computantcs
2924 553 3133 609 scilicet
3173 553 3301 624 quid
3346 553 3489 607 intus
3524 568 3646 623 age-

2063 658 2246 714 retur;
2279 661 2380 703 nec
2421 647 2688 703 sustinent
2727 648 2916 702 saltem
2942 689 2956 712 ,
2990 634 3064 719 (ε)
3108 647 3259 716 quasi
3308 647 3651 703 necessarius

2054 740 2251 810 aliquid
2291 739 2561 796 adferrent
2607 754 2674 796 eo
2702 739 2844 810 quod
2877 738 2968 795 ille
2997 750 3107 794 tum
3146 738 3381 794 maxime
3410 737 3644 810 agebat;

2054 831 2150 889 sed
2178 833 2407 902 amplius
2432 831 2798 901 interpellant,
2825 841 2881 886 et
2908 847 2938 885 a
2971 838 3121 886 tanto
3141 844 3307 900 opere
3335 840 3650 885 revocatum

2056 922 2260 984 volun].
2285 926 2394 984 Oro
2420 933 2473 983 te
2500 968 2516 993 ,
2549 925 2779 997 Apelles,
2811 925 2894 981 vel
2922 933 2999 992 tu,
3031 922 3288 991 Marcion,
3320 923 3398 996 (d)
3428 924 3472 978 si
3514 920 3656 979 forte

2058 1018 2238 1074 talmla
2274 1017 2488 1083 ludens,
2518 1017 2605 1073 vel
2635 1016 2702 1073 de
2747 1016 3134 1082 histrionibus,
3163 1025 3256 1070 aut
3296 1014 3497 1086 aurigis
3523 1029 3655 1070 con-

2060 1112 2305 1178 tendens,
2337 1112 2427 1168 tali
2455 1112 2643 1168 nuntio
2673 1111 3001 1176 avocareris,
3033 1123 3214 1165 nonne
3233 1107 3500 1164 dixisses:
3525 1106 3657 1174 Qua:

2060 1204 2191 1260 mihi
2218 1213 2411 1270 mater,
2441 1213 2534 1259 aut
2554 1204 2643 1275 qni
2676 1201 2907 1259 fratres?
2938 1202 3104 1258 Deum
3137 1200 3436 1271 praedicans
3455 1208 3509 1255 et
3534 1214 3656 1270 pro-

2060 1298 2195 1355 bans
2221 1297 2486 1364 Christus,
2521 1296 2718 1368 Legem
2750 1304 2806 1351 et
2833 1294 3132 1365 Prophetas
3165 1291 3489 1363 adimplens,
3518 1292 3652 1346 tanti

2061 1398 2210 1445 retro
2231 1389 2329 1444 aevi
2353 1388 2637 1459 caliginem
2672 1386 3009 1457 dispargens,
3040 1384 3258 1455 indigne
3289 1397 3419 1438 usus
3444 1391 3528 1438 est
3555 1382 3657 1438 hoc

2063 1483 2209 1540 dicto
2234 1482 2299 1537 ad
2326 1481 2729 1553 percutiendam
2750 1478 3183 1536 incredulitatem
3213 1476 3348 1532 furis
3373 1466 3653 1541 stantium,

2065 1576 2149 1632 vel
2182 1574 2248 1630 ad
2276 1573 2654 1631 excutiendam
2700 1572 3159 1644 importunitatem
3205 1569 3275 1624 ab
3300 1583 3463 1639 opere
3511 1582 3664 1622 revo-

2066 1667 2340 1723 cantium?
2366 1665 2659 1732 Caeterum,-
2694 1664 2760 1720 ad
2805 1662 3102 1736 negandum
3130 1661 3483 1724 nativitatem.
3526 1660 3665 1715 alius

369 1758 514 1805 tem:
547 1766 614 1805 an
642 1750 784 1806 intus
808 1767 994 1832 agens,
1027 1752 1191 1809 sciret
1219 1753 1346 1825 quid
1375 1755 1504 1810 foris
1532 1764 1699 1822 esset,
1730 1755 1956 1812 menda-
1989 1764 2038 1825 B
2066 1760 2405 1817 necessarius
2448 1758 2564 1832 (l5)
2604 1757 2791 1814 fuisset
2827 1766 2882 1813 et
2915 1756 3084 1821 locus,
3111 1763 3168 1810 et
3193 1762 3427 1822 tempus,
3456 1748 3668 1808 ctordo

368 1844 454 1901 cio
486 1844 680 1914 petitus
727 1844 805 1920 (2)
854 1830 1137 1916 praesentia
1183 1845 1265 1920 (5)
1314 1864 1524 1914 eorum,
1573 1849 1666 1920 qui
1714 1850 1768 1905 in
1820 1865 1961 1921 pne-

369 1937 507 1992 senti
558 1935 639 2007 (ιι)
671 1952 778 1993 non
805 1947 958 1994 erant
999 1957 1014 1995 :
1061 1938 1162 1995 nisi
1201 1939 1368 2012 quod.
1422 1940 1526 1996 etsi
1566 1940 1646 2013 (5)
1694 1941 1966 1997 vacuisset

269 2031 276 2040 '
371 2028 454 2102 (6)
495 2032 802 2088 tentationis
854 2033 1125 2104 ingenium
1149 2076 1163 2103 ,
1194 2036 1406 2107 poterat
1455 2035 1703 2101 evenire,
1734 2045 1791 2091 nt
1830 2051 1965 2107 quos

374 2122 451 2179 illi
482 2126 796 2182 nuntiabant
824 2127 952 2183 furis
983 2137 1145 2195 stare,
1177 2129 1253 2202 (a)
1296 2128 1385 2184 ille
1410 2143 1504 2185 eos
1529 2129 1696 2187 sciret
1715 2129 1969 2186 absentes

374 2231 517 2281 esse,
570 2218 648 2272 vel
693 2219 1011 2277 valetudinis
1063 2221 1176 2293 (7),
1224 2222 1306 2276 vel
1348 2222 1571 2293 negotii,
1601 2222 1686 2278 vel
1732 2224 1969 2294 peregri-

376 2310 609 2366 nationis
657 2320 781 2367 nota
823 2311 902 2385 (8)
946 2314 1056 2383 jam
1087 2317 1430 2388 necessitate.
1458 2315 1628 2372 Nemo
1681 2324 1851 2372 tentat
1902 2331 1969 2372 eo

377 2403 573 2471 modo,
603 2420 709 2477 quo
750 2421 908 2477 posse
946 2422 1006 2463 se
1047 2408 1183 2463 sciat
1225 2408 1479 2466 ruborem
1522 2410 1838 2465 tentationis
1886 2426 1972 2467 re-

386 2494 550 2552 ferre.
582 2495 732 2553 Nulla
785 2498 944 2569 igitur
975 2500 1196 2556 materia
1250 2486 1561 2556 tentationis
1591 2511 1967 2571 competente,

382 2585 639 2644 liberatur
708 2589 1024 2660 simplicitas
1089 2592 1411 2647 nuntiatoris
1482 2591 1606 2665 (9),
1653 2594 1796 2664 quod
1848 2610 1974 2650 vere

384 2690 556 2734 mater
582 2690 638 2736 et
666 2679 864 2738 fratres
888 2683 1005 2752 ejus
1033 2683 1498 2753 supervenissent.
1531 2684 1659 2754 Sed,
1690 2700 1811 2757 qua:
1839 2686 1975 2742 ratio

383 2772 684 2841 responsi,
735 2782 959 2829 matrem
1002 2783 1059 2832 et
1100 2773 1294 2832 fratres
1323 2775 1388 2830 ad
1429 2791 1666 2847 praesens
1703 2776 1995 2849 negantis,‘

385 2862 561 2919 discat
590 2865 749 2921 etiam
793 2867 1024 2938 Apelles.
1069 2869 1288 2925 Fratres
1332 2869 1542 2926 Domini
1587 2886 1693 2927 non
1733 2872 1979 2929 credide-

386 2966 506 3013 rant
531 2957 645 3031 (l0)
690 2957 744 3015 in
783 2959 955 3028 illum,
986 2962 1125 3018 sicut
1164 2964 1299 3019 etin
1356 2963 1479 3037 (II)
1519 2965 1807 3038 Evangelio
1851 2976 1979 3024 ante

387 3048 713 3108 Marciouem
759 3053 906 3110 edito
944 3055 1272 3112 continetur.
1315 3056 1486 3113 Mater
1527 3073 1680 3130 :eqne
1728 3075 1834 3115 non
1886 3060 1980 3117 dc-

2014 1898 2017 1901 .
2066 1853 2355 1919 sermonis,
2382 1864 2488 1929 non
2514 1851 2632 1918 ejus
2673 1849 2763 1919 qui
2793 1856 2974 1919 posset
2993 1846 3106 1919 (16)
3129 1845 3462 1917 pronuntiari
3501 1843 3666 1899 etiam

2067 1946 2137 2002 ab
2162 1960 2248 2013 co,
2275 1945 2360 2001 cui
2402 1953 2458 1999 et
2484 1951 2655 1998 mater
2682 1949 2830 1998 esset
2851 1948 2905 1997 et
2944 1937 3137 1995 fratres
3161 1980 3176 2006 ,
3205 1952 3328 1993 cum
3369 1934 3679 2006 indignatio

2068 2045 2319 2109 parentes
2366 2049 2474 2091 non
2521 2041 2715 2105 neget,
2775 2031 2869 2089 sed
2917 2030 3162 2103 objurget
3204 2030 3343 2100 (I7).
3393 2028 3668 2099 Denique,

2073 2128 2309 2199 potiores
2359 2126 2486 2183 fecit
2515 2125 2684 2193 alios,
2719 2133 2776 2181 et
2823 2124 3075 2179 meritum
3114 2114 3440 2193 prmlationis
3484 2127 3671 2175 osten-

2070 2221 2226 2281 dens.
2264 2218 2335 2293 (e)
2377 2217 2705 2275 audientiam
2759 2215 2965 2272 scilicet
2994 2214 3166 2280 verbi,
3208 2212 3545 2269 demonstrat
3566 2225 3673 2281 qua

2073 2310 2381 2367 conditione
2430 2309 2706 2380 negaverit
2752 2316 2982 2362 matrem
3024 2313 3083 2361 et
3120 2303 3336 2360 fratres.
3366 2302 3481 2372 Qua
3527 2303 3675 2357 enim

2074 2404 2210 2458 alios
2234 2402 2334 2458 sibi
2355 2399 2652 2472 adoptavit,
2681 2399 2770 2470 qui
2798 2399 2848 2455 ei
2875 2396 3253 2460 aihrcrebant,
3296 2409 3360 2452 ea
3385 2393 3676 2464 abnegavit

2077 2495 2219 2557 illos,
2263 2494 2353 2565 qui
2381 2493 2449 2548 ab
2478 2508 2544 2547 eo
2586 2490 2936 2547 absistebant.
2969 2488 3119 2544 Solet
3143 2487 3305 2543 etiam
3348 2485 3401 2540 id
3451 2484 3678 2555 implere

2080 2586 2193 2659 (I8)
2220 2585 2464 2641 Christus
2484 2626 2500 2651 ,
2528 2582 2673 2654 quod
2712 2581 2850 2636 alios
2888 2581 3066 2636 docet.
3094 2579 3262 2648 Quale
3306 2591 3435 2649 ergo
3461 2585 3599 2640 erat,
3631 2575 3680 2630 si

2079 2678 2279 2735 docens
2313 2691 2419 2732 non
2451 2676 2580 2731 tanti
2631 2673 2810 2731 facere
2856 2683 3082 2727 matrem
3112 2679 3207 2726 aut
3245 2669 3461 2733 fratres,
3487 2667 3681 2739 quanti

2084 2775 2173 2831 Dei
2201 2774 2443 2840 verbum,
2488 2772 2601 2842 ipsc
2629 2770 2723 2826 Dei
2749 2768 2999 2835 verbum,
3024 2764 3267 2821 nuntiata
3299 2772 3469 2818 matre
3492 2769 3546 2817 ct
3565 2760 3681 2817 fra-

2083 2868 2350 2931 ternitate,
2380 2863 2698 2922 desereret?
2741 2860 2970 2931 Negavit
3006 2859 3195 2941 itaque
3222 2863 3471 2927 parentes
3493 2896 3510 2923 ,
3543 2869 3682 2924 quo-

2083 2961 2242 3019 modo
2265 2960 2447 3017 docuit
2476 2955 2747 3030 negandos
2777 2968 2874 3026 pro
2905 2952 2997 3008 Dei
3018 2965 3203 3023 opere.
3227 2948 3333 3007 Sed
3359 2948 3493 3004 alias
3514 2947 3686 3018 figura

2085 3065 2165 3113 est
2195 3067 2479 3127 synagogas
2511 3051 2564 3106 in
2622 3058 2792 3104 matre
2836 3046 3084 3118 ahjunCta
3116 3041 3257 3117 (I9),
3290 3051 3344 3099 et
3377 3040 3688 3097 Iuda-orum

324 3136 375 3166 ν
391 3151 725 3198 monstratur
748 3143 1042 3202 adhmsisse
1070 3146 1144 3202 illi
1191 3147 1288 3221 (ὁ),
1321 3164 1443 3205 cum
1490 3149 1698 3207 Martha
1733 3161 1788 3207 et
1816 3153 1979 3208 Maria
2009 3152 2054 3215 C
2088 3148 2140 3204 itt
2171 3145 2425 3201 fratribus
2452 3140 2763 3199 incredulis.
2798 3137 2951 3201 Foris
2978 3136 3172 3193 eratin
3210 3133 3317 3189 illis
3346 3131 3546 3198 Israel;
3575 3130 3692 3186 dis-

388 3230 498 3288 alia
533 3233 651 3305 (l2)
686 3235 737 3290 in
787 3239 1114 3319 commercio
1142 3239 1258 3310 ejus
1282 3239 1714 3312 frequententur.
1747 3244 1857 3300 [Ioc
1888 3244 1982 3301 de-

391 3325 556 3396 nique
601 3328 652 3382 in
715 3328 833 3385 loco
881 3343 1103 3402 apparet
1163 3332 1512 3392 incredulitas
1560 3351 1749 3392 eorum
1789 3352 1804 3392 :
1857 3353 1979 3393 eum

392 3416 440 3471 is
469 3419 585 3491 (I5)
630 3419 853 3478 doceret
881 3423 1020 3479 viam
1047 3424 1169 3480 vita-
1192 3466 1208 3490 ,
1236 3443 1359 3483 cum
1390 3427 1483 3482 Dei
1532 3445 1754 3501 regnum
1788 3429 1987 3500 pratdi-

393 3521 556 3579 caret,
582 3529 704 3570 cum
732 3515 1076 3588 languoribus
1101 3526 1156 3575 et
1175 3518 1315 3576 vitiis
1331 3520 1616 3578 medendis
1642 3532 2000 3592 operaretur,

2086 3238 2248 3310 cipuli
2290 3245 2470 3292 autem
2502 3233 2626 3289 novi
2674 3232 2816 3288 intus
2853 3228 3155 3293 audientes,
3200 3233 3257 3281 et
3293 3222 3598 3286 credentes.
3632 3230 3692 3278 et

2088 3330 2421 3388 coltzerentes
2467 3326 2712 3393 Christo,
2765 3322 3060 3378 Ecclesiam
3126 3316 3458 3373 deliuiabant
3526 3311 3691 3385 (20),

2090 3440 2247 3497 quam
2268 3423 2539 3497 'potiorem
2572 3428 2817 3484 matrem,
2847 3424 2904 3471 et
2928 3413 3229 3484 digniorem
3266 3407 3691 3472 fraternitatem,

2092 3526 2340 3579 recusato
2387 3513 2589 3572 carnali
2653 3523 2884 3585 genere,
2925 3505 3254 3577 nuncupavit
3293 3500 3435 3575 (2i).
3484 3498 3693 3557 Eodem

1638 3634 2016 3694 LECTIONES
2051 3628 2463 3693 VARIANTES.

460 3749 532 3871 (ll)
570 3748 850 3825 Adjecimus
869 3751 1015 3802 Pam.
1039 3751 1191 3803 Fratt.
1216 3760 1336 3804 Par.

483 3815 533 3871 2)
556 3811 720 3863 Potius
740 3810 893 3863 Rhen.
915 3812 1066 3865 Seml.

483 3810 533 3865 Ξ)
556 3810 720 3863 Potius
740 3810 893 3863 Rhea.
915 3812 1066 3865 Seml.

483 3873 535 3943 ὃ)
559 3875 867 3943 adnuntiata:
890 3875 1012 3943 add.
1031 3873 1136 3943 Rig.
1172 3886 1285 3930 Ven.

492 3937 535 4001 ι)
568 3937 838 4001 Praesentia
861 3938 965 4001 Rig.
1001 3937 1119 3992 Ven".

486 3991 536 4051 ὅ)
557 3999 638 4049 Sic
662 3999 772 4051 cod.
797 3991 954 4051 Aaob'.

485 4062 538 4113 (si
562 4062 809 4113 Valuisset
826 4062 950 4113 Par.

486 4123 539 4192 ἐξ)
557 4124 857 4192 ){aletudine
877 4123 988 4192 Rig.
1022 4134 1136 4177 Ven.

467 4185 539 4262 (ἓ)
557 4185 826 4262 139%.}???-
857 4185 972 4262 {’99}

467 4247 540 4310 (9)
575 4247 902 4310 Nuntialionis
918 4250 1025 4310 Βία.
1060 4258 1173 4300 Vm.

468 4309 570 4374 (10)
596 4309 1083 4374 Crediderunt-Pam.
1112 4322 1259 4365 Fratt.
1286 4316 1409 4365 Par.

470 4373 572 4440 (ll)
595 4373 657 4440 Et
679 4375 731 4440 in
750 4375 1031 4440 omiu,_Ri9.
1064 4384 1180 4440 lien.

471 4435 575 4504 (l2)
594 4435 796 4489 Marthae
814 4446 865 4490 et
883 4435 1047 4491 Mariae
1064 4437 1176 4490 alite
1202 4437 1307 4504 m'g.
1340 4441 1462 4491 Ven.
1487 4435 1641 4492 Rhea.
1668 4436 1813 4490 seml.

2158 3746 2262 3828 Ωἷνὶ
2285 3742 2670 3828 ,Ξὶἱσοέςμληοθ

2158 3750 2240 3810 (13
2285 3746 2383 3828 ⁷Ηίε
2404 3746 2512 3797 cod.
2538 3746 2670 3807 Agob

2125 3746 2617 3986 .iiggdll‘i‘eges’s'atius
2637 3864 2771 3917 abest
2792 3875 2824 3914 a
2846 3861 2956 3915 cod.
2982 3860 3135 3926 Agob.
3161 3856 3271 3925 nig.
3302 3855 3427 3908 Ven.
3460 3863 3700 3906 necessa—

2125 3948 2198 3986 ιοι·
2218 3949 2245 3986 c
2315 3971 2326 3983 .
2408 3946 2526 3985 rsm.

2096 3948 2198 3988 I'IOI'
2218 3948 2326 3986 coa.
2361 3948 2396 3984 U
2408 3948 2526 3985 I'Sﬂ'l.

2163 3998 2270 4131 liii
2294 3990 2848 4131 iiiiimésméa
2862 4056 3041 4131 esse
3053 4040 3433 4131 £1,031,929}.
3441 4048 3543 4106 ηεσ-
3573 4040 3701 4091 ναε-

2099 4102 2744 4184 αυὶὶόιίε’ᾱιὶῖἁὲῖὀ⁷άᾱῖᾱϋ.
2770 4127 2834 4167 επ
2858 4102 3085 4163 ιειιὲτιεί.
3111 4108 3181 4159 ιιι
3203 4102 3449 4161 υέσνὲιοι.

2165 4185 2269 4247 (18)
2293 4183 2448 4247 Etiam
2471 4170 2920 4247 adimplereﬁeml.

2167 4247 2275 4437 (ἐξ)
2308 4245 2784 4359 araneas.

2193 4373 2246 4424 21
2308 4370 2599 4433 Nuncupant
2621 4363 2775 4418 Rhea.

2193 4324 2275 4433 Ξῗ)
2308 4324 2784 4433 KE'JZ'SEQ’SE'W.’
2801 4357 2953 4415 Sani.
2979 4324 3226 4423 nuncupat
3247 4356 3403 4409 Fran.
3438 4353 3561 4404 Par.
3580 4358 3707 4401 nun-

2025 4417 2081 4478 Ῐ)
2098 4417 2273 4500 ὀιιὸῖιὲ
2288 4417 2433 4486 ῥέἇιῖέ

1776 4536 2344 4601 COMMENTARIUS.

483 4659 561 4734 (a)
585 4659 694 4734 ,1ης
721 4674 806 4734 eos
838 4659 989 4734 sciret
1031 4658 1257 4714 absentes
1277 4674 1410 4734 esse.
1439 4658 1531 4723 De
1561 4663 1732 4713 matre
1773 4665 1828 4713 et
1847 4671 1998 4734 _con-

412 4729 720 4802 sanguineis
747 4729 945 4802 Christi
977 4738 1054 4802 est
1100 4732 1327 4802 qttzestio
1351 4771 1367 4795 ,
1398 4744 1535 4802 quos
1561 4738 1653 4784 aut
1680 4729 1954 4802 sprevisse
1978 4769 1995 4794 ,

414 4798 1150 4873 ant'neglexissedicebmt't
1209 4800 1282 4873 illi
1337 4798 1750 4873 vitilitigatores.
1800 4798 2000 4873 Probat

414 4888 544 4931 vero
574 4871 660 4929 hic
682 4887 747 4929 ex
781 4873 841 4927 Β.
878 4871 1013 4931 Luca
1058 4871 1415 4928 Tertullianus
1457 4871 1904 4928 contumeliosum
1947 4871 2001 4927 in

416 4955 666 5017 parentes
708 4959 977 5017 tmnquam
1005 4942 1202 5012 fuisse,
1226 4943 1321 5000 sed
1348 4958 1563 5015 semper
1595 4941 1917 5014 morigerum
1948 4952 2005 4997 et

418 5015 710 5073 Subditum.
736 5015 812 5071 LE
836 5015 931 5071 Pn.

493 5088 574 5161 (Il)
607 5085 958 5161 Matremque
994 5101 1100 5161 non
1143 5084 1516 5161 demonstratur
1570 5084 1858 5161 ιιάΙιιιξιιὶσδε⁸
1897 5083 2000 5161 illi:

419 5154 563 5217 Illud
586 5167 760 5229 potest
788 5154 1006 5228 intelligi
1030 5156 1100 5229 de
1113 5156 1422 5214 adh-.esione
1443 5166 1699 5229 perpetua
1724 5156 1777 5212 in
1800 5154 2000 5229 Christi

421 5226 770 5287 concic'mihus
793 5271 809 5296 ,
839 5226 1011 5300 (quas
1040 5226 1455 5298 frequentabant
1488 5227 1691 5283 Martha
1730 5235 1786 5300 et
1814 5226 2000 5300 Maria.

423 5301 625 5358 Deinde
640 5300 690 5355 id
714 5299 853 5371 quod
867 5296 1476 5371 sequiturft'n’credulttar
1501 5315 1697 5364 eorum,
1721 5298 1789 5354 ad
1813 5296 2006 5371 fratres

423 5372 658 5439 Domini,
689 5366 794 5426 non
821 5370 889 5427 ad
911 5366 1153 5439 Mariam,
1181 5370 1370 5427 referri
1399 5371 1578 5427 debet.
1601 5366 2007 5425 PAI.—VCII.II-

364 5465 395 5491 υ
423 5438 651 5500 cendnni
679 5453 762 5499 est
784 5441 871 5498 hic
895 5484 909 5506 .
941 5451 999 5511 ut
1027 5443 1348 5513 quandoque
1373 5442 1528 5509 alias,
1558 5441 1880 5513 dormitasse
1907 5438 2006 5513 lto-

424 5532 552 5571 nnm
596 5508 1011 5570 Tertullianum.
1045 5508 1278 5569 'Annon'
1316 5513 1594 5570 enimvero
1634 5511 1852 5568 Christo
1901 5508 2010 5564 filio

423 5586 767 5653 adhmrcbat,
794 5600 912 5656 quae
931 5599 1095 5656 usque
1123 5584 1190 5640 ad
1209 5599 1437 5656 crucem
1467 5583 1799 5656 compatiens
1820 5594 2010 5656 prose-

422 5656 709 5729 qttcbatur.
741 5652 1115 5729 et'postquam
1156 5655 1510 5729 adscenderat
1544 5652 1608 5710 in'
1636 5652 1833 5711 ctelum
1852 5694 1867 5719 ,
1893 5652 2014 5729 ipsa

2103 4669 2205 4725 per
2232 4668 2291 4709 os
2318 4650 2434 4725 ejus
2462 4647 2760 4725 audiverat,
2787 4640 3202 4725 exspectabat}
3234 4637 3401 4725 Atqui
3420 4633 3708 4725 sint

2111 4706 2669 4798 'gn—larcx'Evangelio
2693 4706 2917 4773 Joannis
2965 4710 3288 4798 et_Actibus
3326 4706 3711 4780 Apostolorum

2117 4783 2269 4852 nullo
2298 4792 2513 4865 negotio
2529 4783 2994 4846 demonstramus.
3021 4783 3158 4840 Enn.
3197 4808 3201 4811 Α

2179 4887 2255 4962 (c)
2287 4884 2441 4952 Quali
2466 4885 2774 4962 necessarias
2810 4877 3027 4950 aliquid,
3059 4887 3153 4931 etc.
3188 4871 3522 4929 Necessarias
3554 4867 3711 4934 dixit,

2109 4950 2281 5029 magis
2304 4950 2695 5012 necessarium.
2727 4950 2902 5007 Busa.

2182 5051 2264 5179 (ὁ)
2294 5051 2356 5107 Si
2381 5053 2514 5123 forte
2561 5048 2734 5104 tabula
2775 5046 2977 5101 ludens.
3019 5040 3276 5098 Tabulam
3322 5037 3577 5122 lusoriam
3629 5034 3715 5092 in-

2182 5172 2183 5177 η
2211 5124 2324 5179 iuit.
2352 5136 2446 5177 seu
2489 5117 2923 5175 latrunculariam
2946 5156 2961 5175 .
2990 5116 3170 5179 inqua
3201 5120 3423 5167 tesseris
3449 5116 3506 5164 et
3532 5105 3713 5179 calcu-

2110 5105 2446 5196 teliig’it,_sE:u
2489 5117 2923 5196 latrunculariam
2939 5156 2961 5196 _.
2986 5116 3170 5196 ξυλίνη
3201 5109 3423 5196 tesseris
3449 5116 3506 5196 et
3532 5105 3713 5196 calcu-

2109 5176 2510 5252 lis—ludebam“.
2539 5190 2639 5259 Qui
2668 5188 2902 5245 tabulam
2936 5176 3177 5259 fritillitm
3200 5182 3517 5259 explicant,
3564 5176 3709 5259 forte

2110 5267 2289 5323 minus
2316 5266 2473 5320 bene.
2498 5253 2629 5317 Na'm
2660 5259 2900 5315 fritillum
2924 5258 3015 5313 est
3044 5254 3283 5311 alveolos
3313 5253 3367 5307 itt
3390 5263 3554 5323 quem
3596 5257 3708 5305 tes-

2110 5318 2384 5394 ééii'sén
2420 5318 2541 5389 enbi
2584 5332 2945 5404 conjiciuntur
2997 5318 3705 5404 agitanturque,'ahform_a

2111 5409 2340 5479 oblonga
2369 5394 2817 5479 pyrgus_i_tic'itur,
2843 5394 3152 5479 πύργοςςδὶα
3184 5394 3715 5479 Iioratinntitterein

2111 5460 2354 5603 ﬁgam!“
2371 5460 2524 5603 litigi.
2576 5460 2830 5529 Martialis
2881 5460 3146 5527 alveolum
3217 5466 3361 5521 hunc
3411 5460 3721 5519 tuniculam

2113 5560 2290 5603 νοοειι.
2357 5564 2390 5603 Ε
2499 5585 2513 5598 .

2113 5549 2290 5608 vocat.
2315 5549 2390 5605 Ls
2416 5549 2513 5603 Pa.

2195 5642 2272 5716 (e)
2302 5634 3035 5716 Audientianlscilicetyerbi.
3086 5623 3726 5716 Audlgnﬁﬁjof‘ﬁljl}?

424 5699 2017 5796 3.1.23itaSias'ii;“SasiiaEJiJ'EA'izis'"antistitis;
2122 5699 2214 5796 est
2235 5699 2422 5796 quaet
2449 5708 2807 5796 ususjullitts
2836 5705 3156 5796 (le_S_gnecL
3204 5699 3447 5769 Facilque
3482 5710 3716 5768 rerum

428 5778 1774 5885 ξυζὶῖέτὲκῖὲἑεὶἐιὲζρτόῆιίέἆόῆἑιῖἱᾧέίὲιέῖάὖωῆἡδέα
1795 5778 2018 5868 quoque
2120 5789 2235 5860 ἱρια
2255 5778 2354 5839 ὶίθί
2376 5780 2709 5846 αηάίθηιίαηιο
2733 5789 2826 5835 εισι
2859 5778 2935 5834 ιε
2966 5778 3064 5875 Ριιῇ
