4042 6288
354 204 461 267 773
1665 209 1750 269 DIE)
1778 208 2005 272 CARNE
2043 210 2335 273 CIIRISTI.
2919 210 2925 217 ’
3553 210 3655 277 7M

351 329 485 385 Coro
514 327 680 396 enim,
722 325 915 402 inquit,
946 323 1169 399 inﬁrma.
1195 320 1522 399 Sanguinem
1572 325 1705 382 fudit
1747 337 1957 401 postre~
1989 333 2037 392 Α
2065 330 2327 397 extiterit,
2359 338 2549 386 natura
2577 324 2734 400 nihil,
2770 343 2868 389 nec
2896 328 3243 403 semetipsam
3273 328 3494 400 videns,
3547 349 3656 405 prae

354 439 445 477 mo
481 424 587 495 (I).
628 422 755 479 Haec
801 432 954 487 sunt,
979 424 1199 494 opinor,
1227 424 1375 493 signa
1407 422 1661 479 cmlestia.
1696 424 1799 479 Sed
1826 441 1958 495 quo-

353 515 538 581 tnodo,
594 515 810 586 inquam
846 514 959 588 (2),
989 516 1255 570 contemni
1288 526 1341 570 et
1382 516 1485 586 pati
1516 528 1715 585 posset,
1744 518 1879 573 sicut
1904 528 1958 574 et

354 608 499 674 dixi,
527 609 571 663 si
600 607 726 677 quid
752 608 802 662 itt
831 609 918 662 illa
962 622 1124 663 carne
1152 608 1219 663 de
1247 609 1323 679 (5)
1366 608 1569 664 caelesti
1600 613 1957 679 generositate

274 702 277 703 ⁷
356 699 661 755 radiassct?
693 701 766 754 Ex
801 699 902 755 hoc
955 715 1083 771 ergo
1112 700 1479 755 convincimus
1505 702 1636 756 nihil
1669 705 1717 757 in
1756 704 1844 758 illa
1890 704 1958 759 de

354 795 511 851 (telis
559 795 742 862 fuisse,
777 803 1057 867 propterea
1116 805 1173 849 ut
1215 796 1487 851 contemni
1517 809 1567 853 et
1602 797 1705 866 pati
1754 807 1954 867 posset.

990 885 1221 942 CAPUT
1264 886 1331 942 Χ.

434 979 736 1035 Convertor
783 977 849 1033 ad
904 977 1039 1032 alios
1070 977 1147 1047 (4)
1185 994 1336 1048 atque
1365 978 1466 1033 sibi
1508 973 1817 1048 prudentes,
1869 978 1956 1048 qui

356 1091 577 1131 carnem
610 1074 812 1130 Christi
844 1073 1126 1130 animalem
1152 1073 1442 1139 afﬁrmant,
1468 1074 1608 1145 quod
1631 1074 1807 1129 anima
1832 1089 1957 1129 caro

357 1169 427 1220 sit
459 1166 619 1235 facta,
650 1183 776 1237 ergo
801 1178 851 1223 et
882 1181 1009 1221 caro
1041 1167 1240 1232 anima,
1274 1178 1327 1222 et
1353 1167 1489 1222 sicut
1520 1183 1647 1222 caro
1686 1168 1955 1231 animalis,

358 1262 432 1315 ita
463 1270 517 1316 et
541 1260 717 1316 anima
748 1260 999 1316 carnalis.
1033 1259 1097 1314 Et
1124 1260 1209 1315 hic
1239 1259 1419 1329 itaque
1465 1275 1685 1316 caussas
1718 1260 1954 1329 requiro.

356 1349 441 1418 Si,
475 1362 532 1406 ιιι
563 1350 796 1405 animam
829 1350 1026 1405 salvam
1056 1350 1274 1418 faceret,
1304 1354 1355 1405 in
1387 1352 1676 1421 semetipso
1726 1356 1961 1422 suscepit

358 1445 599 1498 animam
632 1443 900 1510 Christus,
932 1444 1054 1513 quia
1078 1443 1219 1498 salva
1237 1453 1501 1499 nouesset
1522 1444 1620 1498 nisi
1644 1460 1738 1512 per
1761 1445 1954 1514 ipsum,

361 1537 493 1591 dunt
525 1537 577 1590 in
607 1536 758 1605 ipso;
791 1550 898 1589 non
927 1535 1083 1590 video
1114 1520 1210 1589 cur
1235 1551 1353 1591 eam
1379 1552 1597 1591 carnem
1623 1536 1810 1591 fecerit
1843 1538 1957 1590 aui-

359 1628 579 1691 tnalem,
613 1626 885 1697 induendo
915 1640 1158 1690 carnem,
1191 1628 1343 1698 quasi
1373 1628 1528 1683 aliter
1558 1629 1790 1681 animam
1845 1628 1956 1682 sal-

2062 423 2443 493 impcdimento
2469 424 2649 479 carnis
2670 423 2860 494 hujus,
2909 435 2966 479 ut
3018 425 3179 481 etiam
3227 424 3654 496 disceptaretur,

2062 525 2182 570 nata
2211 514 2330 588 (15)
2359 517 2534 571 anima
2561 531 2629 571 an
2656 531 2781 579 non,
2808 517 3049 572 mortalis
3075 532 3141 572 ne
3168 517 3257 585 sit,
3286 535 3352 573 an
3376 533 3482 574 non
3511 516 3652 591 (14).

2063 608 2241 679 Itaque
2266 609 2498 664 animam
2526 624 2721 680 corpus
2751 608 2993 664 elfectam
3020 610 3071 664 itt
3097 608 3333 676 Christo,
3367 620 3424 665 ut
3447 624 3565 667 eam
3603 621 3659 666 et

2060 712 2371 758 nascentem
2400 712 2452 757 et
2479 703 2822 767 morientem,
2857 713 2929 770 et,
2958 702 3099 773 qttod
3141 704 3211 758 sit
3257 704 3516 772 amplius,
3565 720 3654 760 re-

2060 804 2368 863 surgentem
2434 794 2759 850 videremus.
2814 795 2880 849 Et
2952 792 3068 865 (I5)
3118 793 3218 850 hoc
3267 804 3447 850 autem
3499 795 3658 869 quale

2060 896 2175 938 erat
2205 883 2343 957 (16),
2378 895 2434 940 ιιι
2463 901 2559 955 per
2584 901 2806 941 carnem
2841 885 3301 942 demonstraretur
3326 888 3502 942 auitna
3556 887 3656 943 sibi

2060 988 2154 1032 aut
2180 980 2353 1044 nobis,
2386 994 2505 1049 qua:
2535 995 2629 1049 per
2656 994 2870 1034 carnem
2914 996 3019 1033 non
3055 990 3262 1049 poterat
3294 980 3550 1051 agnosci:
3601 988 3658 1034 ιιι

2061 1073 2138 1127 sic
2169 1074 2561 1137 ostenderetur,
2588 1073 2713 1128 dum
2735 1072 2786 1127 id
2822 1074 2900 1140 ﬁt,
2935 1075 3019 1130 cui
3044 1075 3258 1139 latebat,
3292 1074 3342 1129 id
3376 1084 3456 1129 est
3486 1073 3657 1129 caro?

2063 1165 2310 1220 tenebras
2340 1166 2590 1222 videlicet
2637 1168 2877 1238 acct'pil,
2938 1178 2996 1222 ut
3038 1169 3223 1222 lucere
3283 1176 3465 1237 posset
3514 1164 3652 1239 (I7).

2064 1256 2320 1326 Denique,
2351 1256 2527 1312 adhuc
2557 1256 2674 1329 (I8)
2712 1259 2862 1328 prius
2897 1265 3270 1325 retractemus,
3291 1274 3355 1315 an
3376 1259 3477 1315 isto
3495 1259 3658 1312 modo

2062 1347 2392 1402 ostendenda
2432 1348 2592 1404 fuerit
2636 1349 2851 1415 anima,
2901 1364 2968 1403 an
3020 1349 3071 1403 in
3119 1358 3287 1404 totttnt
3335 1349 3655 1404 invisibilent

2063 1441 2838 1511 eatttretroallegent;utrum
2893 1440 3044 1511 quasi
3104 1441 3534 1511 incorporalem,
3588 1457 3658 1497 an

2061 1534 2221 1587 etiam
2256 1535 2537 1589 habentem
2568 1533 2785 1605 aliquod
2815 1549 2985 1604 genus
3031 1535 3275 1602 Corporis
3307 1533 3533 1603 proprii.
3589 1531 3658 1586 Et

2065 1634 2242 1681 tamen
2295 1641 2416 1681 cum
2473 1627 2796 1682 invisibilem
2865 1627 3077 1693 dicant,
3144 1626 3480 1705 corporalem
3537 1640 3657 1681 eam

358 1735 498 1805 thlll.
530 1717 708 1772 facere
747 1733 852 1772 non
884 1727 1092 1786 posset,
1129 1718 1228 1773 nisi
1260 1733 1507 1774 carneatn
1559 1719 1771 1773 lactant.
1818 1718 1952 1773 Ctttn
1985 1733 2032 1791 Β
2060 1718 2413 1784 constituunt,
2444 1717 2729 1797 habentem
2754 1719 2895 1787 quod
2923 1719 3171 1775 invisible
3199 1721 3286 1774 sit.
3341 1720 3479 1775 Nihil
3514 1721 3657 1777 enim

356 1814 506 1869 enim
541 1820 754 1867 nostras
779 1812 986 1866 animas
1015 1827 1120 1865 non
1155 1822 1358 1867 tantum
1403 1829 1508 1869 non
1546 1829 1802 1878 carneas,
1859 1814 1953 1869 sed

356 1907 520 1961 etiam
550 1922 576 1956 a
602 1902 683 1975 (5)
713 1920 873 1960 carne
918 1905 1213 1976 disjunctas
1260 1906 1434 1961 salvas
1483 1918 1728 1977 pratstet;
1758 1918 1956 1979 quanto

357 1997 531 2068 magis
565 1995 738 2060 illaut,
773 2012 933 2066 quam
956 1997 1068 2068 ipse
1095 1998 1353 2068 suscepit,
1378 2000 1540 2053 etiam
1572 2016 1675 2053 non
1705 2015 1953 2054 carneam

358 2089 606 2160 redigere
654 2091 889 2159 potuitin
919 2090 1176 2144 salutem!
1227 2089 1358 2145 Item
1386 2106 1506 2145 cum
1538 2092 1955 2165 pt':c5tttt‘tattl(6)

358 2198 469 2238 non
500 2183 700 2248 carnis,
731 2182 825 2236 sed
869 2183 1063 2237 animae
1111 2192 1307 2239 nostra:
1345 2182 1420 2256 (a)
1448 2185 1615 2239 solius
1666 2186 1958 2241 liberandae

358 2292 551 2332 caussa
577 2278 903 2347 processisse
932 2276 1225 2344 Christum;
1256 2278 1447 2348 primo,
1478 2295 1635 2347 quam
1663 2280 1955 2334 absurdum

359 2380 467 2435 εει,
500 2382 555 2429 ιιι
585 2372 816 2426 animam
867 2371 1037 2427 solam
1068 2373 1411 2437 liberaturus,
1446 2373 1496 2428 id
1518 2389 1688 2444 genus
1716 2374 1959 2445 corporis

359 2479 485 2519 eam
515 2467 728 2530 fecerit,
753 2466 895 2536 quod
930 2483 1035 2520 non
1064 2475 1178 2521 erat
1219 2468 1539 2523 liberaturus
1568 2469 1581 2521 l
1625 2468 1856 2532 Deinde,
1915 2470 1956 2522 si

359 2559 573 2613 animas
601 2569 812 2614 uestras
858 2574 954 2629 per
995 2561 1168 2629 illam,
1219 2577 1377 2631 quam
1424 2562 1668 2631 gestavit,
1730 2561 1960 2617 liberare

359 2662 696 2723 susceperat,
748 2652 893 2707 illam
941 2669 1179 2725 quoque,
1236 2669 1394 2724 quam
1434 2654 1683 2722 gestavit,
1719 2666 1957 2707 nostram

359 2754 607 2815 gestasse
640 2745 920 2806 debuerat.
956 2747 1007 2802 id
1036 2757 1139 2814 est,
1174 2757 1370 2802 nostra:
1417 2746 1624 2814 fornae,
1657 2748 1960 2816 cujuscum-

360 2852 469 2906 que
496 2835 685 2890 l'ormte
709 2848 793 2892 est
822 2839 873 2892 in
905 2838 1117 2893 occulto
1144 2838 1320 2892 anima
1349 2848 1532 2893 nostra
1559 2880 1573 2903 ,
1623 2854 1729 2893 non
1776 2838 1953 2894 tamen

361 2946 594 2986 caruere.
648 2931 939 2999 Caeterum,
974 2950 1080 2988 non
1114 2943 1351 2989 nostram
1404 2934 1635 2988 animant
1691 2934 1955 2999 liberavit,

360 3024 408 3076 si
457 3037 706 3079 carncam
757 3024 971 3091 habuit;
1026 3033 1209 3081 nostra
1256 3026 1398 3081 enim
1448 3040 1642 3081 carnea
1698 3041 1802 3080 non
1853 3035 1954 3081 est.

2062 1809 2265 1863 habens
2296 1808 2595 1874 invisibile,
2635 1811 2903 1880 quomodo
2959 1819 3134 1881 potest
3184 1811 3464 1868 invisibilis
3506 1813 3658 1870 dici?

2060 1900 2164 1956 Sed
2196 1918 2263 1957 tte
2294 1917 2415 1956 esse
2464 1903 2677 1972 quidem
2720 1911 2924 1972 potest,
2985 1904 3085 1959 nisi
3142 1904 3259 1974 (l9)
3305 1905 3507 1961 habens
3562 1921 3658 1977 per

2060 1995 2199 2063 quod
2225 1995 2312 2048 sit.
2342 1994 2475 2049 Cum
2506 2005 2684 2048 autem
2716 1996 2804 2058 sit,
2834 1995 3027 2051 habeat
3074 2011 3295 2053 necesse
3325 2009 3404 2053 est
3429 1994 3654 2069 aliquid,

2062 2104 2156 2158 per
2181 2088 2319 2159 quod
2350 2097 2448 2144 est.
2491 2091 2545 2144 Si
2576 2088 2739 2144 habet
2769 2089 2881 2161 (20)
2910 2090 3108 2161 aliquid
3134 2108 3225 2160 per
3246 2092 3385 2162 quod
3414 2100 3529 2159 est,
3555 2092 3657 2147 hoc

2060 2184 2163 2238 erit
2185 2198 2380 2254 corpus
2405 2183 2540 2253 ejus.
2578 2183 2751 2239 Omne
2780 2185 2920 2254 quod
2964 2195 3066 2248 est,
3100 2178 3299 2255 corpus
3330 2197 3414 2241 est
3441 2186 3526 2240 sui
3558 2201 3657 2256 ge-

2062 2278 2209 2333 neris
2239 2295 2253 2333 ;
2282 2277 2412 2331 nihil
2443 2286 2527 2332 est
2556 2278 2917 2347 incorporale,
2952 2279 3052 2333 nisi
3094 2279 3234 2349 quod
3269 2295 3373 2333 non
3403 2289 3503 2335 est.
3548 2279 3660 2334 Ha-

2064 2372 2221 2426 bcnte
2248 2371 2406 2440 igitur
2430 2370 2606 2425 anima
2658 2370 2925 2425 invisibile
2969 2386 3200 2443 corpus,
3256 2373 3347 2442 qui
3394 2372 3658 2428 visibilem

2063 2479 2179 2518 eam
2209 2463 2384 2518 facere
2408 2473 2738 2533 susceperat,
2773 2465 2953 2534 utique
2976 2463 3187 2535 dignius
3210 2464 3261 2519 id
3286 2465 3408 2534 ejus
3447 2466 3661 2522 visibile

2064 2558 2307 2623 fecisset,
2370 2556 2513 2627 quod
2560 2555 2831 2627 invisibile
2877 2554 3208 2621 habebatur,
3255 2559 3380 2628 quia
3431 2574 3530 2613 nec
3574 2558 3662 2619 hic

2065 2650 2419 2714 mendacium,
2441 2658 2532 2704 aut
2553 2650 2836 2704 inﬁrmitas
2857 2649 2965 2703 Deo
2981 2649 3269 2718 competit:
3294 2649 3659 2716 mendacium,

2064 2741 2107 2796 si
2130 2741 2270 2795 aliud
2301 2742 2557 2809 animant,
2598 2757 2758 2811 quam
2789 2740 2932 2810 quod
2956 2752 3090 2803 erat,
3118 2740 3539 2808 demonstravit;
3579 2743 3662 2799 in-

2065 2833 2320 2897 ﬁrmitas,
2373 2833 2417 2888 si
2465 2833 2516 2887 id
2556 2834 2697 2904 qttod
2731 2845 2848 2887 erat
2893 2832 3265 2889 detnonsware
3321 2850 3427 2890 non
3474 2836 3660 2901 valuit.

2062 2926 2231 2982 Ncnto
2255 2927 2542 2981 ostendere
2574 2926 2760 2981 volens
2788 2925 3058 2981 hominem
3082 2968 3097 2989 ,
3127 2926 3393 2982 cassidem
3417 2938 3509 2983 aut
3537 2943 3662 2998 per-

2069 3032 2259 3073 sonam
2293 3019 2341 3074 ei
2369 3017 2589 3072 inducit.
2635 3017 2745 3071 I-Ioc
2771 3028 2949 3070 autem
3000 3017 3197 3071 factum
3229 3027 3311 3071 est
3336 3019 3563 3084 animm,
3614 3020 3662 3076 si

361 3114 532 3170 Porro
557 3115 600 3171 si
625 3132 728 3171 non
759 3128 994 3174 nostram
1028 3118 1306 3182 liberavit,
1353 3118 1477 3188 quia
1515 3132 1763 3172 carueam
1819 3118 1950 3174 libe-
1985 3124 2030 3187 Ο
2066 3115 2116 3169 in
2163 3128 2323 3169 carne
2382 3112 2500 3183 (21)
2550 3126 2809 3169 conversa
2855 3108 2969 3182 (22)
3016 3110 3247 3165 alienam
3315 3111 3488 3165 induit
3542 3112 3657 3184 (25)

362 3207 665 3279 τανίινΠ),
728 3209 859 3266 nihil
910 3213 983 3265 ad
1036 3226 1133 3265 nos
1183 3209 1298 3283 (8);
1356 3212 1478 3282 quia
1551 3227 1658 3266 non
1722 3222 1958 3269 nostram

362 3299 630 3354 liberavit.
664 3301 770 3357 Sed
802 3317 899 3357 nec
924 3302 1198 3359 liberanda
1226 3313 1360 3368 erat,
1392 3319 1511 3374 qum
1533 3318 1637 3358 non
1675 3313 1792 3359 erat
1832 3320 1960 3361 uos-

363 3401 445 3447 tra
476 3432 493 3458 ,
540 3403 596 3449 ut
632 3393 840 3451 scilicet
876 3393 1109 3463 carnea;
1142 3412 1249 3451 non
1277 3398 1419 3451 enim
1470 3396 1887 3467 periclitabatur,
1915 3401 1961 3453 si

361 3498 472 3538 non
501 3493 616 3540 erat
644 3496 846 3552 nostra,
882 3488 930 3542 id
959 3499 1042 3544 cst
1068 3530 1083 3554 ,
1113 3504 1218 3544 non
1263 3504 1479 3545 carnea.
1523 3489 1629 3547 Sed
1678 3490 1959 3546 liberatam

359 3589 575 3633 constat
601 3579 768 3635 illam.
799 3580 942 3652 Ergo
966 3598 1072 3638 non
1102 3582 1200 3637 fuit
1223 3598 1446 3648 carnea;
1476 3592 1529 3638 et
1560 3583 1657 3638 fuit
1684 3595 1885 3649 nostra,
1916 3585 1961 3640 si

359 3685 426 3726 ea
484 3671 567 3745 (9)
622 3672 718 3729 fuit
745 3691 861 3743 qua:
894 3674 1232 3742 liberaretur,
1263 3678 1512 3747 quoniam
1545 3676 1662 3748 (l0)
1692 3680 1959 3748 periclita-

360 3763 543 3822 batur.
576 3763 691 3821 Jam
721 3781 871 3838 ergo,
895 3767 946 3821 si
977 3767 1155 3821 anima
1189 3784 1292 3821 non
1322 3767 1418 3822 fuit
1441 3770 1672 3824 carnalis
1701 3767 1954 3826 inChris'

366 3866 444 3924 to,
478 3871 580 3913 nec
605 3850 731 3914 caro
761 3869 937 3929 petest
961 3859 1207 3915 animalis
1240 3859 1424 3917 fuisse.
1642 3840 1649 3850 ’

978 3950 1202 4007 CAPUT
1242 3952 1331 4007 XI.

444 4039 550 4097 Sed
595 4043 751 4098 aliam
783 4046 1297 4114 argumentationem
1352 4059 1537 4100 eorum
1585 4047 1959 4111 convenimus,

358 4135 660 4203 exigentes,
694 4150 790 4189 cur
817 4135 1103 4190 animalem
1129 4150 1347 4191 earnem
1376 4137 1653 4193 subeundo
1693 4138 1957 4204 Christus,

356 4226 593 4279 animam
620 4225 890 4281 carnalem
913 4226 1154 4282 videatur
1180 4227 1451 4283 habuisse.
1481 4229 1622 4283 Deus
1658 4231 1825 4297 enim,
1881 4232 1960 4283 in—

357 4317 552 4388 quiunt
581 4319 719 4389 (11),
748 4320 1092 4392 εθειίνὶιμ2)
1120 4321 1350 4375 animam
1375 4323 1632 4379 visibilem
1659 4323 1964 4380 hominibus

359 4407 643 4478 exhibere,
672 4410 924 4485 faciendo
950 4429 1067 4468 eam
1094 4429 1311 4483 corpus,
1343 4430 1459 4486 quae
1502 4426 1647 4470 retro
1680 4415 1962 4472 invisibilis

2068 3208 2426 3277 superﬁciem.
2470 3205 2576 3261 Sed
2605 3215 2660 3261 et
2689 3206 2732 3259 si
2765 3205 3120 3273 incorporalis
3144 3206 3319 3259 anima
3350 3205 3660 3277 deputetur,

2066 3308 2121 3352 ut
2147 3299 2320 3369 aliqua
2354 3299 2400 3351 vi
2430 3297 2657 3352 rationis
2705 3296 2913 3351 occulta
2955 3295 3025 3351 sit
3055 3296 3271 3366 quidem
3302 3298 3504 3364 anima,
3533 3311 3660 3352 cor-

2067 3408 2163 3464 pus
2191 3402 2366 3446 tatnen
2403 3406 2510 3446 non
2556 3390 2644 3455 sit,
2674 3388 2928 3460 quidquid
2955 3396 3039 3443 est
3058 3390 3264 3454 anima;
3296 3391 3520 3459 proinde
3556 3391 3660 3445 im-

2067 3484 2320 3555 possibile
2336 3484 2445 3537 Deo
2475 3496 2579 3537 non
2597 3491 2733 3548 erat,
2758 3491 2810 3536 et
2834 3482 3109 3551 proposito
3131 3482 3244 3551 ejus
3272 3482 3657 3551 congruentius

2065 3576 2420 3645 competebat,
2469 3560 2602 3629 nova
2646 3573 2822 3644 aliqua
2875 3574 3116 3643 corporis
3162 3575 3341 3643 Specie
3395 3590 3513 3630 eam
3566 3576 3666 3632 deo

2067 3678 2386 3736 monstrare,
2411 3684 2568 3739 quam
2599 3670 2696 3722 ista
2734 3671 3007 3723 communi
3042 3670 3304 3737 omnium,
3337 3669 3559 3726 alterius
3584 3670 3663 3743 (li)

2060 3765 2168 3833 jam
2211 3762 2444 3826 notitiae;
2498 3775 2564 3815 ne
2609 3761 2729 3816 sine
2773 3773 2960 3815 caussa
2994 3759 3346 3816 visibilemex
3401 3761 3661 3819 invisibili

2067 3854 2240 3909 facere
2283 3852 2529 3922 gestisset
2568 3852 2835 3916 animam,
2882 3852 2995 3905 istis
3041 3852 3244 3907 scilicet
3274 3854 3666 3923 quaestionibus

2064 3955 2442 4015 opportunam,
2465 3957 2559 4013 per
2583 3943 2759 3997 earnis
2786 3944 2835 3994 in
2866 3942 3008 3996 illaut
3033 3942 3145 4013 (24)
3181 3945 3429 3998 humana:
3476 3944 3666 4001 defen-

2065 4038 2293 4092 sionem.
2330 4035 2434 4091 Sed
2467 4051 2572 4088 non
2605 4043 2812 4104 poterat
2836 4033 3085 4089 Christus
3115 4034 3258 4090 inter
3282 4035 3527 4092 homines
3562 4038 3665 4094 nisi

2067 4131 2228 4186 homo
2253 4130 2441 4183 videri.
2471 4127 2657 4182 Redde
2699 4126 2858 4196 igitur
2901 4126 3118 4182 Christo
3164 4128 3325 4184 tidem
3373 4147 3565 4192 suam;
3605 4141 3664 4189 ut

2065 4224 2153 4292 qui
2195 4222 2355 4276 homo
2392 4220 2617 4275 voluerit
2644 4218 2916 4284 incedere,
2949 4219 3183 4273 animam
3211 4236 3427 4292 quoque
3471 4222 3666 4279 huma-

2067 4331 2148 4370 na:
2178 4314 2501 4370 conditionis
2526 4310 2839 4378 ostenderit,
2877 4328 2987 4366 non
3018 4311 3221 4368 faciens
3246 4329 3363 4369 eam
3388 4330 3660 4386 carneatn,

2067 4408 2159 4464 sed
2193 4408 2418 4463 induens
2449 4421 2565 4460 eam
2597 4419 2780 4459 carne.

1597 4550 1974 4611 LECTIONES
2017 4543 2418 4605 VARIANTES.

454 4659 505 4731 1)
526 4660 785 4731 Ροειῖιξιιιο
803 4661 925 4731 fudit
941 4664 1048 4731 cod.
1072 4666 1220 4731 Agob.

448 4723 500 4795 ἓὶ
526 4723 738 4795 aquilis
753 4727 864 4795 00:1:
882 4726 1035 4795 4909-

449 4787 500 4848 3)
527 4785 775 4848 De'omiu.
800 4785 951 4839 Rhea".
973 4789 1121 4841 Semt.

449 4970 503 5046 ρ)
529 4971 796 5046 ξιτιιειιηιειι
812 4976 966 5046 Ιίιιεριἶ
992 4974 1144 5046 Seml.
1169 4975 1364 5046 Qberlh.

448 5034 489 5101 7‘
527 5035 653 5094 Quia
665 5051 894 5087 eameam
917 5039 1145 5091 liberavit
1163 5041 1332 5092 absunt
1352 5055 1383 5090 a
1404 5040 1556 5093 Rhea.

448 5044 503 5162 β)
527 5096 714 5162 Caroea
736 5113 833 5157 non
856 5110 949 5162 est,
968 5101 1085 5153 add.
1111 5098 1262 5155 Rhea.

451 5138 504 5222 53
968 5138 1085 5153 ην·

450 5217 535 5271 101
559 5220 809 5271 Quomodo
830 5221 933 5271 “ﬁt

460 5408 537 5473 l3)
564 5408 647 5460 list
667 5412 788 5461 add.
806 5408 958 5463 Rhea.

1980 4673 2034 4733 D
2116 4664 2227 4733 ,(14)
2253 4661 2466 4733 Mortalis
2482 4674 2554 4732 ,ηε
2578 4663 2643 4733 sit
2667 4676 2827 4714 annon
2848 4664 3019 4716 absunt
3042 4678 3074 4715 a
3103 4665 3263 4718 Vatia.
3286 4664 3431 4718 codd.
3458 4674 3504 4718 et
3521 4666 3600 4719 ed.
3618 4668 3666 4725 1,

2064 4723 2218 4781 Rhea.
2240 4723 2409 4790 abjirit
2429 4723 2575 4775 etiam
2603 4727 2726 4777 Jun.

2155 4791 2224 4853 15)
2256 4785 2499 4853 Rhea.
2525 4791 2648 4839 Par.
2675 4793 2818 4839 Pam.

2158 4851 2228 4914 lb’)
2256 4852 2365 4901 Erit
2386 4852 2534 4900 Rhea.
2560 4853 2706 4914 Pma.
2734 4851 2883 4902 Seml.

2156 4912 2231 4974 I7)
2257 4914 2417 4962 Possit
2438 4914 2580 4974 Pam.
2610 4912 2757 4965 Rhea.
2787 4912 2940 4964 Seml.

2156 4971 2230 5040 l8)
2254 4977 2329 5040 {id
2348 4971 2613 5040 been/tea.
2633 4974 2783 5028 Sciat.
2804 4975 3003 5027 Oberth.

2126 5036 2228 5103 (19)
2259 5036 2507 5103 ᾗίὴὶιαιὶξ.

2150 5097 2231 5166 20)
2258 5101 2418 5166 liabet
2441 5100 2574 5166 abest.
2589 5112 2621 5148 α
2641 5099 2793 5151 Rhea.
2820 5097 2971 5151 Seatl.

2155 5166 2180 5211 2
2193 5160 2235 5224 1)
2261 5164 2467 5212 Carnem
2489 5160 2590 5210 alii.

2152 5220 2231 5286 2:2)
2250 5226 2543 5274 Conversam
2567 5226 2708 5273 Pam.
2736 5220 2887 5274 Rhea.
2916 5222 3069 5273 Seatl.

2152 5290 2231 5346 25)
2258 5286 2422 5336 Induis
2436 5288 2580 5335 Pam.

2150 5344 2226 5415 at)
2260 5350 2311 5398 In
2337 5348 2465 5398 illam
2486 5348 2652 5398 alterm
2668 5359 2699 5395 (ι
2717 5347 2826 5397 cod.
2854 5344 3053 5397 Pitha'i.

1727 5497 2285 5556 COMMENTARIUS.

432 5610 662 5670 CAPUT
707 5611 776 5667 Χ.
804 5612 970 5686 -_(a)
1016 5612 1131 5669 Non
1178 5615 1366 5686 curitis,
1397 5614 1486 5669 sed
1524 5615 1708 5669 anintw
1746 5626 1949 5671 nostra.

354 5682 631 5771 ιίξοεεψξε
658 5682 959 5771 exemplar
984 5684 1309 5771 ,Asoltardt.
1339 5684 1521 5771 Itaque
1547 5703 1654 5771 re
1701 5686 1954 5771 (icit'cel’s

364 5763 558 5847 agetur
588 5764 793 5817 tantum
824 5768 946 5814 cum
969 5755 1239 5819 codicibus
1265 5755 1446 5821 Ursini
1465 5766 1518 5817 et
1546 5757 1753 5821 Pithaei.
1780 5755 1900 5823 lite.

2129 5616 2355 5701 CAPth
2378 5617 2468 5674 XI.
2491 5617 2652 5701 --“(h)
2675 5616 2914 5676 Alterius.
2940 5614 3159 5675 Alterius
3183 5616 3337 5689 dixit,
3372 5635 3468 5692 pro
3498 5624 3655 5701 alius,

2058 5688 2112 5745 id
2143 5700 2222 5747 est
2254 5691 2496 5748 diversa).
2544 5688 2787 5749 lquaA-N.

3857 2248 3931 2306 1713
3938 2270 3963 2307 fl
