4042 6288
496 236 605 294 778

1121 349 1349 409 CAPUT
1391 346 1508 405 XII.

572 444 797 502 Ostensa
828 444 897 499 sit
919 457 1061 500 nunc
1086 443 1264 498 anima
1308 458 1404 513 per
1427 454 1645 498 carnem
1668 481 1682 507 ,
1721 440 1767 496 si
1794 439 2099 496 constiterit

498 537 642 593 illam
659 535 1040 593 ostendendam
1054 548 1269 606 quoquo
1285 533 1445 589 modo
1460 533 1508 603 (l
1522 531 1540 604 )
1556 532 1739 599 fuisse,
1752 531 1802 586 id
1817 539 1901 588 est
1919 530 1992 602 (α)
2013 532 2096 585 ἰη-

497 629 765 700 cognitam
791 627 892 682 sibi
937 635 992 682 et
1032 627 1208 682 nobis.
1251 625 1586 694 Quamquam
1624 623 1676 677 in
1698 623 1802 678 hoc
1819 638 1956 677 vana
1981 621 2089 691 dis-

498 720 687 777 tinctio
737 729 857 785 est;
894 719 1045 791 quasi
1084 732 1182 774 nos
1203 732 1446 773 seorsum
1475 716 1545 771 ab
1571 715 1755 771 anima
1790 715 1983 782 simus,
2016 713 2097 785 (ὁ)

498 828 625 869 cum
658 822 850 877 totum,
900 811 1042 882 quod
1092 825 1300 873 sumus,
1347 809 1522 865 anima
1566 809 1658 865 sit.
1701 809 1939 879 Denique
1981 807 2099 864 sine

496 906 674 962 anima
698 905 1057 971 nihilsntnus,
1092 920 1158 959 ne
1181 902 1415 958 hominis
1436 901 1671 972 quidem,
1706 901 1800 956 sed
1821 900 2099 957 cadaveris

498 1012 719 1053 nomen.
748 997 821 1067 (c)
847 997 903 1052 Si
935 1011 1065 1067 ergo
1089 997 1396 1066 ignoramus
1425 994 1657 1049 animam
1678 1035 1692 1058 ,
1722 993 1834 1064 ipsa
1862 1008 1923 1050 se
1951 993 2099 1063 igno-

500 1098 602 1144 rat.
638 1089 821 1161 Itaque
850 1088 929 1162 (‘2)
957 1099 1205 1158 superest
1251 1088 1353 1143 hoc
1389 1087 1732 1144 solummodo
1787 1087 2056 1156 inspicere
2078 1127 2093 1151 ,

496 1194 565 1235 an
581 1195 642 1236 se
660 1180 835 1234 anima
863 1179 949 1235 hic
963 1179 1041 1251 (‘5)
1068 1179 1347 1255 ignorarit,
1363 1188 1420 1234 ιιι
1446 1188 1569 1233 nota
1594 1193 1805 1249 quoquo
1829 1178 1906 1249 (ιι)
1938 1178 2097 1233 ιιιοιΙο

497 1272 668 1326 lleret.
700 1270 940 1340 Opinor,
982 1270 1249 1325 sensualis
1301 1279 1385 1325 est
1435 1273 1627 1324 anima:
1670 1280 1880 1323 natura.
1922 1268 2093 1335 Adeo,

440 1359 463 1417 7
496 1362 628 1416 nihil
655 1362 889 1417 animale
919 1361 1035 1417 sine
1065 1377 1260 1427 sensu;
1297 1361 1426 1415 nihil
1454 1361 1700 1416 sensuale
1736 1363 1852 1417 sine
1892 1361 2092 1416 anima.

498 1454 564 1510 Et
596 1464 651 1510 ιιι
682 1454 997 1525 impressius
1031 1452 1111 1526 (5)
1134 1454 1397 1521 dixerim,
1446 1455 1638 1526 Mla!
1683 1454 1858 1508 anima
1903 1468 2095 1510 sensus

496 1555 616 1619 e_st;
638 1546 802 1619 Igitur
847 1561 971 1603 cum
1016 1546 1265 1602 omnibus
1302 1546 1479 1600 anima
1520 1545 1722 1601 sentire
1758 1554 2006 1615 praestet,
2042 1554 2097 1601 et

496 1638 613 1709 ipsa
644 1638 845 1695 sentiat
870 1638 1109 1693 omnium
1136 1638 1298 1694 etiam
1321 1653 1535 1699 sensus.
1567 1639 1647 1709 (ά)
1680 1633 1878 1699 nedum
1923 1638 2094 1708 quali-

428 1606 616 1621 —-

493 1740 655 1797 tates,
702 1733 790 1803 qui
824 1732 906 1804 (6)
945 1731 1237 1788 verisimile
1271 1741 1384 1799 est,
1424 1740 1480 1787 ut
1518 1731 1631 1802 ipsa
1671 1746 1890 1788 sensum
1914 1732 1995 1787 sui
2024 1732 2092 1788 ab
2126 1745 2171 1805 Β

493 1824 648 1881 initio
685 1824 874 1880 sortita
893 1840 998 1880 non
1028 1824 1135 1879 sit?
1166 1823 1317 1880 Unde
1345 1825 1440 1891 illi,
1472 1825 1611 1881 scire
1638 1829 1784 1895 quod
1825 1824 2092 1881 interdum

493 1916 597 1972 sibi
636 1917 706 1971 sit
751 1917 1138 1982 necessarium,
1165 1934 1234 1973 ex
1278 1917 1598 1973 naturalium
1624 1918 1703 1991 (7)
1747 1919 2088 1991 necessitate,

494 2011 670 2066 sinon
712 2010 814 2065 scit
850 2026 1000 2065 suam
1039 2010 1372 2079 qualitatem,
1414 2011 1498 2065 cui
1544 2010 1673 2082 quid
1726 1986 2090 2067 ue'cessarium

491 2101 759 2158 est?lloc
806 2101 1022 2173 quidem
1053 2103 1103 2156 in
1130 2102 1275 2156 omni
1324 2100 1505 2157 anima
1546 2116 1932 2173 recognoscere
1971 2110 2089 2168 est;

495 2196 739 2251 notitiam
786 2196 869 2251 sui
909 2195 1062 2261 dico;
1093 2196 1209 2251 sine
1236 2212 1339 2267 qua
1374 2196 1559 2251 notitia
1606 2196 1688 2251 sui
1725 2196 1869 2251 nulla
1913 2197 2089 2253 anima

494 2304 555 2345 se
584 2288 664 2360 (8)
702 2288 1009 2343 ministrare
1037 2287 1318 2357 potuisset.
1352 2288 1486 2343 Puto
1512 2295 1691 2343 autem
1718 2287 1886 2358 magis
1915 2287 2091 2343 homi-

494 2397 640 2448 nem,
672 2380 868 2437 animal
925 2380 1098 2435 solum
1131 2379 1414 2446 rationale,
1444 2388 1747 2449 compotem
1772 2388 1827 2434 et
1854 2380 2086 2435 animam

492 2486 616 2528 esse
671 2473 944 2537 sortitum,
994 2486 1112 2541 qua:
1171 2471 1322 2525 illum
1374 2470 1502 2525 facit
1553 2469 1632 2542 (9)
1682 2471 1875 2525 animal
1920 2472 2086 2527 ratio-

494 2564 636 2632 nale,
666 2564 778 2635 ipsa
806 2564 857 2618 in
893 2563 1077 2634 primis
1128 2561 1421 2618 rationalis.
1458 2561 1650 2630 Porro,
1681 2563 1950 2633 quomodo
1994 2580 2082 2619 ra-

493 2657 728 2722 tionalis,
760 2672 878 2725 qua:
918 2656 1083 2712 efﬁcit
1132 2654 1406 2711 hominem
1465 2655 1723 2709 rationale
1771 2656 1989 2721 animal,
2041 2656 2085 2712 si

489 2747 603 2819 ipsa
648 2748 909 2803 rationem
967 2761 1117 2801 suam
1166 2747 1356 2814 nescit,
1391 2746 1642 2818 ignorans
1692 2748 2085 2818 semetipsam?

486 2838 596 2897 Sed
622 2838 761 2896 adeo
796 2855 901 2894 non
941 2838 1168 2910 ignorat,
1198 2847 1258 2893 ut
1285 2849 1561 2894 auctorem
1583 2880 1599 2906 ,
1628 2846 1683 2894 et
1710 2838 1998 2907 arbitrum,
2030 2848 2087 2897 et

487 2938 683 2986 statum
736 2945 894 2987 suum
948 2930 1113 2986 norit.
1172 2929 1311 2985 Nihil
1363 2929 1538 2986 adlmc
1582 2930 1650 2986 de
1708 2931 1817 2987 Deo
1844 2932 2081 3000 discens,

487 3023 654 3080 Deum
684 3022 923 3078 nominat
965 3040 981 3079 :
1037 3021 1171 3077 nihil
1218 3022 1393 3077 adhuc
1421 3022 1490 3077 de
1510 3021 1713 3092 judicio
1739 3022 1855 3093 ejus
1883 3024 2080 3079 admit-

1905 231 2367 292 TERTULLIANI
2396 216 2413 229 '

2129 350 2179 409 A
2217 346 2383 404 Filius
2430 345 2525 403 Dei
2568 345 2867 413 descendit,
2897 354 2952 405 et
2977 346 3209 405 animam
3237 348 3429 416 subiit;
3458 365 3562 406 non
3589 360 3646 408 ut
3672 352 3769 426 ipsa

3681 237 3773 293 776

2202 454 2263 495 se
2305 440 2483 495 anima
2527 439 3233 511 cognoscerctianristo,
3280 441 3369 497 sed
3420 448 3479 497 ut
3525 443 3770 499 Christum

2203 534 2255 589 in
2321 533 2649 604 semetipsa;
2696 550 2799 590 non
2857 535 3000 591 enim
3037 550 3097 592 se
3161 536 3453 606 ignorando
3502 536 3569 594 de
3620 539 3772 595 salu'e

2203 626 2583 696 periclitatur,
2657 626 2753 683 sed
2819 625 2912 681 Dei
2992 625 3244 682 Verbum.
3347 624 3501 695 Vita,
3581 629 3769 698 inquit,

2205 717 2257 792 (ι
2280 718 2439 775 Joan.
2464 717 2518 785 I,
2548 717 2606 786 Ξ)
2634 720 2958 791 manifestata
2986 729 3084 783 est;
3117 736 3221 774 non
3248 719 3444 784 anima.
3472 728 3563 774 etc.
3588 735 3609 777 :
3642 718 3768 788 chi,

2200 810 2364 882 inquit
2390 809 2548 877 (Luc.
2570 809 2645 865 IX
2658 852 2672 877 ,
2689 808 2804 884 56),
2820 811 3042 866 animum
3064 811 3257 866 salvam
3273 811 3441 882 facere
3464 826 3478 864 :
3508 827 3610 867 non
3634 812 3769 879 dixit,

2201 895 2481 969 ostendere.
2514 902 2895 976 Ignorabatnns
2926 902 3180 958 nimirum
3205 903 3463 967 animam,
3510 901 3631 958 licet
3656 903 3772 958 invi-

2200 993 2437 1063 sibilem,
2467 996 2612 1051 nasci
2639 1005 2692 1050 et
2719 996 2877 1061 mori,
2912 995 3010 1049 nisi
3030 994 3383 1065 corporaliter
3432 994 3767 1052 exhiberetur.
3818 982 3823 987 ’

2200 1085 2568 1158 lgnoravimus
2589 1088 2747 1158 plane
2768 1095 3189 1143 resurrecturam
3211 1102 3333 1144 cum
3354 1102 3537 1143 carne.
3562 1087 3667 1143 Hoc
3684 1093 3771 1145 crit

2199 1179 2341 1256 quod
2361 1176 2606 1237 Christus
2639 1180 3025 1249 manifestavit.
3037 1181 3140 1236 Sed
3153 1190 3207 1237 et
3226 1181 3326 1238 huc
3341 1198 3448 1237 non
3466 1184 3616 1239 aliter
3637 1184 3683 1238 in
3700 1199 3766 1249 se,

2199 1285 2359 1341 quam
2375 1271 2424 1325 in
2441 1270 2644 1327 Lazaro
2664 1272 2860 1343 aliquo,
2885 1271 3038 1342 cujus
3051 1287 3178 1328 caro
3195 1289 3300 1328 non
3314 1284 3429 1330 erat
3446 1276 3696 1342 animalis,
3710 1275 3767 1329 ita

2200 1376 2299 1416 nec
2326 1363 2505 1418 anima
2529 1363 2780 1419 carnalis.
2811 1362 2950 1432 Quid
2980 1378 3107 1435 ergo
3130 1364 3362 1435 amplius
3389 1364 3615 1422 innotuit
3638 1367 3766 1423 nobis

2199 1452 2266 1508 de
2285 1453 2479 1510 anima:
2506 1455 2761 1526 ignorata:
2780 1464 2925 1511 retro
2947 1454 3337 1526 dispositione?
3376 1459 3513 1526 Quid
3536 1459 3767 1515 invisibile

2197 1545 2314 1617 ejus
2355 1547 2467 1614 fuit,
2498 1546 2641 1618 quod
2669 1546 3030 1604 visibilitatem
3059 1562 3154 1618 per
3178 1563 3397 1608 carnem
3423 1550 3764 1607 desideraret?

2793 1680 3023 1739 CAPUT
3065 1681 3201 1738 XIII.

2269 1817 2411 1873 Caro
2431 1816 2569 1874 facta
2600 1828 2685 1875 est
2709 1819 2910 1889 anima,
2936 1830 2992 1876 ut
3012 1821 3189 1877 anima
3214 1822 3612 1882 ostenderetur.
3629 1824 3768 1881 Nunt-

2197 1910 2324 1980 quid
2354 1926 2483 1982 ergo
2511 1920 2566 1967 et
2594 1927 2724 1967 caro
2776 1913 2952 1969 anima
3005 1912 3142 1970 facta
3170 1922 3275 1989 est,
3298 1924 3357 1971 ut
3380 1931 3516 1973 caro
3542 1918 3767 1974 manifes-

2197 2004 2442 2058 taretnr?
2466 2003 2522 2060 Si
2551 2018 2678 2059 caro
2722 2004 2900 2060 anima
2928 2015 3031 2072 est,
3056 2006 3166 2076 jam
3198 2023 3305 2063 non
3345 2010 3528 2065 anima
3566 2020 3662 2075 est,
3689 2008 3767 2064 sed

2195 2108 2342 2150 caro.
2389 2094 2443 2150 Si
2471 2096 2647 2150 anima
2678 2111 2805 2151 caro
2828 2106 2931 2163 est,
2960 2097 3071 2168 jatn
3105 2114 3211 2154 non
3239 2114 3366 2156 caro
3386 2112 3494 2169 est,
3541 2102 3631 2157 sed
3667 2102 3764 2154 ani-

2194 2205 2303 2244 ma.
2336 2188 2385 2261 (Ι
2398 2188 2417 2260 )
2460 2189 2560 2247 Ubi
2591 2205 2720 2262 ergo
2745 2206 2893 2255 caro,
2922 2200 2978 2247 et
3016 2193 3104 2249 ubi
3137 2193 3315 2249 anima
3342 2205 3450 2263 est,
3479 2195 3764 2251 alterutrum

2192 2279 2331 2337 facta
2356 2292 2458 2338 est.
2507 2282 2623 2338 Iino
2645 2283 2688 2337 si
2707 2292 2954 2339 neutrum
2983 2296 3126 2350 sunt,
3157 2285 3284 2342 dum
3313 2290 3628 2345 alterutrum
3653 2288 3763 2343 alte-

2193 2390 2311 2429 rum
2363 2376 2517 2443 linnt,
2568 2386 2720 2432 certe
2766 2379 3256 2448 perversissimam,
3289 2389 3347 2435 ιιι
3369 2396 3587 2436 carnem
3614 2382 3765 2437 uenti-

2193 2476 2408 2535 nantes,
2434 2468 2669 2523 animam
2698 2469 3083 2541 intelligamus,
3131 2480 3185 2527 et
3209 2473 3449 2528 animam
3481 2474 3763 2545 signiﬁcan-

2193 2569 2300 2626 tes,
2332 2575 2550 2615 carnem
2609 2561 3044 2631 interpretemur.
3104 2562 3292 2619 Omnia
3344 2566 3764 2635 periclitabantur

2188 2651 2344 2706 aliter
2370 2650 2541 2721 accipi
2568 2666 2726 2722 quam
2750 2661 2906 2719 stntt,
2936 2661 2993 2709 et
3019 2655 3269 2711 amittere
3297 2657 3442 2727 quod
3482 2666 3623 2726 sunt,
3654 2658 3762 2713 dum

2190 2744 2348 2799 aliter
2374 2744 2731 2815 accipiuntur,
2760 2745 2804 2800 si
2832 2744 2992 2801 aliter
3015 2762 3174 2818 quam
3222 2758 3367 2816 sunt,
3399 2750 3763 2823 cognominan-

2190 2847 2295 2893 tur.
2330 2836 2492 2894 Fides
2524 2837 2826 2906 nominum,
2856 2842 3017 2896 salus
3046 2852 3129 2897 est
3155 2843 3565 2923 proprietatum.
3612 2843 3761 2900 Etiam
3784 2871 3798 2879 ο

2187 2946 2308 2987 cum
2331 2931 2679 2987 demittantur
2708 2932 2993 3003 qualitates
3014 2975 3030 3003 ,
3074 2936 3348 3007 accipiunt
3402 2939 3761 2996 vocabulorum

2189 3024 2575 3095 possessiones.
2614 3024 2773 3082 Verbi
2801 3031 2992 3098 gratia,
3033 3030 3221 3102 argilla
3258 3044 3482 3089 excocta
3516 3044 3659 3091 testa:
3685 3050 3761 3086 vu-

488 3128 624 3182 tens,
681 3117 791 3173 Deo
842 3115 1222 3173 commendare
1269 3130 1329 3171 se
1380 3115 1511 3172 dicit
1539 3114 1677 3188 (I0).
1720 3116 1859 3172 Nihil
1915 3118 2083 3190 magis
2110 3137 2155 3200 ρ
2187 3118 2435 3174 cabulum
2466 3119 2718 3192 suscipit;
2762 3136 2862 3177 nec
2904 3125 3269 3181 communicat
3305 3140 3430 3182 cum
3481 3128 3598 3201 (l2)
3628 3140 3762 3183 voca-

484 3208 731 3276 audiens,
762 3224 922 3279 quant
968 3222 1118 3279 spem
1178 3207 1377 3262 nullam
1425 3222 1545 3262 esse
1574 3218 1700 3278 post
1725 3219 1973 3277 mortem,
2008 3211 2080 3283 (ε)

484 3310 541 3356 et
570 3301 708 3357 bene
734 3310 788 3355 et
813 3299 954 3355 male
981 3299 1236 3355 defuncto
1261 3299 1456 3370 cuique
1482 3299 1827 3370 imprecatnr.
1856 3302 2078 3361 Plenius

472 3392 601 3450 'Inec
627 3395 969 3464 prosequitur
1015 3393 1224 3448 libellus
1269 3408 1428 3464 quem
1482 3394 1799 3464 scripsimus
1828 3395 1892 3449 de
1924 3394 2085 3452 Testi-

484 3487 657 3542 monia
685 3487 896 3542 animat.
935 3486 1206 3557 Ali0quin,
1238 3486 1283 3540 si
1313 3485 1490 3541 anima
1536 3489 1884 3559 semetipsum
1934 3491 2083 3562 igno-

482 3596 611 3637 rans
637 3588 756 3636 erat
791 3579 861 3635 ab
890 3579 1076 3646 initio,
1125 3577 1259 3634 nihil
1311 3593 1342 3633 a
1386 3578 1599 3635 Christo
1626 3582 1943 3650 cognovisse
1984 3583 2084 3639 de-

482 3673 710 3740 buerat,
739 3670 839 3725 nisi
866 3669 1038 3742 qualis
1079 3678 1243 3726 esset.
1290 3669 1443 3727 Nunc
1486 3681 1663 3726 autem
1705 3687 1811 3727 non
1848 3672 2083 3744 efﬁgiem

480 3780 633 3824 suam
686 3764 844 3823 discit
871 3763 989 3838 (ll)
1028 3779 1056 3821 a
1091 3761 1327 3833 Christo,
1357 3765 1453 3823 sed
1501 3765 1748 3824 salutem.
1793 3766 2080 3840 Propterea

2191 3211 2314 3267 hulo
2369 3213 2575 3283 pristini
2627 3216 2862 3285 generis,
2910 3217 3034 3287 quia
3082 3234 3187 3274 nec
3229 3234 3349 3275 cum
3405 3223 3525 3293 ipso
3567 3237 3757 3293 genere.

2190 3303 2420 3360 Proinde
2440 3316 2495 3360 et
2514 3306 2693 3362 anima
2735 3306 2958 3377 Christi,
2982 3325 3110 3365 caro
3133 3312 3294 3379 facta,
3326 3328 3434 3369 non
3464 3322 3635 3387 potest
3668 3330 3759 3368 non

2190 3397 2242 3453 id
2273 3412 2390 3455 esse
2438 3398 2579 3469 quod
2624 3398 2762 3456 facta
2803 3410 2907 3467 est,
2939 3412 2995 3457 et
3023 3402 3076 3458 id
3109 3419 3215 3460 non
3259 3420 3380 3462 esse
3427 3407 3568 3478 quod
3598 3406 3758 3472 fuerit,

2189 3491 2332 3547 aliud
2354 3492 2561 3549 scilicet
2592 3493 2749 3549 l‘acta.
2805 3495 2869 3549 Et
2908 3496 3161 3566 quoniam
3192 3498 3501 3567 proximum
3540 3498 3761 3555 adhibui-

2190 3602 2309 3643 mus
2330 3588 2660 3658 exemplum,
2690 3587 2900 3659 plenius
2918 3604 2985 3644 eo
3008 3600 3242 3647 utemur.
3283 3590 3447 3650 Certe
3472 3593 3613 3649 enim
3642 3600 3759 3647 testa

2190 3694 2255 3735 ex
2282 3679 2469 3750 argilla
2500 3695 2666 3735 unum
2711 3691 2794 3736 est
2837 3696 3060 3751 corpus,
3107 3697 3377 3754 unumque
3430 3684 3760 3746 vocabulum,

2192 3774 2349 3830 unius
2364 3774 2578 3830 scilicet
2594 3773 2858 3844 corporis.
2889 3773 3000 3831 Nec
3022 3784 3197 3841 potest
3217 3774 3337 3850 (15)
3356 3776 3464 3835 dici
3491 3770 3546 3835 et
3562 3774 3759 3849 argilla;

915 3922 920 3926 ·
1721 3904 2015 3965 LECTION
2023 3908 2103 3966 ES
2146 3906 2566 3967 VARIANTES.

569 4026 612 4090 Ι)
639 4024 889 4086 Quomodo
904 4020 1054 4075 Rhea.
1078 4021 1231 4075 Semt.

888 4147 1231 4218 u_{ihen._Sen_d

562 4084 615 4139 2')
640 4084 714 4137 lia
730 4084 869 4137 sentt.

563 4098 615 4277 ἐξ
888 4160 921 4196 ιι
935 4147 1084 4198 Rhen.
1104 4146 1256 4198 Seml.

564 4214 591 4263 ι
634 4209 1053 4277 Ωιιυωριιομιζιιεη.
1080 4208 1230 4261 Seml.

539 4208 613 4277 (ι)
634 4212 883 4283 Quomodo
904 4209 1053 4260 Eheu.
1080 4208 1230 4261 Seml.

537 4279 612 4402 ἒΰέ
633 4274 858 4348 Pressnts
879 4270 1054 4382 Rhea:

561 4340 592 4387 ϐ
636 4336 723 4402 Qui
743 4338 1034 4402 Paﬂt.j‘rdﬂ
1050 4396 1086 4402 _

543 4411 557 4467 l

636 4336 723 4389 Cui
743 4338 884 4385 Pam.
907 4344 1054 4385 Frau.

561 4396 612 4466 ‘7)
634 4397 850 4451 Naturali
870 4400 1016 4449 Pam.
1043 4396 1196 4447 Fran.
1232 4397 1357 4447 Par.

2098 4382 2152 4442 Β
2241 4312 2327 4403 n3

2246 4026 2317 4101 ei
2344 4028 2387 4101 ξ
2404 4040 2461 4101 ες
2480 4035 2632 4101 rw-
2656 4028 2773 4101 Par:
2805 4028 2950 4101 12am-

2263 4085 2884 4164 ?iFssietIl'zsn-Setda
2941 4150 2967 4164 ..
3004 4152 3033 4164 .,
3065 4154 3104 4164 -.

2267 4148 2342 4214 l0)
2372 4152 2554 4217 Didicit
2571 4149 2723 4205 Rhen.
2750 4148 2899 4201 Seml.
2922 4150 3040 4202 dicit
3065 4154 3185 4203 l’en.

2269 4215 2345 4283 ll)
2380 4214 2568 4283 Didicit
2591 4210 2953 4283 RitenLSemIL.
3181 4242 3184 4247 ~

2268 4276 2346 4403 lg)
2375 4276 2493 4327 Cum
2515 4276 2652 4328 abest
2671 4289 2703 4326 a
2724 4279 2867 4326 Pam.
2894 4276 3004 4341 Rig.

2271 4340 2327 4389 lo
2368 4338 2519 4390 Testa
2538 4338 2658 4391 add.
2685 4341 2814 4390 Pam
2849 4337 3000 4392 Rhea.

2368 4338 2519 4390 Testa
2538 4338 2658 4391 add.
2685 4341 2814 4390 Pam
2849 4337 3000 4392 Elicit.

1850 4503 2407 4571 COMMENTARIUS.

468 4655 487 4705 Γ
545 4648 769 4708 C.\PUT
799 4645 916 4702 XII.
936 4674 1007 4686 —-
1028 4644 1103 4717 (a)
1150 4642 1468 4717 Incognita»:
1497 4640 1591 4717 sibi
1617 4648 1661 4717 et
1687 4640 1863 4717 itobis._
1888 4642 2070 4717 Ratio-

476 4740 600 4781 nem
632 4722 885 4783 insinuat,
918 4734 1015 4774 cur
1037 4712 1291 4770 dicerent
1309 4712 1659 4783 Valentiniani
1678 4713 2064 4771 ostendendam

481 4797 738 4858 animant,
770 4790 921 4863 quasi
946 4794 1091 4863 esset
1116 4786 1404 4854 incognita,
1439 4782 1659 4853 perinde
1688 4793 1770 4839 est
1801 4784 2068 4858 incognita

474 4879 637 4938 atque
665 4859 1018 4938 ostendenda.
1049 4859 1179 4938 Lac.
1445 4927 1457 4938 .
1600 4926 1633 4938 ,Α
1709 4926 1748 4938 ﬂ
1789 4927 1800 4937 υ

547 4926 627 5012 (li)
666 4935 793 4992 Cum
821 4944 976 5012 Latum
1005 4930 1141 4993 quod
1168 4943 1342 4999 sumus
1363 4927 1542 5012 tritinia
1568 4926 1655 4982 sit.
1686 4926 1827 5010 .Fnit
1878 4927 2063 5012 Ριεμο-

474 4998 718 5066 nieorum
742 5016 796 5062 et
821 4998 1292 5075 Pythagorzeortnn
1314 4999 1584 5075 placitum
1611 4998 1844 5075 animam
1890 5000 2063 5075 solam

473 5096 599 5139 esse
641 5069 932 5133 hominem.
989 5069 1063 5129 Ita
1114 5070 1265 5127 Plato
1314 5069 1365 5126 in
1418 5069 1709 5135 Alcibiade,
1761 5071 1847 5124 ubi
1879 5072 2068 5140 probat

474 5166 672 5223 corpus
702 5164 807 5223 non
836 5160 959 5223 esse
980 5143 1272 5223 hominem,
1301 5142 1395 5197 sed
1421 5140 1661 5223 homini;
1694 5151 1911 5197 externa
1927 5158 2066 5223 _vero

478 5212 588 5280 neri
613 5235 734 5278 esse
762 5217 1013 5281 hominis,
1045 5215 1140 5270 sed
1170 5213 1414 5269 furtunae.
1442 5212 1896 5283 Adversusiqnem
1925 5213 2067 5269 hanc

475 5293 847 5366 quzestionem‘
859 5292 1023 5358 agitat
1049 5285 1280 5366 Joannes
1306 5283 1651 5366 Cr‘ispns‘lib.‘
1678 5282 1767 5339 IX.
1800 5282 1879 5366 οξ
1902 5285 2068 5366 εςΙιηὶέ

476 5353 549 5419 ὁίε
578 5365 776 5435 philos.
815 5353 1075 5435 Prz'etf-rea
1127 5354 1254 5435 illud
1301 5353 1500 5435 refutat
1527 5356 1793 5435 Adrianus
1834 5353 2068 5435 _Sasbout

478 5425 737 5505 Delphius
767 5432 912 5505 hom.
939 5431 973 5486 5
1001 5444 1153 5501 super
1175 5425 1426 5494 (ienesim,
1464 5426 1615 5497 juxta
1649 5426 1885 5482 Platonis
1937 5441 2065 5482 sen-

477 5504 716 5562 tentiam.
777 5504 905 5558 Lac.

550 5575 624 5648 (c)
661 5576 718 5630 Si
748 5590 865 5645 ergo
892 5573 1179 5648 ignoramus
1207 5570 1449 5648 anginam,
1482 5570 1595 5648 ipsa
1619 5584 1678 5648 se_
1703 5568 1922 5640 ignorat.
1959 5568 2068 5624 Ve-

480 5640 616 5705 rnm'
642 5648 740 5702 hoc
767 5640 876 5711 est,
909 5640 1030 5699 nam
1054 5644 1134 5697 vis
1163 5640 1483 5695 intellectiva
1517 5641 1568 5694 in
1595 5640 1772 5695 anima
1798 5649 1883 5696 est
1902 5682 1917 5707 ,
1968 5655 2069 5696 nec

481 5720 636 5773 aliter
663 5733 821 5788 quam
853 5716 1121 5771 intellectu
1147 5711 1344 5788 percipi
1380 5717 1553 5788 potest
1576 5711 1783 5788 anima;
1814 5712 2068 5788 materia-3

481 5789 550 5847 lis
580 5781 722 5847 enim
746 5803 934 5847 sensus
957 5793 1061 5844 ttOn
1089 5781 1295 5856 attingit
1319 5798 1430 5839 rem
1464 5781 1781 5854 Spil‘IlaIt‘ltl.
1835 5781 1989 5840 Unde
2017 5783 2065 5839 si

2177 4651 2410 4778 θιιίηιὲῐη
2437 4665 2542 4708 ιιοη
2568 4652 2965 4723 cognoscimus,
2998 4663 3172 4723 neque
3196 4652 3376 4709 anima
3429 4667 3488 4711 se
3536 4664 3749 4724 cognosc

2177 4732 2267 4778 Cll.
2367 4739 2450 4778 ac.

2176 4732 2267 4778 Cll.
2318 4732 2450 4778 LAC.

2246 4812 2327 4889 (il)
2387 4813 2592 4889 Nedum
2634 4816 2924 4889 qualitates.
2971 4818 3269 4889 Qttalitalcs
3294 4827 3467 4884 vocat,
3496 4833 3601 4874 non
3625 4812 3753 4885 quod

2175 4885 2342 4960 rigide
2393 4885 2692 4960 philosophi
2742 4904 2890 4945 mere
2940 4885 3259 4951 accidentia.
3290 4892 3388 4947 sed
3418 4889 3752 4960 proprietates

2171 4955 2295 5012 licet
2323 4955 2638 5034 esseiitjailes
2684 4973 2885 5034 rerum,
2921 4978 3113 5034 nempe
3143 4962 3374 5034 qualiter
3399 4955 3454 5017 et
3478 4955 3595 5034 qua:
3619 4961 3746 5015 sint.

2176 5036 2234 5083 ut
2258 5037 2440 5099 postea
2468 5022 2541 5084 ait
2569 5030 2637 5084 de
2662 5031 2841 5086 anima
2869 5022 2883 5085 Ξ
2917 5034 2979 5090 Si
3007 5022 3109 5089 non
3137 5022 3231 5090 s'cit
3274 5049 3421 5088 suam
3447 5022 3748 5103 qualitatem.

3243 5104 3374 5160 Lac.

2244 5187 2324 5269 (θ)
2473 5193 2608 5269 bene
2650 5201 2698 5269 et
2741 5194 2891 5269 male
2920 5196 3163 5269 defuncto
3207 5197 3389 5266 cuique
3438 5197 3748 5269 imprecetur.

2172 5260 2515 5317 Crudelitatis
2571 5272 2626 5319 et
2677 5260 3024 5323 immanitatis
3074 5267 3171 5321 fuit
3220 5260 3462 5322 mortuos
3506 5260 3750 5319 conviciis

2171 5332 2408 5408 allicere,
2442 5332 2587 5408 unde
2607 5344 2791 5408 notum
2824 5336 2951 5392 illud
2981 5338 3194 5408 pietatis
3222 5353 3346 5408 erga
3401 5330 3750 5408 tnortuos_si-

2172 5419 2335 5475 gnum
2362 5404 2422 5479 S.
2455 5404 2516 5460 T.
2546 5405 2611 5479 T.
2643 5405 2706 5462 L.
2736 5406 2958 5462 Terram
2981 5403 3204 5479 gravem
3247 5403 3390 5464 enim
3420 5415 3603 5479 optare
3648 5403 3744 5456 im-

2176 5478 2410 5546 precatio
2438 5478 2683 5547 qn:edam
2721 5487 2857 5533 erat.
2890 5480 2967 5534 LE
3000 5478 3095 5535 Pu.

2497 5568 2637 5644 XIII.
2659 5566 2822 5643 -—(l')
2865 5571 2964 5628 Ubi
2991 5589 3113 5644 ergo
3146 5589 3286 5638 caro,
3328 5580 3433 5627 ctc.
3474 5563 3744 5644 Tertullia-

2174 5638 2429 5713 nusnibil
2458 5639 2616 5697 habet
2646 5638 2903 5712 propesiti
2951 5638 3114 5708 aliu'd,
3147 5659 3303 5713 quam
3334 5650 3389 5696 ut
3416 5638 3657 5713 ostendat
3700 5638 3748 5685 in

2169 5710 2384 5838 ξυινὶδῖ
2405 5726 2621 5837 εδῐξηεηι
2645 5709 2699 5771 et
2727 5709 2961 5773 animam
3009 5709 3237 5774 diversa:
3295 5714 3459 5774 fuisse
3505 5709 3745 5767 substan-

2194 5797 2277 5838 ue.
2377 5797 2404 5838 s
2500 5799 2551 5838 ιι.
2628 5814 2633 5820 ι

2194 5797 2277 5840 KQ-
2329 5797 2404 5838 ΒΕ
2457 5797 2551 5839 ιίι.
2628 5814 2633 5820 ι
