4042 6288
386 300 493 371 ’189

1562 306 1764 366 LIBER
1804 304 1891 366 DE
1929 302 2159 365 CARNE
2199 302 2489 370 CHRISTI.

3581 304 3685 375 790

387 430 547 502 digna
609 437 753 486 sunt.
803 422 923 502 Ipse
981 422 1243 500 imprimis
1284 422 1586 493 Mattltieus,
1639 424 1981 481 ﬁdelissimus
2008 425 2059 482 A
2088 427 2486 497 meouis,snper
2502 425 2678 485 adhuc
2694 436 2964 487 recentem
2982 427 3237 487 infantem
3252 426 3537 486 Dominum
3556 443 3682 499 pru-

387 522 666 590 Evangelii
693 528 1105 590 commentator,
1138 530 1195 577 ut
1222 536 1405 576 comes
1436 519 1667 583 Domini,
1695 535 1802 572 non
1825 518 1983 571 aliam

387 616 460 671 ob
504 631 774 681 caussam,
807 632 968 686 quam
1019 624 1075 669 ttt
1121 629 1217 668 nos
1246 614 1466 683 originis
1510 611 1704 667 Christi
1758 610 1985 665 carnalis

386 718 666 776 computes
695 708 912 772 faceret,
949 707 1016 759 ita
1047 721 1272 760 exorsus
1297 716 1379 760 est
1408 723 1419 760 :
1455 703 1602 781 Liber
1629 703 1983 776 genitnrmJe-

387 792 450 857 stt
475 801 683 861 Christi,
716 801 808 867 [itii
839 788 1028 863 David,
1054 790 1150 867 [iiii
1175 798 1451 853 Abraham.
1489 796 1580 852 His
1613 796 1830 868 originis
1864 794 1984 850 fun-

390 893 531 948 tibus
557 908 751 963 genere
786 902 1055 955 manante,
1098 905 1217 945 cuiu
1253 884 1510 958 gradatim
1542 888 1674 942 urdo
1704 886 1985 942 deducitur

386 984 457 1040 ad
481 982 676 1039 Christi
705 983 1030 1037 nativitatem
1070 979 1173 1054 (t),
1222 979 1347 1050 quid
1370 978 1511 1033 aliud
1545 995 1703 1050 quam
1728 978 1982 1047 earoipsa

388 1075 622 1132 Abraha:
650 1086 701 1129 et
735 1074 919 1134 David,
947 1090 1041 1143 per
1068 1075 1309 1144 singulos
1338 1072 1607 1128 traducetu
1635 1073 1715 1127 sui
1750 1070 1979 1139 iaciens,

387 1167 442 1224 in
490 1167 752 1239 virginem
801 1182 970 1235 usque
1018 1166 1338 1221 describitur
1386 1165 1621 1220 inferens
1675 1162 1980 1227 Christum.

387 1261 498 1316 imo
543 1261 653 1329 ipse
696 1259 944 1315 Christus
972 1258 1215 1328 proditur
1267 1257 1348 1332 (2)
1395 1256 1463 1313 de
1502 1258 1741 1328 virgine?
1778 1258 1881 1313 Sed
1926 1269 1983 1314 et

389 1352 623 1413 Paulus,
674 1361 858 1418 utpote
889 1350 1131 1421 ejusdem
1182 1350 1458 1421 Evangelii
1510 1359 1564 1404 ct
1597 1349 1889 1420 discipulus
1932 1358 1985 1405 ct

387 1443 664 1514 magister,
721 1452 776 1497 et
822 1444 1014 1507 testis,
1063 1457 1166 1513 qua
1243 1442 1320 1513 (5)
1386 1442 1622 1513 ejusdem
1680 1442 1843 1512 ipsius
1902 1444 1982 1514 (4)

384 1538 582 1596 Christi
615 1538 913 1607 aposwlus,
949 1536 1231 1592 continuat
1252 1535 1523 1610 Christum
1557 1551 1621 1590 ex
1651 1536 1859 1590 semine
1880 1536 1983 1592 Da-

387 1631 479 1685 vid
511 1629 807 1687 secundum
830 1645 1069 1697 carnem,
1101 1630 1283 1699 utique
1315 1630 1499 1700 ipsius.
1526 1628 1669 1701 Ergo
1693 1644 1756 1684 ex
1780 1629 1986 1686 semine

388 1724 554 1780 David
583 1739 707 1779 caro
736 1723 958 1777 Christi.
988 1722 1090 1779 Sed
1123 1722 1412 1777 secundum
1442 1724 1622 1778 Maria:
1653 1739 1888 1801 carnem,
1919 1741 1982 1780 ex

2090 520 2379 574 nuntiatam
2396 521 2543 593 (Luc.
2561 522 2626 595 II)
2650 541 2664 577 ε
2690 521 2826 580 Ecce
2837 525 2918 581 hic
2932 526 3126 595 positus
3141 526 3275 580 estin
3293 525 3494 580 ruinam
3510 535 3554 580 et
3568 542 3683 580 sns-

2088 613 2373 669 citationem
2405 616 2675 671 multorum
2705 618 2757 672 in
2802 616 2989 684 Israel,
3036 629 3082 674 et
3110 621 3161 673 in
3204 622 3409 692 signum
3440 622 3577 692 quod
3602 625 3682 686 (ti)

2089 708 2478 765 contradicetnr.
2506 709 2726 780 Signum
2755 712 2896 767 enim
2925 712 3678 780 nativitatis(iltristi,.secun-

2088 798 2212 852 dntu
2245 798 2456 855 Esaiam
2490 820 2502 856 :
2538 799 2814 873 Pmpterea
2845 805 2985 859 dabit
3026 806 3162 860 vobis
3192 804 3441 860 Dominus
3467 809 3575 878 ipse
3599 809 3672 860 si-

2086 908 2240 962 gnunt
2274 909 2423 947 :ccce
2465 896 2605 965 virgo
2651 896 2898 965 concipiet
2939 898 2991 950 in
3024 910 3186 956 utero.
3228 906 3272 951 et
3303 898 3462 967 pariet
3489 899 3675 967 lilium.

2093 984 2442 1053 Agnoscimus
2472 998 2600 1054 ergo
2630 986 2841 1056 signum
2882 987 3317 1049 contradicihile.
3356 1000 3674 1059 conceptum

2088 1086 2141 1129 et
2172 1086 2378 1144 partum
2410 1076 2631 1148 virginis
2661 1077 2869 1144 Mariae;
2895 1079 2963 1134 de
2986 1095 3092 1150 quo
3114 1080 3415 1137 Academici
3446 1082 3557 1149 isti,
3577 1081 3677 1137 Pe-

2090 1170 2246 1236 perit,
2277 1178 2330 1222 et
2375 1184 2482 1224 non
2527 1169 2762 1245 peperit;
2826 1171 3002 1242 Virgo,
3035 1180 3090 1228 et
3136 1188 3242 1228 non
3276 1174 3420 1245 virgo
3458 1191 3470 1226 :
3519 1174 3668 1245 quasi

2090 1277 2218 1324 nou,
2247 1263 2346 1317 etsi
2376 1263 2443 1317 ita
2472 1240 2755 1319 dicendum
2784 1273 2947 1327 esset,
2977 1279 3006 1319 a
3035 1265 3187 1321 nubis
3215 1266 3383 1335 magis
3411 1265 3513 1320 dici
3543 1281 3677 1321 con-

2087 1354 2314 1408 veniret.
2348 1354 2905 1425 Peperit'cnitn,-qua3
2931 1371 2997 1411 ex
3025 1370 3119 1412 sua
3147 1371 3338 1422 carne;
3371 1367 3421 1411 et
3454 1372 3559 1412 non
3589 1372 3680 1428 pe-

2090 1446 2248 1515 perit,
2279 1461 2398 1517 qum
2420 1463 2527 1503 non
2557 1464 2622 1502 ex
2658 1448 2754 1502 viri
2789 1448 2868 1520 (7)
2900 1450 3126 1505 semine.
3162 1444 3227 1504 Et
3279 1450 3461 1521 virgo,
3505 1466 3678 1521 quan-

2090 1547 2200 1594 tum
2226 1553 2254 1593 a
2286 1539 2428 1605 viro;
2458 1540 2534 1612 (a)
2565 1555 2669 1595 non
2698 1541 2865 1611 virgo,
2894 1550 3152 1611 quantum
3189 1558 3217 1598 a
3246 1552 3418 1613 partu.
3450 1541 3563 1597 Non
3596 1553 3676 1597 ta-

2090 1644 2211 1684 men
2246 1640 2302 1684 ut
2327 1631 2467 1698 ideo,
2498 1634 2722 1702 peperit,
2757 1642 2809 1688 et
2834 1632 2909 1705 (8)
2934 1648 3036 1688 uoti
3071 1634 3306 1705 peperit;
3341 1644 3395 1689 ct
3429 1635 3505 1706 (9)
3532 1636 3677 1701 ideo,

2091 1723 2267 1794 Virgo,
2316 1740 2433 1794 qua:
2484 1740 2590 1779 non
2620 1727 2787 1797 virgo,
2832 1727 2953 1796 quia
2987 1740 3091 1780 non
3122 1725 3188 1780 de
3232 1726 3524 1781 visceribus
3567 1727 3679 1782 suis

386 1817 596 1872 semine
630 1818 787 1871 David
822 1834 836 1872 :
869 1831 998 1887 ergo
1027 1832 1089 1870 ex
1123 1816 1301 1871 Maria:
1330 1832 1493 1872 carne
1522 1826 1622 1882 est,
1653 1817 1778 1871 dum
1808 1834 1873 1872 ex
1899 1833 1982 1873 se-
2009 1813 2056 1873 B
2086 1828 2275 1872 mater.
2312 1816 2416 1872 Sed
2447 1817 2586 1888 apud
2618 1834 2715 1873 nos
2742 1816 2870 1871 nihil
2899 1816 3139 1877 dubium,
3188 1834 3285 1873 nec
3318 1827 3578 1873 returtum
3623 1819 3674 1872 in

387 1909 535 1964 mine
575 1918 656 1963 est
698 1907 884 1963 David.
915 1908 1268 1977 Quocumque
1297 1908 1594 1963 detorseris
1620 1907 1854 1972 dictum,
1894 1919 1984 1963 aut

385 2016 454 2056 ex
485 2017 645 2056 carne
670 2009 752 2067 est
778 2002 987 2067 Mariae,
1028 2000 1169 2072 quod
1196 2017 1261 2056 cx
1306 2002 1512 2056 semine
1541 2010 1623 2056 cst
1658 2001 1818 2056 David
1848 2018 1863 2067 ;
1893 2012 1983 2056 aut

384 2109 455 2148 ex
488 2093 646 2191 Davﬁl
678 2095 882 2148 semine
909 2105 1010 2158 est,
1042 2095 1182 2164 quod
1212 2110 1276 2151 ex
1311 2111 1471 2150 carne
1500 2105 1583 2150 est
1622 2095 1819 2149 Marire.
1872 2096 1981 2149 To-

393 2197 500 2241 tam
554 2185 689 2239 hanc
740 2189 1160 2243 controversiam
1214 2187 1416 2243 dirimit
1464 2189 1603 2244 idem
1659 2188 1979 2259 Apostolus,

387 2281 563 2351 ipsum
593 2280 857 2336 deﬁniens
884 2297 1001 2337 t‘SSt:
1031 2284 1260 2338 Abrabze
1289 2298 1495 2339 semen.
1528 2283 1659 2339 Cum
1690 2282 1979 2351 Abraham,

386 2375 570 2445 utique
617 2375 781 2429 tnultn
832 2377 997 2445 magis
1054 2376 1245 2438 David,
1291 2378 1440 2448 quasi
1490 2377 1827 2433 tecentioris.
1879 2376 1986 2432 Re-

387 2476 573 2521 tcxens
600 2469 741 2521 enim
771 2470 1179 2537 promissimicm
1205 2470 1590 2525 benedictionis
1622 2471 1896 2526 nationum
1929 2471 1981 2526 in

384 2562 603 2617 nomine
654 2562 924 2618 Abraham
979 2582 991 2617 :
1041 2563 1105 2618 Et
1150 2566 1202 2618 in
1248 2566 1438 2619 semine
1486 2575 1573 2617 tuo
1628 2564 1984 2620 benedicentur

385 2668 561 2706 omnes
588 2654 818 2708 nationes
851 2671 871 2708 :
917 2671 1051 2717 non,
1086 2656 1282 2725 inquit,
1316 2655 1484 2721 dixit,
1514 2654 1835 2722 Seminibus,
1869 2664 1982 2711 tan-

384 2762 538 2815 quam
582 2748 644 2800 de
686 2748 950 2818 pturibus;
981 2749 1069 2803 sed
1096 2750 1303 2803 Sentine
1344 2749 1449 2820 (5),
1482 2759 1721 2822 tanquam
1749 2751 1813 2805 de
1847 2736 1981 2815 uno,

383 2835 520 2906 quod
545 2848 617 2891 est
643 2835 895 2892 Christus.
917 2839 1015 2906 Qui
1047 2840 1163 2894 hate
1183 2840 1408 2911 legimus
1433 2850 1487 2897 et
1512 2841 1803 2906 credimus,
1824 2858 1981 2911 quam

384 2927 645 2984 debemus
686 2942 736 2984 et
785 2945 1071 3001 possumus
1113 2947 1405 3002 agnoscere
1453 2934 1503 2986 in
1549 2932 1765 2989 Christo
1805 2935 1982 2991 carnis

384 3021 734 3092 qualitatem?
762 3024 954 3093 Utique
975 3041 1078 3080 non
1101 3026 1281 3089 ali.uu,
1307 3040 1464 3097 quam
1492 3026 1789 3093 Abraham;
1818 3026 1982 3099 siqui-

382 3114 508 3169 dem
556 3130 739 3171 semeu
787 3117 1053 3172 Abraham
1102 3114 1347 3174 Christus
1389 3139 1401 3173 :
1455 3134 1554 3176 nec
1592 3120 1775 3186 aliain,
1821 3137 1978 3190 quam

2086 1910 2369 1979 ancipitem
2400 1909 2789 1966 defensionem.
2824 1910 2958 1977 Lux,
3000 1910 3121 1977 lux;
3156 1921 3209 1966 et
3240 1911 3495 1975 tenebrae,
3527 1919 3680 1966 tene-

2084 2002 2217 2071 brae,
2247 2012 2299 2059 et
2328 2003 2442 2068 Est,
2473 2013 2583 2067 est;
2610 2014 2685 2071 et,
2716 2003 2854 2068 Non,
2895 2018 3023 2060 non.
3056 2004 3206 2072 Quod
3235 2005 3485 2075 amplius,
3519 2008 3619 2060 hoc
3646 2020 3707 2059 a-

2084 2095 2227 2150 ntalo
2255 2104 2337 2151 cst
2363 2095 2499 2167 (I0).
2534 2095 2768 2163 Peperit,
2798 2112 2917 2165 qua:
2951 2097 3173 2166 peperit.
3204 2096 3268 2150 Et
3298 2096 3340 2150 si
3366 2097 3514 2166 virgo
3544 2111 3678 2150 con-

2085 2188 2245 2257 cepit,
2279 2188 2332 2243 in
2365 2199 2518 2258 partu
2549 2203 2647 2244 suo
2677 2192 2854 2258 nupsit
2884 2187 3023 2261 (ll),
3059 2189 3169 2260 ipsa
3202 2189 3447 2266 patefacti
3494 2205 3683 2260 corpo-

2087 2281 2162 2335 ris
2192 2281 2307 2351 lcge
2339 2279 2435 2352 (b),
2465 2280 2517 2336 iu
2548 2297 2656 2352 quo
2686 2281 2815 2336 nihil
2847 2280 3107 2344 interfuit,
3146 2280 3213 2336 de
3244 2282 3292 2336 vi
3321 2281 3542 2336 masculi
3579 2280 3677 2335 ad-

2087 2370 2255 2436 missi,
2286 2387 2351 2425 an
2376 2371 2579 2438 emissi,
2605 2370 2674 2446 (c)
2705 2371 2842 2425 idem
2877 2370 2993 2445 (12)
3016 2371 3140 2426 illttd
3173 2385 3336 2427 sexus
3364 2373 3673 2443 resignare-

2086 2465 2156 2520 rit
2207 2465 2338 2537 (15).
2375 2463 2500 2520 Hwe
2542 2464 2772 2535 denique
2802 2465 2958 2520 vulva
2988 2474 3071 2520 est
3101 2474 3319 2536 propter
3343 2481 3501 2537 quam
3534 2478 3583 2521 et
3615 2467 3682 2521 de

2084 2555 2203 2611 aliis
2234 2557 2491 2626 scriptum
2522 2565 2643 2612 est:
2673 2556 2836 2611 Omne
2860 2556 3195 2611 masculinum
3229 2557 3529 2628 adaperiens
3562 2550 3679 2613 rut,

2084 2665 2218 2713 vam,
2252 2658 2480 2704 sanctum
2508 2649 2769 2703 vocabitur
2816 2648 3057 2703 Domino.
3097 2650 3225 2717 Quis
3256 2664 3384 2706 vere
3428 2659 3677 2712 sanctus,

2084 2738 2241 2814 quam
2269 2741 2357 2795 Dei
2382 2740 2498 2814 (l4)
2527 2739 2725 2795 Filius?
2754 2741 2885 2809 Quis
2907 2741 3122 2811 proprie
3146 2740 3356 2797 vulvam
3378 2741 3677 2810 adaperuit,

2084 2850 2242 2905 quam
2273 2833 2362 2905 qui
2392 2833 2624 2889 clausam
2656 2833 2941 2903 patet'eeit?
2962 2830 3247 2898 Ca-termu,
3274 2834 3523 2887 omnibus
3547 2847 3682 2901 nup-

2087 2926 2171 2981 tiae
2199 2925 2539 2995 patefaciunt.
2566 2925 2750 2996 Itaque
2784 2927 2951 2994 magis
2984 2923 3244 2995 patefacta
3276 2934 3378 2989 est,
3413 2908 3533 2996 quia
3562 2943 3678 2978 ma-

2085 3019 2164 3090 gis
2219 3028 2334 3073 erat
2378 3018 2575 3073 clausa.
2640 3017 2835 3088 Utique
2882 3016 3050 3087 magis
3111 3031 3213 3071 non
3258 3017 3404 3087 vith
3453 3012 3678 3072 dicenda

2084 3122 2186 3176 est,
2235 3128 2391 3183 quam
2427 3112 2605 3182 virgo,
2651 3110 2787 3164 saltu
2834 3109 3064 3180 quodam
3112 3118 3283 3165 mater
3323 3119 3467 3175 ante,
3516 3126 3672 3182 quam

383 3206 570 3273 Jesse,
620 3209 881 3278 siquidem
930 3226 992 3264 ex
1026 3211 1204 3265 radice
1239 3210 1391 3266 Jesse
1421 3211 1520 3268 Ilus
1556 3212 1804 3270 Christus
1835 3233 1847 3269 :
1883 3229 1982 3270 nec
2008 3206 2052 3268 C
2088 3218 2269 3277 nupta.
2299 3205 2365 3260 Et
2392 3204 2517 3275 quid
2549 3204 2680 3258 ultra
2722 3203 2790 3259 de
2824 3207 2923 3257 hoc
2963 3202 3357 3258 retractandum
3396 3212 3473 3258 est
3496 3245 3512 3267 ,
3549 3218 3669 3257 cum

382 3300 566 3364 aliam,
599 3318 756 3372 quam
787 3303 983 3368 David,
1012 3306 1276 3375 siquidem
1317 3306 1518 3361 fruetus
1548 3323 1612 3363 ex
1644 3308 1840 3379 lumbis
1874 3310 1979 3363 Da-

383 3393 493 3455 vid.
525 3392 772 3450 Christus
811 3414 823 3448 :
874 3412 974 3452 nec
1000 3398 1157 3452 aliam
1185 3414 1341 3469 quam
1374 3416 1436 3453 ex
1478 3399 1674 3465 Maria,
1714 3401 1977 3469 siquidem

382 3503 454 3542 ex
500 3487 680 3542 Maria:
724 3499 898 3554 utero,
946 3487 1208 3545 Christus.
1241 3491 1308 3545 Et
1346 3490 1521 3546 adhuc
1554 3493 1801 3565 superius
1835 3513 1847 3548 :
1882 3509 1980 3549 nec

382 3579 542 3632 aliam
586 3595 744 3651 quam
776 3580 976 3647 Adam,
1008 3582 1269 3651 siquidem
1298 3583 1566 3649 secundus
1596 3584 1794 3649 Adam,
1818 3586 1979 3642 Chri-

381 3680 520 3724 stus.
556 3671 904 3743 Consequens
950 3687 1078 3743 ergo
1123 3683 1225 3739 est,
1275 3685 1331 3729 ut
1377 3686 1467 3729 aut
1515 3676 1635 3731 illos
1684 3677 1976 3747 spiritalem

380 3778 600 3819 carnem
661 3765 913 3820 habuisse
965 3766 1309 3832 contendant,
1365 3784 1470 3838 quo
1516 3769 1702 3825 eadem
1743 3764 1978 3826 conditio

379 3859 701 3916 substantia:
730 3860 1023 3916 deducatur
1051 3861 1104 3916 in
1131 3860 1344 3918 Christo
1373 3883 1384 3918 :
1414 3874 1500 3919 aut
1524 3863 1823 3921 concedant
1854 3880 1977 3921 car-

377 3967 507 4008 nem
537 3951 735 4006 Christi
768 3953 1062 4022 spiritalem
1092 3968 1196 4009 non
1225 3953 1411 4022 fuisse,
1440 3973 1557 4027 qua:
1591 3974 1695 4013 non
1727 3957 1793 4013 de.
1819 3958 1976 4029 spiti-

376 4045 470 4103 tali
502 4045 672 4117 stirpe
700 4058 969 4103 censetur.

949 4138 1175 4196 CAPUT
1215 4139 1401 4195 XXIII.

452 4229 559 4287 Sed
597 4233 932 4303 agnoscimus
959 4232 1240 4305 adimpleri
1267 4235 1630 4306 propheticam
1664 4252 1852 4294 vocem
1886 4239 1973 4296 Si-

2086 3302 2186 3357 hac
2206 3300 2412 3355 ratione
2433 3299 2740 3370 Apostolus,
2770 3314 2971 3379 nonex
2995 3296 3218 3368 virgine,
3245 3298 3336 3353 sed
3360 3313 3425 3353 ex
3456 3297 3678 3352 muliere

2083 3393 2282 3449 editum
2331 3390 2524 3446 Filium
2557 3390 2647 3445 Dei
2700 3388 3091 3460 pronuntiavit,
3138 3388 3357 3459 agnovit
3401 3388 3672 3458 adaperta:

2083 3485 2256 3541 vulva:
2286 3483 2577 3555 nuptialem
2627 3482 2975 3554 passionem?
3025 3480 3277 3553 Legimus
3325 3481 3541 3552 quidem
3593 3480 3673 3550 (tl)

2082 3582 2221 3653 apud
2264 3578 2599 3636 Ezechielem
2630 3575 2700 3632 de
2737 3589 2900 3630 vacca
2945 3573 3033 3629 illa
3066 3589 3186 3645 quae
3212 3573 3450 3645 peperit,
3487 3584 3539 3627 ct
3567 3588 3672 3627 nun

2086 3675 2308 3745 peperit.
2339 3671 2444 3727 Sed
2479 3669 2680 3735 videte,
2720 3683 2788 3723 ne
2828 3680 2922 3721 vos
2948 3666 3057 3737 jam
3081 3675 3207 3721 tunc
3234 3666 3353 3739 (l5)
3390 3665 3673 3736 providens

2081 3765 2311 3836 Spiritus
2337 3762 2567 3820 Sanctus
2594 3759 2792 3815 notarit
2824 3757 2928 3814 hac
2974 3772 3125 3823 voce,
3159 3757 3554 3828 disceptaturas
3584 3773 3677 3811 su-

2084 3875 2178 3931 per
2206 3865 2413 3912 uterum
2444 3853 2644 3909 Marim.
2672 3852 2964 3918 Caeterum,
2996 3866 3103 3906 non
3132 3859 3318 3906 contra
3360 3851 3503 3905 illam
3527 3865 3678 3905 suam

2081 3950 2517 4019 simplicitatem,
2567 3944 2968 4016 pronuntiasset
3015 3942 3347 4009 dubitative,
3402 3943 3557 3998 Esaia
3600 3943 3682 3997 di-

2073 4053 2233 4100 cente
2264 4040 2397 4113 (18.,
2422 4039 2523 4109 VI)
2554 4056 2567 4093 ;
2598 4036 2878 4106 Concipiet,
2913 4043 2955 4088 et
2988 4034 3169 4100 pariet.

2638 4126 2867 4183 CAPUT
2919 4120 3109 4182 XXIV.

2155 4231 2308 4303 Quod
2353 4229 2495 4285 enim
2548 4224 2733 4282 Esaias
2778 4222 3045 4294 iaculatur
3096 4223 3527 4296 insuggillatione
3565 4223 3678 4277 lue-

1596 4371 1891 4430 LECTION
1898 4374 1980 4431 ES
2020 4366 2432 4431 VARIANTES.

468 4484 515 4577 1?
550 4486 589 4534 A
614 4484 786 4557 Christi
812 4485 1067 4534 nativitate
1093 4484 1238 4535 then.
1299 4546 1310 4557 .

464 4547 509 4600 2.
550 4547 837 4597 Producitur
860 4548 1003 4597 Pam.
1032 4547 1165 4597 Frau
1186 4550 1308 4600 Part

500 4561 510 4606 ἶ
551 4561 837 4597 νπυαυωιιιν
860 4561 1003 4597 ram.
1032 4561 1165 4597 r'rau
1186 4561 1350 4600 Paris.

443 4609 518 4671 (5)
552 4611 676 4669 Quia
699 4608 800 4658 alii.
985 4670 991 4671 ί
1141 4619 1143 4622 ‘

444 4670 519 4731 (4)
552 4672 710 4731 Ipsius
731 4670 859 4721 abest
882 4685 913 4721 a
942 4670 1083 4721 alien.
1112 4671 1262 4722 Seml.

443 4733 520 4788 (51
553 4733 741 4783 Semini
770 4734 920 4781 Fran.
940 4735 1083 4783 Pam.
1680 4739 1693 4764 ο

463 4796 518 4847 ϐ)
550 4795 635 4847 Cui
662 4798 806 4845 Pam.
835 4796 985 4845 Frau.

408 4872 425 4888 ο
441 4855 518 4909 (7i
554 4858 688 4907 Virili
713 4855 864 4909 Illtcn.
890 4856 1032 4908 sentt.

464 4918 517 4985 8)
551 4920 672 4971 Ideo
693 4923 814 4970 Par.
840 4918 991 4973 Rhea.
1034 4932 1128 4971 non
1166 4929 1330 4971 tamen
1370 4930 1421 4972 et
1461 4922 1572 4973 ideo
1608 4926 1835 4987 peperit;
1861 4927 1973 4990 quia

2081 4502 2178 4539 non
2203 4499 2265 4536 ex
2291 4497 2439 4535 carne
2464 4495 2550 4531 sua
2578 4481 2789 4545 l‘ieperit,
2815 4480 3063 4545 et‘PitIta’.

2145 4547 2359 4615 (9)_N_on
2383 4540 2587 4615 peperit
2599 4540 2657 4615 et:
2671 4541 2809 4615 delet
2826 4540 2991 4615 rit-Ine.

2001 4595 2055 4654 D
2145 4595 2266 4673 (ibi
2285 4595 2371 4673 list
2384 4595 2521 4657 'ab'est
2543 4619 2573 4673 μ
2596 4603 2919 4673 Riten._SemL

2147 4665 2251 4738 (tt)
2283 4672 2391 4738 Non
2417 4669 2581 4738 nupsit
2602 4665 2721 4738 add.
2749 4671 2870 4718 Par.
2897 4666 3009 4719 cod.
3040 4666 3206 4720 Ursin.

2147 4679 2251 4795 (ιιζ
2288 4679 2391 4721 Non
2417 4679 2581 4730 lltlpStI.
2602 4679 2721 4718 aaa.
2749 4679 2776 4718 1

2141 4736 2223 4797 (12
2283 4734 2335 4783 Id
2361 4739 2436 4782 est
2457 4731 2621 4797 Rhea:
2631 4732 2776 4797 Pam.

2141 4791 2244 4864 (Ia)
2280 4796 2564 4864 Designavit
2585 4794 2725 4844 Pam.
2749 4791 2902 4842 Rhea.

2143 4852 2160 4910 I
2173 4852 2247 4910 141
2284 4852 2447 4907 Sancti
2471 4852 2573 4907 alii.

2141 4805 2223 4859 (15
2280 4805 2564 4858 ﬂesrgnavtt
2585 4805 2725 4844 Pam.
2749 4805 2902 4842 tmen.

2143 4860 2226 4910 (14
2284 4857 2447 4907 Sancti
2471 4852 2573 4907 alii.

2140 4805 2247 4987 (ἰδέ
2276 4920 2377 4972 Nos
2393 4921 2492 4983 jam
2516 4930 2644 4969 nunc
2665 4915 2816 4969 Rhea.
2842 4917 2990 4969 Semt.

1735 5046 2286 5106 COMMENTARIUS.

451 5181 626 5256 CAP.
663 5182 853 5238 XXIII.
888 5213 959 5225 —
1005 5181 1081 5256 (ςι)
1124 5182 1409 5256 Nonvirgo
1451 5195 1691 5255 quantum
1732 5202 1762 5239 a
1793 5195 1959 5255 partu.

380 5254 548 5328 Error
580 5254 664 5310 hic
698 5254 1187 5328 gravissimuscst.
1215 5254 1579 5324 Tertullianus
1607 5254 1805 5328 quippe
1835 5258 1967 5314 falso

381 5327 515 5397 dixit
541 5341 645 5380 non
692 5329 949 5397 xii-ginem
981 5325 1175 5397 fuisse,
1227 5335 1481 5395 quantum
1512 5344 1540 5380 a
1571 5325 1753 5397 partu,
1786 5340 1842 5384 ut
1883 5330 1969 5384 hic

382 5394 541 5452 ducet
565 5396 697 5450 fuse.
724 5394 855 5452 Cain.
892 5394 955 5451 lll
1002 5394 1635 5452 CouciliiLateranensis
1666 5401 1765 5453 sub
1790 5399 1971 5454 Marti-

385 5482 456 5523 no
487 5467 502 5521 I
530 5466 1161 5541 tlecrevit‘Beatissimam
1196 5468 1465 5540 Virginem
1499 5470 1972 5541 iucorrnptibiliter

384 5543 617 5595 enixam.
650 5539 725 5595 LE
758 5539 853 5593 Pn.

460 5609 539 5683 (ll)
569 5609 691 5680 Ipsa
713 5609 955 5685 patefacti
973 5611 1199 5685 corporis
1223 5611 1351 5685 lege.
1385 5612 1584 5684 Legem
1616 5627 1737 5685 mox
1764 5612 1970 5677 recitat,

392 5680 554 5753 omne
582 5682 920 5753 masculinum
947 5680 1245 5753 adaperiam
1266 5680 1488 5749 uuluam,
1511 5695 1614 5737 etc.
1650 5682 1766 5739 llic.

462 5751 538 5826 (te)
579 5751 729 5827 [dent
750 5750 1325 5827 ittud_sexus._Vttlvattt
1358 5753 1639 5827 signiﬁcat.
1672 5755 1760 5810 Sic
1797 5764 1973 5810 autem

390 5822 583 5906 tegitur
608 5825 658 5880 in
688 5822 867 5883 Ursini
894 5822 1047 5877 libro.
1082 5824 1198 5891 Rm.
1408 5822 1431 5827 '
1496 5844 1501 5851 ·

2146 5184 2227 5260 (tl)
2259 5183 2411 5249 Apud
2444 5181 3098 5260 Ezechieleitt,netc_._Cttm
3131 5185 3182 5237 in
3228 5181 3507 5260 Ezechiele
3555 5200 3679 5254 pro.

2072 5251 2230 5329 pheta
2260 5270 2519 5325 nusquam
2552 5254 2753 5329 mentio
2781 5251 2873 5329 [lat
2896 5254 3108 5329 illarum
3136 5269 3322 5329 vocum
3351 5272 3362 5307 :
3408 5251 3570 5309 Vacca
3591 5273 3680 5324 pe-

2075 5316 2224 5400 perit,
2255 5336 2298 5400 et
2331 5316 2429 5400 non
2460 5323 2673 5400 peperit,
2706 5323 2917 5400 IIICI‘IIIL
2940 5316 3186 5400 dubitant
3214 5325 3531 5400 interpretes
3557 5316 3677 5400 qua;

2074 5390 2143 5455 sit
2186 5390 2352 5469 Iiujus
2384 5390 2484 5469 loci
2526 5390 3152 5469 explicatip_.__Pat_itelius
3193 5406 3245 5448 et
3284 5390 3374 5469 alii
3406 5390 3588 5465 putant
3622 5397 3674 5449 id

2076 5483 2195 5526 esse
2216 5461 2355 5539 quod
2384 5461 2759 5539 habetnrjobi
2778 5461 2937 5517 XXI:
2975 5461 3140 5539 Vacca
3167 5467 3377 5539 peperit.
3408 5461 3456 5521 et
3479 5477 3674 5539 nonest

2079 5534 2276 5612 privata
2307 5540 2563 5612 patrisuo.
2598 5535 2709 5589 Etsi
2742 5534 2864 5612 hinc
2892 5550 2998 5587 non
3029 5534 3325 5612 habeantur
3351 5538 3404 5612 i_t_i
3435 5537 3671 5612 propinet

2082 5606 2152 5667 tia
2181 5606 2496 5675 EzeChielis,
2526 5622 2585 5661 ea
2644 5606 2817 5675 perire
2860 5612 3165 5675 potuerunt,
3214 5606 3335 5660 licet
3361 5606 3670 5663 Tertulliani

2083 5680 2411 5753 temporibus
2441 5670 2614 5753 adhuc
2641 5670 2940 5753 exstarent.
2961 5670 3059 5729 Vel
3078 5675 3253 5753 potuit
3271 5690 3404 5753 esse
3429 5677 3674 5753 Ezechiel

2083 5744 2389 5809 .ludz'eurmu
2421 5749 2636 5819 quidam
2669 5745 2959 5817 tragtndus,
2989 5754 3042 5801 et
3064 5760 3167 5799 non
3200 5744 3291 5800 ille
3318 5747 3474 5816 cujus
3503 5749 3670 5809 habe-

2086 5840 2202 5887 mus
2232 5822 2556 5881 vaticinium.
2591 5818 2666 5880 [διε
2699 5820 2792 5879 Ps.
