4042 6288
327 243 428 301 7M

1756 235 2219 295 TERTULLIANI

3528 238 3639 297 792

338 362 629 419 tetieornm
685 364 941 435 ipsorum,
982 373 1038 419 et
1079 363 1338 434 imprimi;
1381 360 1521 435 (15.,
1565 360 1640 434 V)
1675 377 1688 415 :
1731 357 1819 413 Vw
1854 359 1938 427 qui
1967 355 2015 413 Α
2044 352 2206 407 aiam
2238 368 2476 423 passum,
2520 353 2684 409 alium
2723 351 3138 413 resuscitalum:
3173 367 3267 424 per
3289 353 3431 425 quod
3471 371 3633 411 suam

337 456 529 526 faciunt
586 456 733 512 dulce
796 474 1028 511 amarum
1053 499 1067 520 ,
1128 467 1176 511 et
1231 457 1461 510 tenebras
1528 455 1733 518 lucem;
1801 455 1929 508 istos

335 550 541 605 Scilicet
590 546 756 615 tiotat,
804 551 891 620 qui
940 565 1038 606 nec
1094 550 1354 605 voeabula
1387 550 1488 604 ista
1534 549 1585 602 in
1636 547 1755 601 luce
1802 561 1928 616 pro-

337 645 620 714 prietatum
665 662 883 700 suarum
934 652 1288 709 conservant;
1340 653 1392 698 ιιι
1448 643 1625 696 anima
1676 656 1780 695 non
1825 641 1926 694 alia

334 738 424 796 aII.
454 740 618 807 quam
657 754 777 807 qua:
804 749 1061 802 vocatur,
1104 747 1155 792 et
1182 751 1310 792 caro
1350 749 1458 791 non
1483 734 1584 788 alia
1625 749 1784 805 quam
1808 748 1928 804 qua:

338 828 545 882 \idetnr
576 826 688 901 (I),
712 838 766 883 et
792 829 932 884 hens
959 842 1062 883 non
1084 830 1243 894 alius,
1267 842 1426 898 quant
1457 828 1547 897 qui
1579 825 1923 896 pra‘dicatur.

336 919 460 975 Ideo
490 922 651 975 etiam
680 921 1004 977 Marcionem
1031 919 1366 991 prospiciens
1393 936 1407 975 :
1437 917 1548 990 Ego
1587 936 1719 986 sum,
1751 918 1923 989 inquit

329 1012 459 1083 (ls.,
492 1013 677 1083 XLV).
713 1010 877 1079 Dens,
911 1024 958 1072 et
986 1014 1120 1069 alius
1144 1014 1334 1085 absque
1360 1031 1439 1069 me
1459 1030 1560 1069 non
1584 1024 1677 1068 est.
1709 1014 1920 1069 Etcum

333 1107 385 1157 in
417 1104 496 1179 (:2)
525 1107 630 1161 alio
664 1106 744 1179 (5)
774 1107 1005 1177 idipsum
1034 1108 1224 1175 eodem
1256 1106 1417 1162 modo
1443 1107 1574 1161 dicit
1601 1126 1612 1161 :
1669 1109 1801 1162 Ante
1841 1124 1921 1161 me

332 1196 469 1251 Deus
514 1214 614 1253 non
654 1195 787 1268 fuit,
843 1201 1027 1256 nescio
1064 1216 1198 1271 quas
1248 1199 1367 1255 illas
1416 1200 1917 1256 Valentiuiauornm

328 1290 559 1345 z‘Eonnm
581 1294 921 1364 genealogias
945 1294 1231 1365 pulsat.Et,
1256 1293 1377 1348 Non
1393 1309 1458 1348 ea:
1472 1295 1741 1365 sanguine,
1761 1312 1922 1366 neque

326 1401 389 1437 tu:
414 1387 585 1440 carnis
612 1397 660 1441 et
688 1388 783 1441 viri
812 1387 1090 1454 voluntate,
1122 1388 1211 1442 scd
1248 1405 1312 1442 ea:
1356 1387 1464 1444 Deo
1508 1386 1714 1462 (10am,
1751 1391 1791 1461 Ι)
1823 1408 1920 1445 na-

327 1486 409 1530 tas
430 1487 532 1538 est.
569 1478 793 1534 llcbioni
821 1479 1113 1550 respondit.
1145 1481 1342 1554 IEqne,
1372 1480 1592 1538 Etiamsi
1618 1485 1827 1555 angelus
1854 1485 1918 1539 de

257 1586 265 1593 -
321 1570 448 1622 (telo
480 1568 560 1642 (4)
600 1571 750 1626 aliter
776 1573 1196 1644 euangelizaverit
1244 1576 1381 1629 vobis
1422 1592 1573 1643 quant
1617 1594 1741 1641 nos,
1785 1594 1916 1631 ana-

324 1662 490 1714 thema
517 1663 579 1716 sit
610 1661 777 1735 (Gal.,
811 1663 855 1736 I)
882 1681 896 1729 ;
934 1665 999 1720 ad
1029 1681 1314 1738 energema
1345 1668 1665 1739 Apellciaca:
1690 1672 1912 1742 virginis

2037 461 2250 516 quoque
2279 447 2329 500 in
2357 446 2460 501 alla
2486 461 2649 501 earum
2668 444 3122 502 resurrectionem
3144 445 3486 501 adseverant.
3520 448 3634 502 Sed

2037 540 2193 604 bene,
2218 540 2358 610 quod
2386 539 2523 594 idem
2550 539 2726 594 veniet
2748 538 2814 594 de
2836 538 3007 601 caelis,
3034 539 3120 609 qui
3140 548 3223 593 est
3240 553 3457 608 passus;
3486 540 3634 597 idem

2033 634 2283 689 omnibus
2308 632 2610 702 apparebit,
2643 631 2734 702 qui
2771 640 2854 687 est
2885 632 3258 687 resuscitatus.
3294 631 3363 686 Et
3386 633 3637 688 videbunt

2033 735 2088 780 et
2138 733 2470 796 agnoscent,
2527 723 2613 794 qui
2666 739 2781 778 eum
2843 723 3188 791 con/ixerunt
3221 708 3485 794 (laetu,
3524 723 3634 790 XI;

2030 817 2212 883 Joau.,
2241 815 2421 889 XIX):
2454 816 2645 888 utique
2666 815 2836 886 ipsam
2866 829 3118 881 carnem,
3161 815 3212 868 in
3253 829 3410 884 quam
3439 818 3638 871 satric-

2029 920 2190 977 rnnt;
2241 910 2358 964 sine
2395 924 2520 981 qua,
2556 908 2801 978 nccjpsc
2828 922 2950 962 esse
2981 907 3210 978 poterit,
3255 921 3355 961 nec
3381 909 3632 977 agnosci.

2030 1001 2098 1059 Ut
2143 1010 2199 1056 et
2236 1002 2310 1056 illi
2354 1000 2692 1064 erubescant,
2728 998 2819 1070 qui
2844 996 3115 1053 afﬁrmant
3139 1012 3358 1052 carnem
3391 998 3443 1051 in
3471 1001 3633 1055 cmfis

2027 1111 2251 1153 vacuam
2290 1110 2474 1163 sensu,
2502 1104 2559 1149 ut
2590 1094 2834 1164 vaginam
2865 1076 3366 1161 exenipto'Christo
3392 1093 3626 1148 sedere:

2024 1200 2116 1245 aut
2149 1190 2238 1260 qui
2268 1202 2487 1243 carnem
2514 1195 2570 1241 et
2596 1185 2829 1240 animam
2860 1183 3190 1238 tantumdem
3212 1224 3226 1247 ,
3256 1191 3349 1237 aut
3386 1191 3627 1237 tantum-

2027 1284 2186 1339 modo
2211 1281 2465 1348 animam,
2495 1293 2715 1335 carnem
2747 1291 2876 1333 vero
2904 1290 3008 1331 non
3034 1278 3167 1346 jam.

2624 1434 2855 1492 CAPUT
2895 1433 3064 1489 XXV.

2091 1583 2196 1640 Sed
2229 1582 2486 1637 hactenus
2512 1577 2581 1633 de
2610 1575 2831 1632 materia
2863 1573 3117 1646 przcsenti
3144 1574 3294 1628 satis.
3325 1570 3441 1628 Iam
3467 1572 3621 1628 enim
3678 1592 3685 1597 ·

2022 1680 2253 1735 arbitror
2280 1678 2595 1730 instructam
2625 1685 2747 1726 esse
2778 1670 2956 1724 carnis
2987 1667 3042 1723 in
3063 1667 3301 1733 Christo,
3328 1675 3383 1721 et
3413 1681 3477 1722 ex
3511 1666 3624 1719 vir-

328 1750 672 1809 I’hilmnencs
702 1755 848 1810 filum
879 1756 959 1829 (5)
989 1757 1186 1829 dirigit.
1221 1759 1413 1827 Certe,
1457 1763 1546 1831 qui
1574 1773 1724 1833 negat
1766 1762 1916 1819 Chri-
1947 1747 1996 1807 B
2023 1774 2147 1845 gine
2178 1780 2338 1833 nata},
2369 1777 2426 1822 et
2456 1766 2705 1821 humana:
2737 1761 3129 1834 probationem.
3172 1759 3323 1826 Quod
3361 1768 3416 1813 ct
3440 1758 3619 1813 solum

320 1854 456 1898 slum
496 1846 548 1899 in
588 1864 740 1902 cta'ne
772 1851 984 1914 venisse,
1028 1852 1110 1906 hic
1152 1855 1481 1911 antichristus
1519 1866 1590 1911 cst
1619 1858 1637 1929 (
1658 1859 1697 1913 I.
1725 1858 1909 1925 Joan.,

330 1937 443 2009 IV).
475 1939 676 1998 Nudam
709 1956 761 1998 et
787 1945 1085 2003 absolutam
1112 1958 1166 2004 et
1195 1951 1421 2023 simplici
1455 1956 1670 2012 nomine
1705 1969 1909 2015 natura:

321 2043 435 2121 sua:
479 2036 828 2101 promnniaus
865 2054 1100 2107 carnem,
1145 2057 1334 2099 omnes
1371 2045 1761 2118 disceptatores
1791 2052 1909 2121 ejus

319 2118 461 2174 ferit.
518 2123 666 2179 Sicut
705 2137 759 2182 et
806 2129 1070 2187 definiens
1120 2134 1293 2204 ipsum
1350 2153 1567 2208 quoque
1632 2118 1905 2200 Christum

323 2227 506 2279 unum,
534 2218 875 2276 multiformis
898 2222 973 2291 (6)
997 2223 1195 2281 Christi
1222 2240 1683 2298 argnmentatores
1713 2237 1904 2306 quatit,

318 2306 408 2395 qui
462 2309 623 2364 alium
677 2311 877 2371 faciunt
920 2318 1213 2388 Christum,
1264 2324 1427 2380 alium
1475 2325 1689 2395 Iesum;
1743 2331 1906 2386 alium

318 2394 558 2465 elapsum
582 2401 650 2457 de
678 2405 868 2460 mediis
894 2408 1082 2477 turbis,
1116 2412 1275 2467 alium
1304 2414 1577 2472 detentum
1604 2435 1619 2484 ;
1662 2394 1825 2477 alium
1855 2425 1906 2479 in

314 2502 529 2545 sccc~su
561 2497 757 2550 montis
784 2538 799 2564 ,
851 2499 901 2553 iu
933 2503 1136 2559 ambitu
1168 2506 1323 2561 nubis
1353 2509 1453 2564 sub
1490 2512 1660 2567 tribus
1691 2517 1907 2575 arbitris

316 2579 553 2669 clarum;
606 2587 769 2642 alium
800 2594 1011 2649 czcteris
1059 2599 1349 2667 passivum,
1377 2603 1695 2675 ignobilem;
1737 2613 1901 2670 alium

317 2677 749 2747 magnanimum,
791 2683 952 2739 alium
989 2701 1115 2743 vero
1143 2693 1533 2767 trepidantem;
1592 2706 1902 2774 novissime,

2018 1865 2320 1921 discussum
2348 1858 2598 1915 sufficere
2625 1855 2904 1926 potuisset,
2933 1852 3013 1924 (7)
3037 1852 3168 1906 citra
3190 1850 3519 1921 singularum
3541 1866 3615 1905 ex

2017 1962 2232 2019 diverso
2272 1955 2586 2028 opinionum
2634 1948 3106 2019 congressionem;
3154 1961 3313 2016 quam
3356 1956 3413 2001 et
3449 1960 3618 2017 argu-

2019 2050 2441 2111 mentationibus
2471 2059 2657 2101 carum
2682 2084 2698 2108 ,
2738 2049 2794 2096 et
2821 2040 3102 2110 scripturis
3128 2039 3324 2110 quibus
3353 2049 3614 2111 ungitur,

2018 2141 2426 2220 provocavimns
2457 2154 2522 2194 ex
2564 2134 2895 2199 abundanti,
2926 2134 2999 2186 uti
3030 2147 3132 2190 eo.
3171 2131 3312 2201 quod
3354 2096 3618 2200 probavi-

2015 2254 2167 2301 mus,
2200 2233 2326 2305 qnid
2372 2241 2426 2287 et
2472 2228 2613 2284 unde
2665 2224 2829 2281 fuerit
2872 2223 3070 2280 Christi
3117 2236 3273 2287 caro,
3325 2222 3452 2291 quid
3501 2238 3616 2278 non

2013 2330 2208 2396 fuerit,
2261 2327 2523 2381 adversus
2564 2333 2753 2373 otnues
2808 2315 3334 2386 pra‘jtnliraverinius
3382 2312 3482 2385 (8).
3544 2315 3617 2371 Ut

2013 2434 2193 2480 autem
2224 2416 2515 2476 clausulam
2553 2411 2633 2485 (9)
2674 2412 2743 2466 de
2773 2407 3094 2479 praefatione
3131 2407 3402 2460 communi
3450 2407 3618 2462 faciat

2014 2514 2341 2573 resurrectio
2382 2507 2562 2565 carnis
2603 2514 2799 2559 nostra:
2845 2500 2994 2574 (10),
3045 2500 3150 2555 alio
3198 2498 3378 2553 libello
3414 2498 3612 2554 «lorea-

2010 2610 2218 2673 denda,
2266 2607 2352 2662 hic
2394 2600 2616 2658 habebit
2648 2595 3119 2667 przrstrnctionem
3162 2592 3277 2663 (a);
3324 2592 3617 2648 manifesto

2005 2713 2139 2782 jmu,
2165 2702 2322 2777 quale
2347 2695 2508 2753 fuerit
2532 2690 2675 2763 quod
2702 2692 2754 2745 in
2783 2687 3002 2744 Christo
3030 2685 3324 2743 resurrexit
3347 2685 3394 2759 (l
3415 2685 3487 2757 l).

1520 2816 1896 2884 LECTIONES
1935 2817 2349 2885 VARIANTES.

378 2907 442 2980 li)
481 2911 674 2980 ._AIia_stt
697 2928 790 2980 qua
810 2917 1009 2980 ridetur
1036 2926 1175 2974 Pam.

482 2973 533 3046 In
556 2975 685 3046 abest
702 2973 734 3029 ὰ
756 2977 909 3046 tilica.
934 2985 1084 3037 Seml.

372 3034 445 3099 (ὃ)
481 3036 596 3089 Ctlm
620 3041 740 3091 alias
762 3044 913 3093 Frtm.
942 3034 1075 3099 Pani.

372 3098 445 3158 (ι)
480 3099 625 3151 Canis
646 3103 797 3155 Itltrn.
824 3108 972 3158 Semt.

370 3160 443 3285 (ἴξ)
484 3161 654 3237 Filium
683 3176 814 3219 Pam.
834 3167 984 3220 Rhea.

391 3224 438 3285 ὁ)
480 3224 800 3280 Multtformcs
824 3232 977 3283 Fran.

391 3222 438 3288 6)
480 3224 800 3280 Multiformcs
824 3232 977 3283 Fran.

1931 3041 2126 3179 Ci?

2095 2936 2146 3001 π)
2179 2930 2285 3001 sed
2306 2929 2455 3001 ἔξιδεν·
2484 2923 2628 3001 δίψη·
2652 2913 3157 3001 Ξειὶα;-..,.λ....-ς.....,

2093 2976 2145 3050 8'
2179 2976 2617 3047 Iii'aadicarerimus
2645 2985 2768 3033 Par.
2781 2976 3157 3043 pm'averimus
3181 2976 3286 3041 Rig.
3309 2976 3449 3040 Leop.
3482 2977 3617 3027 ναι,

2094 3062 2126 3113 9
2181 3054 2405 3111 Clausula
2420 3052 2574 3104 Rhea.
2590 3042 2740 3097 Scml.

2098 3011 2175 3174 th)
2208 3120 2400 3171 Nostrze
2418 3114 2546 3164 abest
2569 3123 2599 3158 a
2628 3099 2950 3174 Rhea._Seml.

2181 3042 2405 3111 Clausula
2420 3052 2574 3104 Rhea.
2590 3042 2740 3111 Scml.

2159 3099 2405 3181 )"ﬁd'siisé
2418 3099 2546 3181 abest
2569 3099 2950 3181 a_t.thea.ﬂs_eml.

2074 3164 2179 3251 (ίῖ)
2211 3164 2565 3232 Iiesiirrexerit
2588 3169 2739 3224 Rhea.
2767 3164 2915 3217 Semt.

1664 3353 2231 3413 COMMENTARIUS.

334 3448 733 3542 ³ιςξῒῐξ-ΧΧΥῙ
760 3485 832 3542 :—
849 3456 929 3542 (ει)
973 3456 1042 3514 Ut
1077 3471 1244 3542 autem
1283 3466 1565 3542 clausulam
1602 3470 1665 3524 de
1702 3476 1894 3542 ιιι-ωρι-

306 3529 442 3597 tione
474 3529 729 3597 conamini
758 3529 914 3597 faciat
960 3536 1260 3589 resurrectio
1304 3540 1474 3593 carnis
1519 3529 1721 3597 nostrce'.
1769 3529 1894 3597 II'a‘c

307 3592 876 3683 “ininsularespondet
901 3602 1096 3683 uerbis
1125 3604 1374 3683 i_ili_s_qua:
1416 3592 1468 3665 in
1507 3592 1729 3681 liuinsec
1759 3592 1894 3683 prie:

305 3659 505 3718 fatione
533 3659 711 3735 operis
736 3667 1017 3739 leguntur:
1051 3673 1151 3738 Qui
1181 3659 1890 3745 ράὲιῖνεὲιὶνῖἂιῖἇῆὶὶ’ὶὶῖ-

2002 3472 2118 3527 dcat
2140 3473 2439 3539 inquietare,
2458 3461 2636 3539 merito
2655 3456 2843 3513 Christi
2863 3469 3063 3526 quoque
3079 3467 3284 3507 carnem
3307 3448 3609 3522 quwstioni-

2002 3545 2093 3598 bus
2115 3537 2425 3596 distrahunt.
2456 3537 2574 3609 the.
2660 3601 2689 3609 _
2736 3600 2748 3609 _
2860 3598 2890 3609 ι,
3103 3597 3116 3608 ,

2072 3614 2150 3686 (ιι)
2188 3612 2460 3686 Manifesta
2495 3608 2626 3675 jam.
2657 3598 3007 3663 Subauditur,
3032 3598 3316 3659 existente,
3347 3603 3402 3647 nt
3425 3607 3616 3663 grmee

2000 3683 2146 3749 διλοιι
2176 3694 2326 3748 ὄντος.
2357 3683 2534 3737 “BEN.

506 3839 788 3850 -σο-α-υ
839 3841 1057 3855 -ψ-ιρδ
1091 3845 1104 3853 .
1120 3846 1126 3851 .
2068 3834 2073 3841 ⁸

751 4026 1132 4112 QUINTI
1182 4030 1671 4105 SEPTIMII
1708 4028 2321 4105 FLOBENTlS
2376 4020 3109 4117 TERTULLIANI

510 4217 775 4359 DE
859 4206 2547 4401 B'ESURRECTIONE
2614 4217 3411 4367 CARNIS.

1155 4508 1882 4549 Μ

2010 4513 2738 4552 W

289 4662 682 4722 Ancunen'ruu.
706 4694 777 4706 --
801 4664 882 4723 De
942 4667 1306 4722 resurrectione
1373 4666 1541 4739 carnis
1607 4667 1895 4737 scripturus
1918 4667 1971 4728 D
2005 4663 2179 4736 Neque
2206 4665 2339 4721 cnim
2377 4666 2577 4721 obstare
2621 4667 2792 4722 carnis
2817 4683 2971 4739 quam
2997 4667 3320 4737 praetendunt
3356 4668 3577 4740 ignobili
3589 4701 3607 4715 -

363 4760 571 4821 Auctor.
599 4760 848 4830 imprimis
877 4761 1031 4814 tradit
1055 4776 1168 4815 eam
1194 4759 1345 4813 etiam
1375 4760 1582 4826 steculo,
1606 4770 1651 4813 et
1682 4775 1895 4831 praescr-

357 4854 445 4905 tim
490 4851 776 4908 Platonicis
820 4869 882 4907 ac
927 4852 1283 4924 Pythagoricis
1311 4867 1413 4906 non
1444 4852 1664 4924 ignotam
1714 4853 1890 4924 fuisse.

358 4943 487 5012 Cap.
521 4944 559 4998 I.

288 5029 568 5092 [hereticos
593 5054 710 5093 vero
734 5080 748 5102 ,
800 5038 893 5094 etsi
930 5055 1047 5093 cum
1089 5036 1392 5094 Sadducaeis
1428 5054 1531 5092 non
1585 5047 1881 5109 agnoscant,

260 5118 283 5137 ⁶
357 5132 540 5184 reuinci
579 5141 883 5186 tamentam
917 5131 1046 5186 libro
1095 5131 1355 5202 prtemisso
1400 5146 1467 5185 nc
1506 5145 1681 5186 causa
1717 5130 1883 5205 Cunt-

357 5239 458 5286 sri,
493 5232 597 5276 tum
627 5230 693 5279 ne
712 5224 825 5280 Deo
858 5240 1042 5280 CARNIS
1059 5237 1409 5287 mereamur
1438 5223 1675 5278 CHRISTO
1699 5237 1886 5278 cunnus

292 5330 299 5339 '
353 5330 726 5384 ItEtIEHPTORE,
781 5317 924 5373 libris
974 5332 1238 5374 navansus
1276 5316 1595 5373 Manetoxcu
1640 5317 1885 5385 scriptis;

352 5409 489 5478 quod
513 5411 698 5464 uitiata:
721 5413 1136 5466 resurrectionem
1155 5429 1257 5466 non
1284 5419 1484 5479 negent.
1514 5421 1699 5481 prieter
1717 5410 1884 5463 solum

355 5499 624 5553 Lucanum
650 5517 668 5564 ;
710 5513 886 5557 contra
912 5519 1057 5574 quem
1083 5504 1270 5558 animle
1294 5502 1729 5558 immortalitatem
1755 5500 1883 5556 libro

351 5609 417 5646 uz:
446 5607 609 5646 amnt
647 5603 834 5655 tutatus
856 5596 939 5650 sit.
982 5596 1109 5666 Cap.
1134 5595 1199 5651 If.

277 5680 506 5737 Proinde
549 5686 807 5741 hazreticos
860 5704 962 5743 non
1004 5688 1179 5743 debere
1196 5688 1334 5759 uulgi
1380 5686 1431 5740 in
1470 5702 1529 5741 ea
1578 5685 1877 5756 deneganda

343 5776 686 5846 ignorantiam
730 5782 884 5851 sequi.
936 5781 1068 5852 Cap.
1106 5778 1194 5836 IIl.

2071 4768 2243 4814 tatem.
2294 4757 2424 4829 Cap.
2456 4759 2543 4816 IV.

1999 4850 2257 4920 Primum,
2301 4853 2437 4922 quod
2462 4870 2494 4907 a
2519 4853 2625 4908 Deo
2649 4861 2786 4926 facta
2813 4854 2901 4910 sit.
2933 4854 3065 4924 Cap.
3082 4839 3164 4908 'V.

1996 4943 2149 5012 Item,
2184 4946 2322 5010 quod
2353 4945 2448 5000 Dei
2472 4963 2626 5001 manu
2663 4956 2937 5002 exstructa.
2984 4946 3113 5018 Cap.
3144 4946 3235 5002 VI.

1999 5038 2148 5105 Quod
2166 5040 2283 5110 jam
2330 5041 2479 5095 limus
2525 5043 2578 5095 in
2617 5057 2821 5097 carnem
2866 5041 3172 5112 reformatus
3214 5049 3259 5095 et
3298 5040 3606 5097 immutatus

2065 5131 2150 5185 sit.
2200 5131 2328 5202 Cap.
2366 5131 2476 5188 VII.

1996 5222 2145 5288 Quod
2197 5231 2339 5293 apud
2378 5225 2679 5278 christianos
2718 5241 2838 5280 caro
2876 5224 3150 5291 abluatur,
3199 5233 3487 5302 unguatur,-
3519 5227 3605 5279 si...

2064 5325 2246 5386 gnetur
2267 5358 2282 5379 ,
2334 5331 2510 5370 namus
2536 5316 2855 5388 impositionc
2884 5315 3212 5371 adumbretar
3233 5357 3249 5382 ,
3302 5331 3520 5385 corpore
3545 5329 3598 5372 et

2063 5407 2310 5477 sanguine
2352 5406 2540 5462 Christi
2596 5418 2825 5463 vescatur
2894 5410 3111 5481 denique
3177 5418 3288 5477 post
3319 5410 3594 5475 conﬂicta-

2063 5499 2224 5550 tioncs
2253 5499 2455 5564 animle,
2485 5500 2698 5571 iejuuia,
2742 5502 3098 5572 uirginitatem,
3139 5500 3450 5566 viduitatem,
3494 5518 3596 5571 pro

2056 5592 2275 5646 nominis
2301 5589 2489 5647 Christi
2517 5593 2617 5661 ﬁde
2641 5596 2904 5649 moriatur.
2924 5591 3053 5663 Cap.
3087 5591 3221 5647 VIII.

1985 5685 2136 5753 Quod
2160 5684 2389 5740 Christus
2421 5704 2648 5754 carnem,
2690 5688 2781 5744 etsi
2806 5687 3092 5755 .ia/irmam
3139 5693 3186 5738 et
3228 5683 3587 5757 peccatricem,

2052 5776 2304 5831 dilexerit.
2339 5778 2467 5847 Cap.
2498 5777 2586 5833 IX.
