4042 6288
379 322 491 381 793

386 443 539 512 Quod
563 441 779 513 denique
803 438 1086 509 Scripturis
1110 454 1228 494 caro
1244 438 1539 494 illustratur.
1572 437 1703 508 Cap.
1736 438 1801 493 X.

385 535 565 606 Neque
616 550 731 589 vero
793 532 884 586 Dei
934 533 1209 605 potentiam
1271 530 1510 586 excedere
1567 533 1981 586 resurrectionem

452 629 638 683 carnis.
680 625 810 696 Cap.
839 624 930 680 XI.

384 718 584 777 Divina:
623 723 757 776 enim
806 721 1042 790 potentia:
1078 718 1366 788 exemplum
1390 734 1496 774 esse
1543 719 1645 774 diei
1692 735 1754 773 ac
1779 719 1938 774 noctis
1963 761 1978 785 ,

454 815 649 886 hyemis
699 813 995 891 etgtestatis,
1037 813 1166 869 veris
1211 829 1272 866 ac
1313 813 1543 867 autumni
1587 813 1977 869 vicissitudines.

451 909 583 979 Cap.
613 906 731 963 XII.

382 1001 676 1057 Phwnicem
705 1001 880 1068 etiam,
910 998 1133 1054 Orientis
1158 998 1352 1063 alitem,
1371 998 1457 1070 qui
1483 998 1808 1070 semetipsum
1834 1000 1979 1071 fune-

451 1112 573 1149 raus
601 1101 829 1148 renovat.
879 1092 1010 1161 Cap.
1042 1089 1183 1146 XIII.

380 1187 535 1255 Atqui
569 1195 615 1240 et
656 1200 888 1239 caussam
923 1183 1256 1249 restitutionis
1303 1182 1472 1236 carnis
1519 1180 1752 1236 idoneam
1781 1182 1982 1238 subesse
2032 1196 2035 1201 '

454 1276 550 1332 Dei
570 1278 620 1330 in
643 1277 772 1330 bono
798 1274 1169 1329 remunerando
1196 1282 1242 1327 et
1266 1271 1404 1327 malo
1424 1271 1680 1343 puniendo
1697 1272 1976 1343 judicium.

450 1367 582 1437 Cap.
627 1365 769 1421 Χιν.

377 1461 510 1517 Cum
545 1462 680 1516 enim
703 1474 971 1530 aper-arum
1009 1459 1139 1511 inter
1161 1472 1215 1511 se
1241 1456 1414 1511 anima
1452 1465 1500 1511 et
1540 1473 1660 1512 caro
1692 1459 1979 1513 societatem

449 1555 700 1620 habeant,
727 1560 958 1621 oportere
983 1553 1155 1613 etiam,
1186 1559 1277 1603 aut
1300 1565 1482 1618 parum,
1511 1560 1600 1605 aut
1626 1553 1808 1622 gratite
1835 1568 1978 1608 com-

450 1648 709 1702 municare
740 1645 1040 1701 mercedem.
1069 1642 1202 1715 Cap.
1247 1642 1363 1699 XV.

383 1739 503 1795 Etsi
559 1740 691 1794 enim
758 1752 851 1793 vas
887 1738 1080 1792 anima:
1128 1751 1251 1790 caro
1299 1735 1584 1807 appelletur
1606 1780 1621 1804 ,
1668 1754 1769 1792 non
1815 1748 1981 1795 tamen

1421 319 1628 378 LIBER
1669 318 1758 378 DE
1794 319 2371 383 RESURRECTIONE
2408 325 2680 387 CARNIS.

3575 335 3676 392 794

2161 444 2329 498 carnis
2379 460 2410 496 a
2434 443 2651 500 Domino
2681 448 2884 518 proprie
2907 448 3205 520 signiﬁcari,
3238 458 3494 521 totumque
3521 451 3684 505 homi-

2157 554 2269 591 nem
2311 555 2416 592 esse
2451 534 2487 592 ia
2531 539 2635 593 Deo
2684 541 3001 608 elevandum,
3053 559 3198 613 quem
3245 543 3480 601 diabolus
3525 554 3681 601 totum

2155 628 2304 683 elisit.
2337 628 2467 701 Cap.
2495 630 2734 688 XXXIV.

2088 718 2368 792 Utrumque
2390 724 2602 793 prepoui
2623 742 2807 796 corpus
2833 735 2881 781 et
2901 728 3125 782 animam
3149 728 3384 784 distincte
3406 729 3475 784 ad
3499 730 3685 803 gehen-

2157 831 2277 870 nam
2305 824 2350 871 et
2371 817 2441 871 ad
2462 817 2616 873 vitam
2645 829 2906 874 cateruam.
2939 819 3071 892 Cap.
3100 820 3321 878 XXXV.

2085 904 2222 961 Hinc
2302 907 2551 980 susdeque
2630 912 2841 966 vertitur
2918 911 3326 969 Sadducworum
3412 917 3677 974 sententia.

2153 999 2283 1071 Cap.
2303 999 2544 1058 xxxvr.
2847 1002 2853 1007 ·

2085 1092 2389 1166 Quanquam
2413 1096 2541 1151 adeo
2570 1113 2775 1152 carnem
2803 1096 3037 1154 Christus
3060 1098 3200 1153 dicat
3240 1100 3371 1156 nihil
3403 1103 3643 1174 prodesse
3660 1146 3675 1169 ,

2153 1203 2216 1242 ea:
2262 1191 2470 1244 materia
2514 1188 2638 1245 dicti
2694 1206 2896 1246 sensum
2945 1207 3052 1247 esse
3117 1191 3460 1264 dirigendum.
3546 1194 3677 1264 Cap.

2153 1280 2420 1339 XXXVII.

2087 1373 2332 1440 Maxime,
2361 1392 2477 1430 cum
2506 1376 2655 1431 etiam
2679 1380 2831 1450 factis
2866 1387 3093 1435 mortuos
3131 1379 3501 1448 resuscitando,
3533 1385 3678 1454 futu-

2152 1486 2262 1523 ram
2289 1472 3047 1544 resurrectionemsigniﬁcarit.
3074 1471 3204 1545 Cap.
3237 1473 3527 1529 XXXVIII.

2083 1561 2518 1618 Resurrectionem
2555 1580 2750 1634 quoque
2786 1564 3196 1633 Apostolicorum
3224 1565 3459 1621 Actorum
3490 1551 3701 1622 instru-i

2155 1666 2320 1712 menta
2340 1659 2534 1713 testari.
2562 1657 2693 1728 Cap.
2722 1656 2970 1714 XXXIX.

2090 1748 2367 1820 Perperam
2417 1750 2630 1819 proinde
2665 1766 2760 1806 suo
2812 1751 2963 1806 etiam
2988 1767 3127 1806 more
3168 1751 3381 1807 haereses
3404 1768 3497 1825 pro
3526 1768 3579 1807 se
3602 1754 3683 1807 in-

452 1844 718 1904 pr0pterea
748 1875 764 1899 ,
820 1848 921 1886 non
972 1840 1018 1885 et
1093 1829 1285 1885 meritis
1356 1831 1544 1886 anima:
1581 1832 1975 1890 communicare.

2156 1844 2420 1913 terpretari
2476 1844 2765 1899 interiorem
2808 1853 2856 1898 et
2889 1843 3499 1914 exterioremhominem},
3535 1845 3683 1917 quasi

453 1925 585 1995 Cap.
632 1923 773 1979 XVI.

379 2019 544 2090 Atque
585 2018 732 2085 adeo,
762 2033 876 2071 cum
901 2016 1087 2070 aninue
1125 2019 1261 2089 facta
1285 2031 1376 2087 per
1392 2032 1597 2072 carnem
1622 2016 1980 2074 administren-

455 2123 705 2211 tur,.non
736 2110 961 2181 sufﬁcere
1002 2110 1223 2163 animam
1260 2110 1420 2179 foveri
1459 2120 1546 2164 aut
1584 2113 1823 2180 cruciari,
1873 2114 1981 2168 sine

453 2201 627 2268 carne,
660 2221 750 2275 pro
798 2203 1032 2275 operibus
1067 2204 1255 2259 carnis.
1285 2201 1416 2274 Cap.
1445 2203 1609 2261 XVII.

381 2286 583 2353 Deinde
618 2296 759 2368 apud
781 2311 954 2350 omnes
983 2296 1202 2350 edictum
1234 2294 1327 2349 Dei
1366 2296 1618 2367 pendere:
1646 2300 1977 2355 resurrectio-

452 2406 563 2445 nem
613 2397 949 2444 mortuorum.
1003 2385 1132 2458 Cap.
1166 2386 1354 2443 XVIII.
1880 2378 1887 2384 ’

374 2482 552 2551 Quam
606 2481 814 2554 quidam
858 2480 989 2535 male
1033 2481 1087 2534 in
1148 2480 1505 2552 imaginariam
1556 2480 1979 2553 signiﬁcationem

452 2577 780 2648 distorquent.
810 2575 940 2646 Cap.
982 2574 1127 2630 XIX.

380 2664 503 2723 Non
538 2668 711 2722 omnia
739 2669 874 2723 enim
914 2669 1189 2739 prophetas
1219 2683 1311 2739 per
1334 2669 1582 2739 imagines
1611 2670 1978 2735 concionatos;

454 2773 559 2815 tum
597 2761 753 2831 quod,
799 2762 843 2816 si
891 2763 1063 2816 omnia
1097 2764 1308 2834 ﬁgurae,
1354 2763 1480 2828 quid
1525 2765 1621 2819 erit
1671 2761 1805 2817 illud
1830 2765 1979 2834 cujus

449 2853 669 2925 ﬁguraz?
692 2863 798 2908 tum
817 2852 954 2923 quod
977 2854 1031 2907 in
1060 2852 1229 2923 ipsum
1256 2851 1516 2909 Christum
1539 2854 1821 2925 insigniora
1844 2870 1982 2925 qua:-

450 2965 548 3018 que
593 2948 705 3002 luce
743 2948 938 3002 clarius
956 2990 971 3015 ,
995 2963 1129 3014 vere,
1157 2963 1257 3003 non
1285 2948 1501 3020 ﬁgurate
1519 2988 1536 3013 ,
1559 2946 1833 3019 adimpleta
1854 2947 1975 3001 sint.

448 3040 579 3109 Cap.
612 3038 732 3095 XX.

382 3130 478 3186 Tot
504 3148 696 3202 quoque
718 3148 826 3187 esse
850 3133 1186 3189 instrumenta
1218 3134 1410 3204 divina,
1432 3134 1503 3189 ita
1538 3142 1712 3206 aperte
1734 3147 1977 3204 corpora-

450 3226 548 3279 lem
573 3228 906 3282 contestantia
931 3230 1380 3296 resurrectionem,
1410 3240 1464 3284 ut
1485 3229 1682 3285 nullam
1702 3227 1976 3283 admittant
2002 3236 2047 3299 ρ

450 3318 687 3388 ﬁguratae
708 3319 1068 3389 signiﬁcantia:
1090 3322 1447 3392 suspicionem.
1487 3322 1618 3394 Cap.
1647 3319 1791 3376 XXI.

377 3407 768 3480 Respiciendum
781 3428 888 3468 esse
915 3412 1128 3483 denique
1148 3414 1218 3468 ad
1244 3414 1361 3469 illas
1393 3412 1710 3485 Scripturas,
1741 3429 1857 3485 qua:
1875 3428 1978 3467 non

452 3502 621 3556 sinunt
671 3505 903 3570 credere,
931 3505 1342 3562 resurrectionem
1379 3517 1467 3562 aut
1504 3507 1621 3579 jam
1646 3511 1860 3580 factam,
1888 3517 1978 3562 aut

450 3594 513 3647 ab
543 3611 747 3650 excessu
768 3598 935 3651 statim
962 3599 1076 3653 vim:
1096 3600 1227 3667 ﬁeri.
1271 3599 1400 3670 Cap.
1432 3598 1598 3654 XXII.

381 3687 494 3743 Etsi
524 3699 691 3743 autem
732 3691 1022 3763 Apostolus,
1070 3692 1140 3744 ad
1174 3691 1545 3763 Colossenses,’
1567 3692 1867 3765 spiritaliter
1884 3708 1977 3747 nos

451 3783 771 3839 resuscitatos
790 3786 925 3839 dicat
957 3828 971 3850 ,
1002 3801 1104 3840 non
1128 3802 1314 3857 negare
1333 3793 1525 3854 tamen,
1546 3787 1695 3842 etiam
1734 3802 1976 3858 corpora-

451 3877 565 3930 liter
588 3885 973 3963 resurrecturos.
1023 3876 1152 3949 Cap.
1177 3876 1364 3934 XXIII.

379 3968 588 4040 Quippe
636 3986 751 4025 cum
776 3972 905 4041 ipse,
939 3971 1184 4041 Epistolis
1209 3975 1317 4030 suis
1364 3975 1431 4028 ad
1479 3974 1971 4042 Thessalonicenses,

449 4065 863 4118 resurrectionem
890 4074 1063 4136 aperte
1088 4066 1371 4136 conﬁrmet.
1399 4067 1528 4138 Cap.
1562 4066 1755 4122 XXIV.
1894 4114 1935 4127 ν

375 4153 444 4208 In
476 4154 787 4228 Apocalypsi
809 4157 1043 4212 similite‘r
1067 4156 1307 4225 Joannis,
1342 4158 1455 4230 ipsa
1480 4168 1707 4231 tempora
1749 4175 1975 4216 resurre-

448 4247 627 4303 ctionis
653 4246 889 4302 indicari.
925 4246 1056 4317 Cap.
1089 4246 1256 4302 XXV.
1543 4246 1546 4248 ⁷

378 4340 516 4407 Quid
541 4339 567 4394 ?
599 4340 734 4405 quod
770 4338 917 4395 liceat
941 4340 1092 4394 etiam
1116 4341 1431 4411 corporalem
1469 4344 1883 4397 resurrectionem
1911 4343 1975 4399 de

447 4433 731 4501 patrocinia
783 4434 994 4504 ﬁgurati
1060 4431 1250 4503 eloquii
1320 4431 1605 4502 prophetici
1689 4434 1967 4488 vindicare.

442 4524 571 4597 Cap.
606 4522 794 4580 XXVI.

372 4619 508 4674 Tum
534 4630 703 4687 terrae,
727 4630 832 4674 tum
854 4620 1258 4677 vestimentorum
1281 4619 1503 4674 nomine.
1523 4617 1659 4690 Cap.
1676 4618 1895 4675 XXVII.

372 4712 399 4767 Ι
409 4730 509 4779 mo,
538 4714 666 4768 sicut
704 4712 928 4782 vocibus,
950 4714 1024 4767 ita
1064 4721 1111 4767 et
1150 4714 1298 4768 rebus
1326 4728 1388 4767 ac
1430 4713 1581 4783 {actis
1609 4712 1969 4784 prophetatum

445 4808 886 4861 resurrectionem.
928 4803 1059 4877 Cap.
1079 4803 1270 4860 XXIII.

372 4892 846 4964 Manifestissimam
882 4896 1097 4969 denique
1123 4914 1230 4953 esse
1260 4896 1323 4952 de
1364 4896 1541 4954 eadem
1567 4896 1851 4954 Ezechielis
1876 4898 1965 4953 de-

440 4993 864 5048 terminationem.
918 4991 1049 5063 Cap.
1096 4989 1288 5047 XXIX.

370 5082 600 5155 Eumque
649 5085 800 5155 talem
824 5125 838 5149 ,
888 5093 943 5138 ut
993 5085 1209 5154 ﬁgurate
1238 5093 1329 5139 aut
1370 5084 1642 5156 allegorice
1678 5099 1777 5139 non
1807 5084 1966 5155 possit

437 5177 668 5249 in'elligi.
710 5174 839 5248 Cap.
870 5175 1038 5231 XXX.

367 5269 491 5324 Cum
515 5271 632 5326 aliis
663 5286 859 5342 quoque
886 5270 1171 5342 manifestis
1216 5272 1577 5343 prophetarum
1613 5270 1852 5341 probetur
1891 5280 1965 5326 te-

438 5365 708 5420 stimoniis.
736 5365 865 5436 Cap.
890 5363 1083 5419 XXXI.

368 5458 541 5530 lisque
560 5460 890 5533 ejuscemodi,
918 5459 1099 5531 quibus
1134 5459 1445 5531 praedicatur
1497 5459 1648 5513 etiam
1693 5473 1965 5528 corporum

438 5554 807 5625 insepultorum
852 5554 1171 5609 resurrectio.
1222 5554 1351 5623 Cap.
1383 5550 1603 5608 XXXII.

368 5645 532 5702 Porro
579 5648 733 5702 etiam
776 5648 832 5701 in
875 5643 1189 5718 Evangeliis,
1231 5661 1334 5699 non
1369 5644 1543 5699 omnia
1565 5644 1620 5698 in
1646 5642 1906 5719 parabolis
1934 5658 1966 5695 a

441 5738 662 5794 Domino
690 5739 1039 5811 pronuntiata.
1067 5735 1198 5808 Cap.
1222 5734 1464 5814 XXXIII.

369 5831 486 5887 Ima
531 5832 585 5887 in
618 5831 760 5888 omni
800 5829 1180 5885 resurrectionis
1220 5829 1492 5905 mentione,
1545 5825 1962 5900 corporalitatem

1997 4638 2049 4697 D

2154 1951 2244 2007 per
2268 1935 2678 2013 corruptionem,
2721 1937 2983 1990 exterioris
3013 1936 3180 1989 carnis
3210 1935 3552 2007 corruptelam
3597 1936 3684 1990 in-

2157 2027 2368 2099 telligat.
2400 2025 2533 2098 Cap.
2563 2027 2676 2082 XL.

2085 2118 2252 2176 Sicuti
2304 2120 2456 2173 etiam
2495 2119 2627 2173 illud
2683 2119 2746 2173 de
2794 2119 2945 2174 domo
3001 2120 3318 2176 tabernaculi
3367 2120 3528 2175 nostri
3572 2135 3685 2190 qua!

2155 2211 2466 2266 dissolvitur.
2493 2209 2623 2281 Cap.
2654 2210 2791 2267 XLI.

2085 2301 2193 2358 Sed
2216 2302 2465 2358 demutari
2491 2303 2742 2358 duntaxat
2770 2305 3040 2370 cadavera,
3073 2320 3177 2358 non
3212 2300 3374 2357 marte
3412 2302 3644 2357 devorari
3664 2319 3684 2369 ;

2153 2411 2268 2450 cum
2295 2397 2555 2467 gigantum
2598 2394 3069 2465 antiquissimorum
3095 2404 3260 2448 crates
3288 2395 3457 2449 adhuc
3501 2410 3684 2462 super-

2152 2490 2275 2554 sint,
2300 2489 2450 2543 sicuti
2473 2488 2625 2543 etiam
2641 2487 2828 2542 dixerit
2851 2488 3042 2541 Auctor
3061 2485 3204 2542 alibi.
3255 2485 3386 2556 Cap.
3416 2484 3575 2541 XLII.

2086 2580 2266 2657 Neque
2285 2597 2405 2637 vero
2444 2582 2593 2636 etiam
2636 2581 3089 2652 peregrinationem
3130 2597 3161 2634 a
3206 2594 3417 2652 corpore
3446 2595 3538 2651 pro
3562 2579 3688 2651 ipsis

2155 2674 2343 2746 facere,
2375 2676 2512 2745 quod
2540 2674 2696 2728 addat
2728 2673 3021 2746 Apostolus,
3072 2683 3335 2746 reportare
3377 2671 3556 2726 debere
3597 2688 3688 2742 per

2153 2782 2336 2839 corpus
2363 2764 2639 2821 secundant
2679 2780 2791 2836 qua?
2837 2765 2988 2837 gessit
3039 2764 3172 2834 quis,
3221 2762 3406 2819 bonum
3431 2763 3534 2818 sive
3571 2778 3683 2816 mas

2154 2858 2280 2911 lum.
2311 2856 2439 2926 Cap.
2469 2855 2653 2911 XLIII.

2085 2946 2212 3002 Item
2234 2948 2382 3000 etiam
2399 2948 2517 3002 inde
2536 2946 2673 3017 quod
2689 2946 2821 3001 dicat
2846 2961 2865 3001 :
2906 2945 3072 3000 Vitam
3099 2944 3224 3001 Jesu
3254 2945 3684 3017 manifestandam

2154 3042 2207 3095 in
2233 3057 2458 3111 corpore.
2492 3039 2625 3111 Cap.
2657 3040 2839 3095 XLIV.
3236 3045 3242 3053 '
3627 3052 3632 3057 ‘

2083 3133 2199 3189 Alia
2218 3134 2369 3188 etiam
2389 3134 2614 3188 cwcitate
2638 3148 2722 3187 eos
2747 3133 3025 3204 impingere
3048 3133 3101 3186 in
3154 3140 3361 3187 veterem
3406 3140 3454 3185 et
3500 3145 3683 3185 novum

2153 3225 2425 3280 hominem.
2455 3224 2586 3296 Cap.
2618 3223 2779 3279 XLV.

2085 3317 2249 3374 Sicuti
2275 3319 2406 3373 idem
2433 3317 2707 3387 Apostolus
2733 3333 2937 3372 carnem
2952 3315 3198 3372 damnare
3217 3316 3484 3383 rideatur;
3510 3318 3705 3377 carnis.

2154 3428 2307 3483 opera
2336 3414 2597 3469 damnare.
2648 3412 2779 3483 Cap.
2814 3411 2995 3468 XLVI.

2083 3506 2239 3562 Carni
2267 3508 2400 3562 enim
2429 3508 2644 3562 salutem
2670 3509 3039 3579 repromittere.
3094 3507 3225 3578 Cap.
3249 3505 3462 3563 XLVII.

2081 3601 2407 3673 Apertissime
2434 3602 2668 3674 denique,
2696 3603 2717 3657 ι
2754 3603 2870 3658 Cor.
2906 3602 3024 3670 XV,
3050 3607 3465 3659 resurrectionem
3513 3604 3681 3658 carnis

2152 3694 2215 3748 ab
2244 3694 2334 3748 illa
2361 3694 2670 3764 conﬁrmari.
2728 3694 2859 3766 Cap.
2910 3694 3142 3751 XLVIII.

2080 3786 2243 3857 Atque
2260 3786 2388 3841 adeo
2414 3803 2477 3841 ea:
2504 3787 2910 3842 antecedentibus
2932 3788 3089 3853 disci,
3119 3787 3259 3858 quali
3278 3788 3568 3861 conditione
3591 3804 3682 3843 ex-

2151 3878 2480 3936 lneredaverit
2500 3898 2532 3934 a
2560 3896 2715 3951 regno
2743 3880 2836 3935 Dei
2856 3897 3061 3936 carnem
3088 3892 3132 3936 et
3162 3883 3479 3953 sanguinem,
3502 3899 3679 3954 nempe

2150 3974 2317 4027 carnis
2347 3988 2522 4041 opere.
2561 3972 2690 4044 Cap.
2722 3972 2910 4028 XLIX.

2085 4063 2216 4132 lmo,
2248 4065 2446 4120 omissis
2474 4067 2725 4139 ejusmodi
2752 4067 3265 4138 interpretationibus,
3309 4068 3447 4139 ipsas
3483 4085 3681 4140 quoque

2149 4156 2457 4213 substantias
2494 4160 2663 4214 carnis
2688 4167 2734 4215 et
2758 4160 3037 4231 sanguinis,
3068 4176 3167 4214 non
3194 4161 3341 4215 aliter
3364 4176 3516 4230 quam
3536 4172 3676 4231 sunt,

2147 4252 2445 4317 intellectas,
2472 4253 2622 4306 licere
2640 4253 2998 4308 resurrectioni
3023 4252 3301 4308 vindicare.
3331 4252 3463 4326 Cap.
3494 4254 3537 4310 L

2088 4343 2177 4399 Vel
2221 4361 2312 4414 per
2350 4344 2605 4400 Christum
2633 4344 2854 4416 idipsum
2890 4345 3115 4415 probari,
3143 4345 3230 4412 qui
3254 4360 3458 4399 carnem
3484 4354 3532 4400 et
3561 4362 3679 4401 sau-

2147 4438 2347 4509 gninem
2372 4453 2540 4491 secum
2579 4437 2766 4491 vexerit
2808 4437 2861 4490 in
2888 4437 3090 4492 rmlum.
3140 4435 3274 4506 Cap.
3308 4436 3391 4490 LI.

2081 4528 2146 4584 Et
2181 4546 2319 4596 vero,
2351 4530 2504 4583 etiam
2547 4527 2721 4582 eodem
2751 4544 2965 4596 corpore
3001 4536 3235 4583 venturos
3280 4537 3526 4595 mortuos,
3572 4528 3682 4585 dis-

2147 4632 2326 4693 putare
2343 4621 2666 4691 Apostolum.
2709 4621 2840 4692 Cap.
2871 4621 2975 4677 LII.

2077 4711 2257 4783 Neque
2277 4713 2414 4768 enim
2438 4729 2622 4782 corpus
2640 4713 2863 4768 animale
2902 4729 3049 4783 posse
3066 4712 3292 4767 animam
3324 4711 3566 4784 intelligi,
3590 4718 3678 4768 sed

2144 4822 2368 4862 carnem.
2397 4805 2528 4878 Cap.
2560 4805 2693 4887 LIII.
3631 4803 3636 4806 ’

2077 4897 2187 4954 Nec
2206 4899 2375 4966 etiam,
2405 4908 2460 4954 ut
2498 4916 2656 4970 supra
2684 4898 2869 4970 attigit,
2897 4914 3100 4954 carnem
3119 4914 3152 4951 a
3176 4898 3277 4952 vita
3306 4897 3557 4966 devorari,
3589 4899 3678 4953 sed

2143 4992 2198 5046 id
2225 4991 2363 5064 quod
2390 4992 2444 5046 in
2469 5008 2529 5047 ea
2554 4974 2765 5047 mortale
2789 5000 2882 5048 est.
2912 4993 3041 5062 Cap.
3074 4989 3208 5045 LIV.

2071 5082 2230 5138 Aliud
2271 5085 2482 5154 insuper
2531 5101 2638 5139 esse
2679 5083 3092 5151 demutationem,
3147 5082 3292 5138 aliud
3343 5082 3679 5155 perditionem

2139 5177 2326 5232 carnis.
2350 5176 2475 5248 Cap.
2503 5177 2610 5233 LV.

2069 5267 2271 5340 Alioqui
2317 5268 2596 5324 absurdum
2659 5285 2767 5324 esse
2796 5311 2811 5336 ,
2858 5270 3018 5324 aliam
3073 5268 3408 5325 substantiam
3431 5308 3447 5332 .
3500 5284 3679 5339 nempe

2139 5362 2325 5426 carnis,
2355 5363 2596 5432 operari;
2638 5363 2815 5428 aliam,
2845 5377 3023 5431 neatpe
3051 5363 3259 5429 animae,
3304 5361 3531 5416 mercede
3570 5361 3677 5416 dis-

2143 5460 2320 5525 pungi.
2353 5454 2483 5524 Cap.
2510 5453 2642 5508 LVI.

2074 5543 2321 5616 Oportere
2345 5548 2495 5600 etiam
2522 5546 2932 5601 resurrectionem
2957 5547 3209 5615 integram
3230 5545 3457 5613 credere,
3490 5545 3677 5619 Scrip-

2143 5640 2268 5694 turis
2296 5639 2349 5692 id
2369 5638 2753 5709 afﬁrmantibus.
2780 5638 2910 5708 Cap.
2945 5634 3097 5691 LVII.

2070 5731 2139 5789 Et
2168 5748 2371 5786 carnem
2390 5744 2561 5802 itaque
2582 5741 2629 5786 et
2654 5731 2898 5796 animam,
2928 5728 3227 5785 sententiam
3246 5725 3429 5782 salutis
3454 5737 3541 5781 aut
3566 5744 3677 5799 pas-

2142 5842 2220 5881 na:
2248 5826 2545 5882 subituram.
2571 5827 2705 5897 Cap.
2739 5824 2923 5882 LVIII.
