4042 6288
335 268 444 339 795
504 250 509 253 ’

1720 280 2181 348 TERTULIJANI

3535 294 3641 358 798

333 388 402 450 lu
434 411 538 452 atro
578 398 751 471 futuro
791 398 949 457 aliam
978 416 1077 458 non
1121 400 1232 474 fore
1284 400 1663 476 dispositionem
1715 404 1934 459 hominis
1962 408 2009 466 Α
2042 407 2322 465 meabilem
2357 406 2661 475 afﬁrmant;
2693 408 2791 467 etsi
2821 425 2925 467 non
2970 409 3020 466 in
3053 407 3238 469 eadem’
3263 453 3279 478 ,
3311 410 3414 470 etsi
3444 422 3558 471 non
3587 416 3639 469 in

404 492 577 559 quoad
601 494 950 550 substantiam.
1003 495 1130 567 Cap.
1162 494 1295 551 LIX.

335 578 479 637 Sexti
504 585 657 637 etiam
680 595 725 639 et
753 586 992 642 membris
1013 590 1206 643 salvum
1230 589 1480 643 hominem
1502 601 1900 644 resurrecturum
1923 605 1937 653 ;

403 676 497 729 etsi
519 687 692 731 vacent
722 697 752 731 a
786 681 947 734 solitis
975 682 1147 753 ofﬁciis
1176 682 1289 737 vitta
1310 686 1623 738 necessariis.
1655 683 1786 752 Cap.
1824 685 1935 742 LX.

334 766 624 824 Prwsertim
637 776 755 827 'cum
783 776 1231 845 qutedamillorum
1252 777 1432 847 oﬁicia,
1450 777 1629 848 quibus
1643 777 1807 833 Deum
1830 780 1942 833 latt-

406 864 589 920 damus
613 877 659 920 et
688 870 1066 937 prophetamus,
1105 887 1403 926 rcmansura
1431 872 1566 936 sint;
1602 882 1648 927 et
1691 873 1844 927 etiam
1884 874 1940 926 iu

404 957 502 1011 hac
532 958 632 1013 vita
658 971 833 1015 vacent
852 962 975 1016 cibis
987 964 1188 1035 jejunio
1217 965 1415 1035 functi;
1441 974 1485 1018 et
1528 981 1704 1019 sexum
1734 983 1764 1019 a
1784 968 1930 1037 geni-

407 1059 522 1104 tura
544 1052 823 1108 subducant
848 1055 1101 1122 spadones
1126 1056 1420 1122 voluntarii,
1453 1067 1498 1111 et
1524 1056 1726 1113 Christo
1775 1060 1934 1113 utari-

408 1151 528 1198 tatae
559 1145 794 1216 virgines.
843 1148 976 1217 Cap.
1016 1147 1150 1204 LXI.

336 1234 561 1292 Futuras
605 1238 822 1310 denique
861 1256 972 1305 nos,
1016 1258 1117 1296 non
1158 1242 1385 1314 angelos,
1431 1242 1520 1297 sed
1558 1244 1690 1298 sicut
1728 1244 1935 1315 angelos

405 1328 524 1397 Dei,
554 1329 680 1401 Cap.
708 1331 870 1388 LXII.

338 1421 1311 1504 Quocirca'concludi,resurrecturum
1347 1445 1585 1504 _carnem,
1638 1438 1686 1482 et
1735 1430 1935 1499 quidem

407 1531 627 1584 onmem,
673 1527 720 1572 et
748 1518 951 1589 quidem
977 1519 1162 1590 ipsum,
1195 1493 1257 1574 et.
1275 1493 1473 1592 quidem
1500 1521 1769 1593 integram.
1803 1520 1932 1593 Cap.

863 1703 1088 1762 CAPUT
1126 1704 1413 1762 PRIMUM.

2051 501 2281 558 humana
2311 493 2714 572 tatrtuminodo;
2746 515 2804 561 ut
2832 504 3155 575 Euphorbus
3175 507 3229 563 in
3254 506 3639 581 Pythagoram,

2056 595 2317 651 Homerus
2345 598 2396 651 in
2427 612 2619 667 pavum
2662 608 3063 654 recenseantur.
3093 599 3252 655 Certe
3287 596 3642 659 recidivatum

2050 689 2241 743 aniunu
2265 690 2598 760 corporalem
2625 692 3138 761 pronuntiaverunt;
3169 693 3500 750 tolerabilius
3523 711 3646 751 mn—

2052 792 2155 837 tata
2203 781 2320 854 (9),
2371 799 2529 854 quam
2577 792 2764 855 negata
2806 784 3098 853 qualitate:
3153 784 3227 858 (ε)
3278 786 3480 857 pulsata
3535 788 3646 842 sal-

2049 882 2155 928 tem
2194 874 2308 947 (10)
2331 915 2346 941 ,
2380 875 2504 930 licet
2529 891 2632 930 non
2664 874 2804 931 adita
2828 874 2954 947 (11)
2987 877 3232 933 veritate.
3283 877 3352 932 Ita
3379 878 3644 935 siccatum

2046 966 2507 1024 resurrectionem
2542 976 2910 1034 mortuorum,
2954 982 3056 1040 nec
3102 983 3228 1027 cum
3262 979 3442 1038 errat,
3484 970 3645 1042 igno-

2044 1068 2147 1114 rat.

2662 1152 2889 1211 CAPUT
2945 1153 3007 1208 ll.

2139 1244 2209 1318 (ί)
2262 1244 2318 1300 Si
2365 1259 2493 1302 vero
2517 1220 2748 1316 et.apud
2779 1245 2944 1301 Deum
2964 1246 3139 1315 aliqua
3178 1254 3320 1303 secta
3350 1255 3465 1313 est,
3512 1246 3642 1318 Epi-

2043 1339 2221 1393 cureis
2251 1338 2419 1408 magis
2461 1337 2637 1393 afﬁnis
2688 1354 2848 1409 quam
2889 1337 3163 1409 prophetis
3188 1378 3204 1404 ,
3246 1339 3481 1395 sciemus
3505 1339 3638 1410 quid

2043 1430 2264 1485 audiant
2295 1446 2325 1485 a
2350 1428 2568 1486 Christo
2603 1429 2904 1486 Sadducaei.
2962 1430 3178 1485 Christo
3206 1431 3350 1486 enim
3380 1431 3635 1486 servaba-

2047 1532 2151 1588 tur,
2183 1523 2360 1577 omnia
2393 1531 2539 1579 retro
2566 1523 2775 1579 occulta
2807 1521 3010 1578 nudare
3030 1562 3045 1587 ,
3088 1521 3327 1578 dubitata
3370 1520 3605 1594 dirigere
3625 1564 3640 1587 ,

2047 1615 2325 1686 pra‘libata
2370 1615 2657 1685 supplere,
2691 1613 2974 1682 prazdicata
3017 1604 3457 1685 repraesentare;
3500 1629 3648 1669 mer—
3698 1684 3704 1689 ἢ

2049 1717 2259 1761 tuorum
2287 1714 2434 1762 certe
2469 1704 2943 1768 resurrectionem,
2973 1718 3079 1777 non
3111 1703 3271 1760 modo
3312 1719 3407 1774 per
3433 1713 3645 1760 semet-

412 1794 490 1870 (a)
522 1796 738 1853 Fiducia
760 1796 1553 1870 Christimiorimt,resurrectio
1575 1811 1929 1856 mortuorum.
1962 1806 2012 1867 Β
2045 1798 2217 1869 ipsum
2239 1840 2254 1859 .
2315 1814 2499 1855 verum
2535 1798 2698 1854 etiam
2738 1798 2790 1852 in
2833 1799 3127 1868 semetipso
3176 1797 3429 1867 probare.
3481 1795 3639 1852 Nunc

343 1887 440 1942 Illa
466 1886 544 1961 (1)
576 1889 863 1945 credentes
893 1905 1114 1956 sumus;
1164 1891 1266 1947 hoc
1295 1891 1518 1948 credere
1544 1893 1743 1948 veritas
1771 1893 1930 1963 cogit.

348 1978 642 2036 Veritatem
669 1981 810 2038 Deus
828 1983 1029 2052 aperit;
1055 1983 1147 2038 sed
1176 1983 1362 2052 vulgus
1394 1985 1598 2047 irridet,
1620 1985 1936 2041 existimans

343 2070 477 2125 nihil
502 2086 787 2142 superesse
815 2084 936 2144 post
962 2086 1223 2140 inertem;
1272 2084 1325 2130 et
1353 2066 1528 2131 tamen
1560 2076 1635 2149 (b)
1666 2076 1937 2133 defunctis

344 2175 658 2234 parentant,
686 2177 739 2221 et
767 2167 979 2235 quidem
1009 2168 1406 2239 impensissime
1434 2169 1645 2238 ol‘ﬁcio,
1676 2187 1773 2241 pro
1815 2186 1935 2226 mo-

343 2256 493 2312 ribus
516 2272 727 2325 eorum,
763 2274 859 2329 pro
888 2262 1224 2327 temporibus
1251 2262 1688 2326 esculentormn;
1725 2273 1782 2318 ut
1803 2280 1937 2333 quos

347 2358 546 2421 negant
583 2350 663 2424 (Ξ)
694 2352 897 2408 sentire
940 2353 1259 2423 quicquam,
1305 2368 1481 2409 escam
1524 2356 1602 2428 (5)
1631 2356 1937 2412 desiderare

344 2452 671 2511 pra'smnant
697 2442 801 2515 (4).
831 2445 900 2498 At
929 2459 1029 2515 ego
1061 2446 1227 2516 ntagis
1250 2446 1437 2513 ridebo
1464 2431 1555 2519 (5)
1574 2447 1778 2517 vulgus.
1812 2457 1937 2504 tunc

343 2550 591 2605 quoque,
636 2550 756 2590 cum
804 2536 950 2607 ipsos
1023 2538 1301 2594 defunctos
1342 2540 1679 2596 atrocissime
1720 2542 1930 2607 exurit,

342 2641 480 2697 quos
511 2628 850 2698 postmodum
880 2629 1221 2699 gulosissime
1253 2632 1452 2696 nutrit,
1500 2631 1687 2688 iisdem
1729 2633 1938 2704 ignibus

345 2730 401 2776 et
432 2736 748 2788 promercns
770 2732 823 2777 et
851 2721 1153 2779 oliendens.
1184 2723 1228 2779 Ο
1256 2725 1508 2793 pietatem
1537 2725 1602 2779 de
1630 2725 1941 2782 crudelitate

273 2838 315 2877 ,ν
344 2811 653 2868 ludentem!
689 2814 976 2880 sacriﬁcat,
1003 2830 1070 2869 an
1098 2814 1179 2888 (6)
1214 2817 1453 2883 insultat,
1483 2818 1556 2889 (c)
1588 2833 1710 2874 cum
1734 2834 1939 2875 crema-

2042 1900 2220 1945 autem
2243 1888 2321 1960 (g)
2360 1888 2425 1944 ad
2446 1888 2579 1943 alios
2606 1887 2921 1944 sadducaeos
2949 1902 3334 1959 praeparamnr,
3363 1889 3648 1959 partiarius

2045 1982 2331 2038 sententia:
2362 1983 2598 2037 illorum.
2634 1982 2705 2036 Ita
2732 1980 3017 2051 .dimidiam
3041 1991 3341 2052 agnoscunt
3361 1995 3635 2038 resurrec-

2047 2074 2281 2140 tionem,
2334 2073 2503 2129 solius
2547 2072 2753 2127 scilicet
2799 2072 3038 2137 animm;
3078 2074 3350 2142 sepernati
3379 2085 3638 2136 carnem,

2044 2168 2183 2222 sicut
2212 2176 2267 2221 et
2306 2167 2480 2236 ipsum
2523 2164 2809 2220 Dominum
2862 2166 3061 2220 carnis.
3113 2164 3252 2221 Nulli
3278 2144 3511 2237 deniqile
3553 2167 3647 2221 alii

2045 2262 2273 2318 salutem
2306 2259 2573 2331 corporali
2604 2260 2920 2317 substantiae
2947 2258 3211 2324 invident,
3238 2276 3399 2331 quam
3425 2261 3650 2317 alterius

2045 2354 2337 2410 divinitatis
2366 2352 2625 2407 haeretici.
2650 2350 2881 2420 Ideoque
2903 2361 2956 2405 et
2979 2348 3254 2406 Christum
3284 2351 3442 2407 aliter
3465 2351 3652 2422 dispo-

2047 2465 2177 2505 nere
2206 2447 2398 2511 coacti,
2433 2463 2502 2502 ne
2529 2455 2743 2502 creator
2769 2445 2950 2501 carnis
2980 2444 3239 2500 habeatur
3265 2444 3415 2519 (12),
3449 2447 3500 2501 in
3533 2446 3649 2516 ipsa
3672 2481 3728 2506 .-

2046 2543 2195 2614 prius
2237 2555 2400 2595 carne
2445 2537 2561 2607 ejus
2607 2546 2969 2604 erraverunt;
3015 2545 3108 2591 aut
3154 2537 3352 2593 nullius
3404 2537 3650 2594 veritatis

2045 2631 2442 2689 contendentes
2472 2645 2588 2686 eam
2610 2672 2625 2697 ,
2660 2627 2954 2685 secundum
3005 2628 3329 2684 Marcionem
3371 2638 3425 2685 et
3454 2628 3650 2685 Basili-

2048 2727 2209 2791 dem;
2237 2732 2329 2780 aut
2360 2723 2592 2795 propria:
2618 2721 2912 2793 qualitatis.
2938 2720 3236 2777 secundum
3271 2720 3509 2776 haereses
3539 2720 3652 2775 Va-

2046 2818 2273 2882 lentini,
2307 2825 2361 2873 et
2389 2815 2652 2884 Apellcm.
2699 2821 2873 2883 Atque
2904 2813 2974 2870 ita
3014 2818 3276 2884 sequitur,
3319 2812 3631 2869 utsalutem

343 2908 412 2965 tis
439 2909 689 2964 cremat?
732 2909 894 2967 Planc
925 2926 1044 2966 eum
1088 2912 1247 2987 vulgo
1289 2913 1556 2968 interdum
1587 2900 1642 2967 et
1670 2914 1942 2992 sapientes
2049 2912 2166 2981 ejus
2207 2907 2520 2965 substantia:
2566 2905 2890 2972 excludant,
2937 2905 3090 2975 cujus
3118 2903 3394 2961 Christum
3427 2919 3652 2959 consor-

342 3004 958 3079 scntentiarnjtgrtnﬂ)
986 3005 1233 3076 jungunt.
1275 3005 1417 3061 Nihil
1464 3022 1585 3062 esse
1627 3017 1749 3079 post
1792 3024 1937 3065 mor-

345 3104 450 3152 tem
504 3095 715 3166 Epicuri
770 3098 953 3153 schola
1000 3109 1103 3154 est.
1154 3098 1236 3173 (ά)
1280 3100 1368 3155 Ait
1403 3110 1459 3157 et
1506 3100 1732 3166 Seneca,
1764 3104 1941 3160 omnia

728 3077 941 3084 .~——.—

944 3079 1278 3089 -——_.__—__

2049 3015 2157 3061 tem
2181 3003 2297 3076 (l5)
2324 3009 2556 3073 negant;
2587 2998 2719 3053 certi
2751 2996 2865 3070 (14)
2899 2998 3044 3053 illam
3075 3011 3289 3052 summo
3321 2996 3643 3068 pratjudicio

2050 3095 2466 3156 resurrectionis
2500 3095 2812 3150 instructam
2833 3132 2848 3158 ,
2896 3092 2939 3146 si
2975 3091 3086 3162 jam
3127 3092 3181 3145 in
3209 3088 3431 3146 Christo
3463 3106 3648 3146 resur-

348 3197 470 3258 post
499 3199 727 3245 mortem
754 3190 929 3257 ﬁniri,
959 3192 1119 3247 etiam
1151 3193 1341 3263 ipsam.
1380 3194 1522 3249 Satis
1553 3205 1635 3251 est
1660 3205 1858 3261 autem,
1889 3198 1934 3252 si
1963 3201 2008 3264 C
2044 3198 2184 3256 rexit
2210 3192 2328 3263 (15)
2358 3205 2501 3246 caro.
2551 3188 2843 3257 Propterea
2874 3194 2929 3242 et
2959 3200 3056 3241 nos
3090 3183 3339 3241 volumen
3372 3185 3634 3255 praemisi-

345 3298 453 3338 non
478 3282 656 3336 minor
684 3282 1021 3354 philosophia
1046 3284 1361 3358 Pythagorae
1389 3296 1444 3342 et
1469 3287 1799 3358 Empedocli.
1828 3291 1935 3345 Sed

340 3382 397 3431 et
439 3371 519 3445 (8)
550 3373 805 3429 Platonici
838 3375 1194 3434 immortalem
1222 3378 1458 3434 animam
1489 3395 1519 3436 e
1543 3383 1815 3436 contrario
1846 3396 1934 3438 re-

342 3468 619 3525 clamant:
664 3469 772 3525 imo
814 3467 991 3527 adhuc
1033 3465 1275 3542 proxime
1305 3474 1464 3531 etiam
1498 3475 1550 3531 in
1588 3491 1814 3548 corpora
1846 3492 1934 3533 re-

2045 3305 2164 3347 mus
2190 3287 2266 3342 De
2291 3284 2456 3341 Carne
2476 3281 2687 3347 Christi,
2711 3295 2817 3349 quo
2839 3293 2958 3333 eam
2986 3285 3041 3333 et
3067 3277 3296 3334 solidam
3331 3276 3652 3347 probamus,

2041 3383 2320 3439 adversum
2354 3372 2743 3447 phantasmatis
2771 3370 3057 3426 vanitatem
3092 3369 3209 3442 (l6)
3237 3369 3341 3441 (lt),
3371 3378 3427 3425 et
3450 3368 3653 3424 huma-

2052 3489 2174 3531 nam
2209 3470 2576 3532 vindicamus,
2625 3463 2883 3521 adversus
2911 3463 3183 3535 qualitatis
3212 3461 3601 3535 proprietatem
3635 3481 3651 3529 ;

1552 3592 1932 3652 LECTIONES
1970 3587 2380 3650 VARIANTES.

402 3695 477 3759 (1)
513 3696 647 3759 Illam
671 3702 815 3750 Pam.

402 3758 475 3879 et
695 3760 845 3816 ιυιεη·

558 3830 672 3873 ttam
699 3835 830 3875 Pam.

426 3820 474 3882 ὅ)
513 3820 672 3873 Etiam
699 3835 830 3875 Pam.
858 3826 1009 3879 Rhen.
1035 3827 1187 3882 Seml.

430 3883 481 3941 4)
515 3883 787 3937 Prwsumat
806 3888 958 3941 Rhea.

427 3947 477 4009 5)
516 3946 672 3999 Rideo
693 3948 796 4002 alii.

426 4010 478 4061 6)
512 4008 597 4060 Cui
622 4010 725 4061 alii.

406 4013 478 4065 (6)
512 4013 597 4060 Cui
622 4013 725 4063 alii.

406 4069 482 4133 (7)
517 4069 664 4133 Suam
688 4073 816 4127 abest
833 4090 865 4126 a
885 4077 1033 4130 Rhea.

405 4131 480 4197 (8)
513 4131 576 4184 Et
597 4134 727 4188 abest
747 4151 779 4188 α
798 4139 949 4191 Rheu.

2105 3704 2178 3766 (9)
2213 3702 2466 3766 [inmutata
2486 3695 2590 3766 alii.

2108 3760 2215 3826 (10)
2249 3765 2422 3816 Salute
2444 3762 2599 3826 Rhea.
2626 3760 2774 3826 13am,

2136 3816 2214 3878 lti
2250 3828 2429 3877 Addita
2450 3824 2601 3876 Rhen.
2631 3816 2784 3872 Scml.

2131 3880 2212 3942 ﬁl
2250 3889 2494 3940 Creatoris
2518 3887 2756 3935 habeatur
2779 3880 2890 3934 cod.
2925 3883 3114 3936 Wouw.
3146 3884 3259 3935 Urs.

2130 3943 2211 4020 ᾗ)
2245 3953 2531 4020 Consortem
2553 3948 2683 4020 abest
2704 3958 2735 3995 α
2760 3943 2912 3998 Rhea.

2114 4013 2214 4113 (14)
2250 4014 2399 4064 Certe
2424 4013 2533 4077 Rig.
2566 4013 2689 4083 i’en.

2138 4080 2212 4113 ιρςι
2248 4075 2603 4113 “(minuerant
2630 4068 2689 4113 Rh

2138 4067 2212 4139 15)
2248 4067 2950 4139 BesnrreieritLRItenLScml.

2108 4118 2212 4201 (ἐξ)
2245 4118 2896 4190 ᾗεῖὗῦἰιέιὶἶιῖὶῆῶζῑιῐιῶζ

1708 4223 2268 4281 COMMENTARIUS.

416 4327 572 4407 CAP.
606 4330 646 4385 l.
674 4362 745 4373 —
769 4334 849 4407 (a)
888 4334 1110 4392 Fiducia
1139 4337 1573 4401 Christianorum,
1603 4344 1707 4393 etc.
1744 4336 1943 4391 Resur-

353 4401 651 4478 reetionem
702 4401 948 4478 magnam
1012 4408 1332 4465 Christianis
1377 4409 1627 4464 omnibus
1680 4418 1833 4478 Spem
1890 4416 1945 4462 et

2125 4336 2206 4410 (ιΙ)
2248 4336 2331 4410 ᾼξι
2360 4344 2418 4410 et
2438 4335 2633 4391 Seneca
2651 4377 2665 4400 ,
2703 4332 2891 4410 _On_t_nia
2915 4341 3027 4410 post
3055 4340 3267 4410 mortem
3293 4329 3464 4410 (iniri,
3491 4331 3659 4392 etiam

2048 4404 2234 4478 ipsum.
2266 4406 2378 4462 lloc
2402 4406 2511 4478 jam
2542 4404 3005 4478 notavitlibroﬂde
3030 4405 3243 4478 Anima;
3269 4405 3350 4478 sic
3377 4410 3563 4478 autem
3600 4418 3660 4465 es

346 4470 595 4551 ﬁduciam
625 4470 886 4551 invehere.
911 4480 1098 4551 priscis
1125 4480 1381 4537 Ecclesia
1404 4470 1754 4551 temporibus,
1782 4489 1942 4548 atque
1968 4491 2020 4551 ι)
2048 4470 2100 4535 in
2129 4480 2377 4551 Troade,
2402 4470 2574 4551 'ghoro
2604 4475 2709 4531 XI:
2753 4475 2877 4531 Post
2906 4485 3118 4531 mortem
3147 4476 3277 4531 nihil
3300 4486 3409 4541 est,
3436 4474 3659 4544 ipsaque

349 4543 512 4622 etiam
559 4540 698 4622 ιιΒἐ
753 4540 921 4604 Paulo
939 4550 1393 4622 demonstratum
1446 4540 1549 4605 esi.
1605 4550 1662 4607 S.
1710 4540 1940 4622 Cyrillus

345 4611 608 4695 llicrosol.
657 4618 864 4675 Cateclt.
897 4621 1247 4695 AXVIll:ptgo.
1292 4641 1375 4685 τῖς
1416 4628 1727 4695 halm-10's
1755 4611 1804 4684 ’ἧ
1856 4637 1939 4683 τῆς

345 4690 645 4766 disquirere
676 4697 806 4766 ita},
835 4712 848 4745 :
887 4690 1283 4766 llesurrcctionis
1309 4711 1442 4766 spes,
1470 4690 1621 4766 rudia:
1645 4703 1715 4748 est
1740 4695 1934 4762 cujus-

346 4755 462 4810 libet
485 4756 601 4812 boni
632 4764 830 4828 operis;
855 4775 908 4820 et
945 4766 1001 4817 S.
1034 4755 1361 4833 Epiphanius
1389 4755 1440 4820 in
1472 4764 1732 4819 Anchor.:
1768 4755 1939 4825 πὲντις

349 4836 570 4920 ξέέῖιζξνθρ
600 4837 821 4903 λογισμοῦ
849 4855 1022 4919 api:ch
1046 4854 1061 4890 ε
1083 4836 1264 4920 Totius
1288 4835 1499 4891 rationis
1527 4840 1933 4920 [pudmnenlunn

349 4896 508 4978 {limi
541 4896 718 4978 itaque
766 4896 1038 4978 antiquius
1083 4906 1352 4961 habebant
1397 4896 1626 4978 gentiles
1674 4922 1832 4976 quam
1877 4914 1934 4960 ut

348 4968 600 5025 ﬁduciam
627 4968 769 5029 illaut
799 4986 854 5033 et
881 4968 1287 5033 fundamentum
1309 4968 1703 5036 corivellerent:
1730 4978 1804 5033 Le
1836 4978 1930 5032 Pa.

423 5042 502 5120 (Ιξ)
544 5043 810 5120 nsi/unctis
863 5059 1165 5118 Pat‘enlanl.
1218 5061 1266 5105 ει
1315 5053 1518 5120 quidem
1565 5050 1939 5118 impensissime

262 5136 279 5155 ι
349 5112 543 5187 ofﬁcio.
596 5112 705 5172 lloc
737 5112 949 5187 quidem
983 5112 1202 5177 ethnici.
1253 5112 1355 5177 Sed
1385 5135 1438 5178 et
1467 5112 1801 5178 Christianos
1834 5124 1939 5173 Au-

348 5186 547 5254 gustini
574 5202 690 5243 aevo
729 5186 1047 5261 quibusdam
1077 5193 1128 5247 in
1160 5193 1292 5248 locis
1320 5194 1440 5248 talia
1470 5193 1738 5248 factitasse
1762 5191 1936 5260 arguit

348 5265 574 5332 getavus
599 5262 931 5318 sanctissimi
952 5265 1050 5319 viri
1077 5264 1217 5320 liber
1250 5264 1326 5318 De
1345 5265 1555 5320 Civilate
1584 5264 1697 5329 Dei,
1721 5277 1821 5332 cap
1841 5261 1935 5316 27.

350 5324 552 5407 Epulas
577 5344 701 5407 suas
725 5332 794 5407 ad
815 5334 1103 5407 Martyrum
1133 5339 1421 5392 memorias
1442 5324 1754 5391 deferebant
1770 5324 1801 5400 ,⁷
1818 5348 1940 5407 ora-

350 5395 480 5473 bant
509 5410 561 5454 et
591 5401 885 5473 offerebant
915 5395 972 5462 ιιὶ
1002 5419 1383 5473 vescerentur,
1429 5409 1509 5463 vel
1549 5423 1616 5462 ex
1659 5408 1738 5461 eis
1772 5395 1932 5460 etiam

351 5466 715 5548 indigentibus
756 5475 1135 5548 largiebantur.
1189 5477 1340 5546 Quod
1370 5466 1618 5548 quidem,
1661 5477 1862 5546 inquit,
1903 5491 1937 5529 a

349 5535 651 5621 Christianis
678 5535 966 5604 melimh’bus
992 5567 1092 5604 non
1133 5535 1232 5618 ﬁt,w
1244 5559 1298 5604 ut
1323 5551 1374 5604 in
1395 5535 1654 5621 plerisque
1680 5535 1934 5604 terrarum

348 5610 494 5665 nulla
519 5613 635 5668 talis
653 5627 725 5671 est
749 5622 1077 5676 consuetudo.
1112 5610 1229 5679 Illo.

406 5681 946 5758 -(0_)_Cunt_gcrematis
987 5704 1196 5748 cremat.
1243 5692 1356 5749 Hoc
1394 5702 1509 5758 est,
1542 5707 1664 5747 eum
1710 5688 1940 5744 mortuis

351 5753 634 5838 sacriﬁcat.
662 5756 840 5838 [ltitur
863 5765 1059 5835 verbis,
1084 5780 1203 5838 qua:
1229 5779 1433 5820 morem
1455 5753 1741 5821 ostendant
1769 5760 1940 5833 magis

350 5820 653 5891 ridiculum.
681 5830 782 5897 Rw

2048 4567 2189 4605 mors
2221 4550 2369 4604 nihil.
2403 4548 2526 4605 RtG.

2120 4620 2195 4694 (c)
2242 4621 2457 4694 Pulsata
2500 4619 2681 4694 saltem
2707 4660 2736 4694 ,Α
2772 4619 2888 4673 licet
2930 4632 3031 4694 non
3060 4617 3227 4694 adita
3271 4623 3505 4694 veritate.
3558 4618 3656 4678 Sic

2047 4690 2218 4747 visum
2254 4691 2622 4764 Latinio.__Sed
2653 4690 2921 4762 vulgatam
2949 4690 3236 4764 lectionem
3262 4693 3412 4749 reddi
3442 4692 3652 4764 placet,

2047 4766 2249 4835 pulsata
2276 4763 2460 4817 salute.
2493 4762 2626 4817 Nam
2654 4774 2705 4817 et
2734 4760 3345 4835 convenitSeptitniano
3372 4760 3646 4829 sermoni,

2045 4833 2100 4891 et
2128 4844 2367 4890 veterum
2395 4834 2778 4903 cxcxnplarium
2809 4833 3124 4887 auctoritate
3156 4833 3415 4892 lirmatur.
3445 4836 3654 4892 Pulsa-

2044 4923 2171 4961 vere
2198 4906 2388 4961 salutis
2421 4900 2640 4974 januam
2675 4900 2958 4970 Platonici,
3004 4902 3241 4959 vindices
3276 4905 3654 4962 immortalita-

2045 4979 2113 5032 tis
2140 4980 2459 5041 animarum,
2480 4976 2572 5031 scd
2593 4977 2906 5047 qualitatem
2935 4985 2990 5029 et
3013 4977 3232 5047 modium
3264 4978 3647 5035 immortalita-

2052 5050 2120 5104 tis
2150 5051 2482 5119 ignoravere,
2518 5045 2785 5119 notiadita
2812 5045 3208 5119 veritateﬁte.

2114 5117 2267 5174 CAP.
2309 5118 2366 5172 ll.
2398 5149 2465 5158 —
2491 5118 2554 5189 (Γ)
2604 5117 2661 5171 Si
2693 5132 2808 5189 vero
2842 5126 2887 5172 et
2930 5117 3075 5189 apud
3096 5117 3263 5174 Deum
3290 5121 3463 5188 aliqua
3494 5129 3639 5181 secta

2044 5200 2137 5245 est.
2174 5191 2284 5245 Hoc
2308 5198 2392 5246 est
2411 5232 2425 5250 .
2455 5188 2593 5259 apud
2623 5188 2841 5259 Judaeos
2867 5188 2952 5243 vel
2979 5188 3312 5246 Chi-isﬁauos
3332 5234 3348 5257 ,
3388 5193 3440 5248 in
3468 5193 3645 5247 sacris

2044 5261 2296 5317 videlicet
2342 5258 2654 5330 Scripturis.
2688 5258 2778 5330 Sic
2823 5258 2915 5315 lib.
2951 5260 3014 5313 de
3041 5259 3249 5317 Testim.
3291 5264 3523 5318 animai:
3570 5261 3643 5316 Et

2046 5331 2161 5406 licet
2186 5334 2280 5387 soli
2302 5333 2449 5388 illum
2470 5328 2697 5406 nouerint
2722 5328 3020 5399 Christiani,
3052 5331 3128 5386 vel
3150 5347 3477 5406 quaecumque
3501 5333 3649 5405 apud

2045 5403 2325 5481 Dominum
2351 5412 2505 5481 secta.
2533 5403 2675 5481 ille.
2902 5470 2935 5481 _
3016 5471 3067 5481 η
3324 5470 3349 5481 _
3394 5403 3439 5481 ’κ
3484 5466 3501 5475 -

2120 5474 2205 5548 (gl
2245 5474 2325 5529 Ad
2354 5476 2482 5548 alios
2525 5473 2872 5548 Sadducwos.
2902 5470 2974 5527 De
3016 5471 3100 5527 his
3137 5482 3281 5548 saepe
3319 5470 3378 5529 ﬁt
3407 5470 3646 5548 mentio.

2046 5542 2324 5615 Negabant
2352 5546 2547 5601 anima:
2585 5543 3035 5599 resurrectionem
3062 5553 3115 5599 et
3151 5542 3644 5612 immortalitatem,

2043 5614 2302 5685 erantque
2322 5626 2469 5673 secta
2488 5616 2692 5680 Judaei;
2720 5631 2861 5686 nunc
2902 5614 3217 5671 sadducaeos
3236 5616 3372 5672 alios
3390 5616 3645 5686 indigitat

2045 5690 2388 5753 Mareioncm,
2424 5688 2685 5758 Apellen),
2722 5685 3076 5755 Valentinum,
3108 5686 3415 5756 Basilidem,
3448 5685 3648 5745 Satur-

2045 5761 2253 5827 ninum,
2282 5770 2386 5815 etc.
2413 5758 2490 5815 Le
2518 5759 2615 5815 Pa.

2120 5830 2201 5906 (b)
2240 5822 2310 5889 Et
2348 5830 2622 5895 humanam
2648 5827 2961 5889 vindicamus
2989 5827 3259 5903 adversus,
3289 5826 3394 5889 e'te.
3422 5822 3546 5897 Lib.
3573 5829 3647 5897 de
