  <div class='ocr_page' id='page_1' title='image "/cluster/home/n/w/nwhite01/storage/ocr_20150623/2/uva.x000669815/404.png"; bbox 0 0 4042 6288; ppageno 0'>
   <div class='ocr_carea' id='block_1_1' title="bbox 454 326 558 396">
    <p class='ocr_par' dir='ltr' id='par_1_1' title="bbox 454 326 558 396">
     <span class='ocr_line' id='line_1_1' title="bbox 454 326 558 396; baseline 0 0"><span class='ocrx_word' id='word_1_1' title='bbox 454 326 558 396; x_wconf 73' lang='grc'><strong>’197</strong></span> 
     </span>
    </p>
   </div>
   <div class='ocr_carea' id='block_1_2' title="bbox 1463 326 2705 394">
    <p class='ocr_par' dir='ltr' id='par_1_2' title="bbox 1463 326 2705 394">
     <span class='ocr_line' id='line_1_2' title="bbox 1463 326 2705 394; baseline -0.001 -1"><span class='ocrx_word' id='word_1_2' title='bbox 1463 328 1667 394; x_wconf 78' lang='lat' dir='ltr'><strong>LIBER</strong></span> <span class='ocrx_word' id='word_1_3' title='bbox 1708 330 1797 393; x_wconf 82' lang='lat' dir='ltr'><strong>DE</strong></span> <span class='ocrx_word' id='word_1_4' title='bbox 1836 326 2409 394; x_wconf 69' lang='lat' dir='ltr'><strong>RESURRECTIONE</strong></span> <span class='ocrx_word' id='word_1_5' title='bbox 2436 328 2705 392; x_wconf 78' lang='lat' dir='ltr'><strong>CARNIS.</strong></span> 
     </span>
    </p>
   </div>
   <div class='ocr_carea' id='block_1_3' title="bbox 3646 324 3750 397">
    <p class='ocr_par' dir='ltr' id='par_1_3' title="bbox 3646 324 3750 397">
     <span class='ocr_line' id='line_1_3' title="bbox 3646 324 3750 397; baseline 0.048 -5"><span class='ocrx_word' id='word_1_6' title='bbox 3646 324 3750 397; x_wconf 70' lang='lat'><strong>&#39;798</strong></span> 
     </span>
    </p>
   </div>
   <div class='ocr_carea' id='block_1_4' title="bbox 452 440 3751 528">
    <p class='ocr_par' dir='ltr' id='par_1_4' title="bbox 452 440 3751 528">
     <span class='ocr_line' id='line_1_4' title="bbox 452 440 3751 528; baseline 0 -17"><span class='ocrx_word' id='word_1_7' title='bbox 452 454 606 524; x_wconf 66' lang='lat' dir='ltr'><strong>cuius</strong></span> <span class='ocrx_word' id='word_1_8' title='bbox 637 451 880 512; x_wconf 88' lang='lat' dir='ltr'><strong>conditio</strong></span> <span class='ocrx_word' id='word_1_9' title='bbox 938 450 1017 528; x_wconf 78' lang='grc' dir='ltr'><strong>(Ι)</strong></span> <span class='ocrx_word' id='word_1_10' title='bbox 1044 452 1325 511; x_wconf 82' lang='lat' dir='ltr'><strong>Christum</strong></span> <span class='ocrx_word' id='word_1_11' title='bbox 1363 462 1416 509; x_wconf 87' lang='lat' dir='ltr'><strong>et</strong></span> <span class='ocrx_word' id='word_1_12' title='bbox 1445 452 1718 509; x_wconf 78' lang='lat' dir='ltr'><strong>hominem</strong></span> <span class='ocrx_word' id='word_1_13' title='bbox 1745 494 1759 518; x_wconf 94' lang='lat'><strong>,</strong></span> <span class='ocrx_word' id='word_1_14' title='bbox 1794 462 1848 508; x_wconf 87' lang='lat' dir='ltr'><strong>et</strong></span> <span class='ocrx_word' id='word_1_15' title='bbox 1878 451 2040 507; x_wconf 85' lang='lat' dir='ltr'><strong>lilium</strong></span> <span class='ocrx_word' id='word_1_16' title='bbox 2074 452 2123 512; x_wconf 76' lang='grc' dir='ltr'><strong>Α</strong></span> <span class='ocrx_word' id='word_1_17' title='bbox 2154 467 2272 506; x_wconf 89' lang='lat' dir='ltr'><strong>netn</strong></span> <span class='ocrx_word' id='word_1_18' title='bbox 2302 450 2742 521; x_wconf 69' lang='lat' dir='ltr'><strong>prmstrnentlam,</strong></span> <span class='ocrx_word' id='word_1_19' title='bbox 2775 451 2849 510; x_wconf 88' lang='lat' dir='ltr'><strong>uti</strong></span> <span class='ocrx_word' id='word_1_20' title='bbox 2879 444 3020 510; x_wconf 84' lang='lat' dir='ltr'><strong>nunc</strong></span> <span class='ocrx_word' id='word_1_21' title='bbox 3041 451 3107 509; x_wconf 90' lang='lat' dir='ltr'><strong>de</strong></span> <span class='ocrx_word' id='word_1_22' title='bbox 3135 440 3246 511; x_wconf 70' lang='lat' dir='ltr'><strong>sola</strong></span> <span class='ocrx_word' id='word_1_23' title='bbox 3269 442 3449 512; x_wconf 84' lang='lat' dir='ltr'><strong>carnis</strong></span> <span class='ocrx_word' id='word_1_24' title='bbox 3472 460 3751 513; x_wconf 83' lang='lat' dir='ltr'><strong>resurrec-</strong></span> 
     </span>
    </p>
   </div>
   <div class='ocr_carea' id='block_1_5' title="bbox 455 547 2099 619">
    <p class='ocr_par' dir='ltr' id='par_1_5' title="bbox 455 547 2099 619">
     <span class='ocr_line' id='line_1_5' title="bbox 455 547 2099 619; baseline -0.002 -14"><span class='ocrx_word' id='word_1_25' title='bbox 455 549 502 605; x_wconf 72' lang='lat' dir='ltr'><strong>ll&#39;</strong></span> <span class='ocrx_word' id='word_1_26' title='bbox 528 548 691 604; x_wconf 84' lang='lat' dir='ltr'><strong>minis</strong></span> <span class='ocrx_word' id='word_1_27' title='bbox 715 548 1068 619; x_wconf 75' lang='lat' dir='ltr'><strong>inscripserit.</strong></span> <span class='ocrx_word' id='word_1_28' title='bbox 1092 551 1359 603; x_wconf 72' lang='lat' dir='ltr'><strong>tiarnenm</strong></span> <span class='ocrx_word' id='word_1_29' title='bbox 1381 547 1522 603; x_wconf 84' lang='lat' dir='ltr'><strong>enim</strong></span> <span class='ocrx_word' id='word_1_30' title='bbox 1548 557 1708 618; x_wconf 81' lang='lat' dir='ltr'><strong>atque</strong></span> <span class='ocrx_word' id='word_1_31' title='bbox 1729 563 2049 616; x_wconf 63' lang='lat' dir='ltr'><strong>corporeum</strong></span> <span class='ocrx_word' id='word_1_32' title='bbox 2089 594 2099 608; x_wconf 84' lang='lat'><em>.</em></span> 
     </span>
    </p>
   </div>
   <div class='ocr_carea' id='block_1_6' title="bbox 450 637 2038 712">
    <p class='ocr_par' dir='ltr' id='par_1_6' title="bbox 450 637 2038 712">
     <span class='ocr_line' id='line_1_6' title="bbox 450 637 2038 712; baseline -0.002 -19"><span class='ocrx_word' id='word_1_33' title='bbox 450 642 738 709; x_wconf 69' lang='lat' dir='ltr'><strong>probantes</strong></span> <span class='ocrx_word' id='word_1_34' title='bbox 767 655 914 706; x_wconf 89' lang='lat' dir='ltr'><strong>eum,</strong></span> <span class='ocrx_word' id='word_1_35' title='bbox 959 640 1035 712; x_wconf 88' lang='lat' dir='ltr'>(a)</span> <span class='ocrx_word' id='word_1_36' title='bbox 1081 637 1303 709; x_wconf 77' lang='lat' dir='ltr'><strong>proinde</strong></span> <span class='ocrx_word' id='word_1_37' title='bbox 1343 648 1400 694; x_wconf 89' lang='lat' dir='ltr'><strong>et</strong></span> <span class='ocrx_word' id='word_1_38' title='bbox 1427 637 1744 693; x_wconf 85' lang='lat' dir='ltr'><strong>obtlttcimns</strong></span> <span class='ocrx_word' id='word_1_39' title='bbox 1792 638 2038 708; x_wconf 61' lang='lat' dir='ltr'><strong>praescri-</strong></span> 
     </span>
    </p>
   </div>
   <div class='ocr_carea' id='block_1_7' title="bbox 452 725 2044 799">
    <p class='ocr_par' dir='ltr' id='par_1_7' title="bbox 452 725 2044 799">
     <span class='ocr_line' id='line_1_7' title="bbox 452 725 2044 799; baseline -0.003 -14"><span class='ocrx_word' id='word_1_40' title='bbox 452 728 628 785; x_wconf 83' lang='lat' dir='ltr'><strong>bemlo</strong></span> <span class='ocrx_word' id='word_1_41' title='bbox 669 725 870 785; x_wconf 82' lang='lat' dir='ltr'><strong>mtllnin</strong></span> <span class='ocrx_word' id='word_1_42' title='bbox 901 730 1063 785; x_wconf 89' lang='lat' dir='ltr'><strong>alium</strong></span> <span class='ocrx_word' id='word_1_43' title='bbox 1091 728 1418 785; x_wconf 82' lang='lat' dir='ltr'><strong>credendum</strong></span> <span class='ocrx_word' id='word_1_44' title='bbox 1453 728 1616 784; x_wconf 89' lang='lat' dir='ltr'><strong>Deum</strong></span> <span class='ocrx_word' id='word_1_45' title='bbox 1659 739 1852 799; x_wconf 70' lang='lat' dir='ltr'><strong>praeter</strong></span> <span class='ocrx_word' id='word_1_46' title='bbox 1878 728 2044 783; x_wconf 81' lang='lat' dir='ltr'><strong>Crea-</strong></span> 
     </span>
    </p>
   </div>
   <div class='ocr_carea' id='block_1_8' title="bbox 449 818 2046 895">
    <p class='ocr_par' dir='ltr' id='par_1_8' title="bbox 449 818 2046 895">
     <span class='ocr_line' id='line_1_8' title="bbox 449 818 2046 895; baseline -0.003 -16"><span class='ocrx_word' id='word_1_47' title='bbox 449 832 619 879; x_wconf 91' lang='lat' dir='ltr'><strong>torem</strong></span> <span class='ocrx_word' id='word_1_48' title='bbox 643 864 657 887; x_wconf 94' lang='lat'><strong>,</strong></span> <span class='ocrx_word' id='word_1_49' title='bbox 696 823 820 876; x_wconf 89' lang='lat' dir='ltr'><strong>dum</strong></span> <span class='ocrx_word' id='word_1_50' title='bbox 854 823 1014 879; x_wconf 88' lang='lat' dir='ltr'><strong>talem</strong></span> <span class='ocrx_word' id='word_1_51' title='bbox 1048 820 1129 895; x_wconf 69' lang='grc' dir='ltr'><strong>(Ξ)</strong></span> <span class='ocrx_word' id='word_1_52' title='bbox 1162 819 1498 877; x_wconf 64' lang='lat' dir='ltr'><strong>Ostendimus</strong></span> <span class='ocrx_word' id='word_1_53' title='bbox 1525 818 1828 886; x_wconf 81' lang='lat' dir='ltr'><strong>Christum,</strong></span> <span class='ocrx_word' id='word_1_54' title='bbox 1859 821 1908 875; x_wconf 91' lang='lat' dir='ltr'><strong>in</strong></span> <span class='ocrx_word' id='word_1_55' title='bbox 1938 834 2046 889; x_wconf 85' lang='lat' dir='ltr'><strong>quo</strong></span> 
     </span>
    </p>
   </div>
   <div class='ocr_carea' id='block_1_9' title="bbox 451 911 2039 985">
    <p class='ocr_par' dir='ltr' id='par_1_9' title="bbox 451 911 2039 985">
     <span class='ocr_line' id='line_1_9' title="bbox 451 911 2039 985; baseline -0.002 -16"><span class='ocrx_word' id='word_1_56' title='bbox 451 913 789 985; x_wconf 80' lang='lat' dir='ltr'><strong>dignoscitur</strong></span> <span class='ocrx_word' id='word_1_57' title='bbox 844 914 1024 979; x_wconf 87' lang='lat' dir='ltr'><strong>Deus,</strong></span> <span class='ocrx_word' id='word_1_58' title='bbox 1081 913 1254 984; x_wconf 81' lang='lat' dir='ltr'><strong>qualis</strong></span> <span class='ocrx_word' id='word_1_59' title='bbox 1308 912 1637 983; x_wconf 86' lang='lat' dir='ltr'><strong>premittitur</strong></span> <span class='ocrx_word' id='word_1_60' title='bbox 1686 927 1715 966; x_wconf 91' lang='lat' dir='ltr'><strong>a</strong></span> <span class='ocrx_word' id='word_1_61' title='bbox 1759 911 2039 966; x_wconf 87' lang='lat' dir='ltr'><strong>Creatore.</strong></span> 
     </span>
    </p>
   </div>
   <div class='ocr_carea' id='block_1_10' title="bbox 448 1001 2046 1067">
    <p class='ocr_par' dir='ltr' id='par_1_10' title="bbox 448 1001 2046 1067">
     <span class='ocr_line' id='line_1_10' title="bbox 448 1001 2046 1067; baseline -0.006 -4"><span class='ocrx_word' id='word_1_62' title='bbox 448 1003 678 1063; x_wconf 87' lang='lat' dir='ltr'><strong>Obducti</strong></span> <span class='ocrx_word' id='word_1_63' title='bbox 705 1003 900 1061; x_wconf 87' lang='lat' dir='ltr'><strong>dehinc</strong></span> <span class='ocrx_word' id='word_1_64' title='bbox 921 1004 990 1061; x_wconf 89' lang='lat' dir='ltr'><strong>de</strong></span> <span class='ocrx_word' id='word_1_65' title='bbox 1020 1004 1131 1060; x_wconf 89' lang='lat' dir='ltr'><strong>Deo</strong></span> <span class='ocrx_word' id='word_1_66' title='bbox 1156 1004 1335 1067; x_wconf 85' lang='lat' dir='ltr'><strong>carnis</strong></span> <span class='ocrx_word' id='word_1_67' title='bbox 1362 1011 1583 1059; x_wconf 88' lang='lat' dir='ltr'><strong>auctore</strong></span> <span class='ocrx_word' id='word_1_68' title='bbox 1608 1044 1621 1067; x_wconf 92' lang='lat'><strong>,</strong></span> <span class='ocrx_word' id='word_1_69' title='bbox 1654 1011 1710 1057; x_wconf 87' lang='lat' dir='ltr'><strong>et</strong></span> <span class='ocrx_word' id='word_1_70' title='bbox 1733 1001 1802 1057; x_wconf 88' lang='lat' dir='ltr'><strong>de</strong></span> <span class='ocrx_word' id='word_1_71' title='bbox 1830 1002 2046 1057; x_wconf 80' lang='lat' dir='ltr'><strong>Christo</strong></span> 
     </span>
    </p>
   </div>
   <div class='ocr_carea' id='block_1_11' title="bbox 447 1094 2044 1168">
    <p class='ocr_par' dir='ltr' id='par_1_11' title="bbox 447 1094 2044 1168">
     <span class='ocr_line' id='line_1_11' title="bbox 447 1094 2044 1168; baseline -0.001 -17"><span class='ocrx_word' id='word_1_72' title='bbox 447 1096 625 1152; x_wconf 88' lang='lat' dir='ltr'><strong>carnis</strong></span> <span class='ocrx_word' id='word_1_73' title='bbox 666 1095 1040 1168; x_wconf 85' lang='lat' dir='ltr'><strong>redemptore,</strong></span> <span class='ocrx_word' id='word_1_74' title='bbox 1081 1096 1191 1166; x_wconf 85' lang='lat' dir='ltr'><strong>jam</strong></span> <span class='ocrx_word' id='word_1_75' title='bbox 1239 1105 1291 1150; x_wconf 91' lang='lat' dir='ltr'><strong>et</strong></span> <span class='ocrx_word' id='word_1_76' title='bbox 1330 1094 1399 1151; x_wconf 89' lang='lat' dir='ltr'><strong>de</strong></span> <span class='ocrx_word' id='word_1_77' title='bbox 1444 1095 1839 1151; x_wconf 74' lang='lat' dir='ltr'><strong>resurrectione</strong></span> <span class='ocrx_word' id='word_1_78' title='bbox 1868 1094 2044 1149; x_wconf 87' lang='lat' dir='ltr'><strong>carnis</strong></span> 
     </span>
    </p>
   </div>
   <div class='ocr_carea' id='block_1_12' title="bbox 447 1184 2044 1259">
    <p class='ocr_par' dir='ltr' id='par_1_12' title="bbox 447 1184 2044 1259">
     <span class='ocr_line' id='line_1_12' title="bbox 447 1184 2044 1259; baseline -0.002 -15"><span class='ocrx_word' id='word_1_79' title='bbox 447 1188 819 1244; x_wconf 82' lang='lat' dir='ltr'><strong>rcvincenlur.</strong></span> <span class='ocrx_word' id='word_1_80' title='bbox 867 1186 1240 1257; x_wconf 82' lang='lat' dir='ltr'><strong>Congruenter</strong></span> <span class='ocrx_word' id='word_1_81' title='bbox 1268 1187 1472 1242; x_wconf 83' lang='lat' dir='ltr'><strong>scilicet</strong></span> <span class='ocrx_word' id='word_1_82' title='bbox 1501 1184 1599 1259; x_wconf 74' lang='grc' dir='ltr'><strong>(ὅ).</strong></span> <span class='ocrx_word' id='word_1_83' title='bbox 1633 1185 1701 1241; x_wconf 88' lang='lat' dir='ltr'><strong>Et</strong></span> <span class='ocrx_word' id='word_1_84' title='bbox 1735 1186 1839 1241; x_wconf 90' lang='lat' dir='ltr'><strong>hoc</strong></span> <span class='ocrx_word' id='word_1_85' title='bbox 1875 1185 2044 1241; x_wconf 88' lang='lat' dir='ltr'><strong>ferme</strong></span> 
     </span>
    </p>
   </div>
   <div class='ocr_carea' id='block_1_13' title="bbox 449 1276 2040 1353">
    <p class='ocr_par' dir='ltr' id='par_1_13' title="bbox 449 1276 2040 1353">
     <span class='ocr_line' id='line_1_13' title="bbox 449 1276 2040 1353; baseline -0.002 -18"><span class='ocrx_word' id='word_1_86' title='bbox 449 1276 611 1335; x_wconf 89' lang='lat' dir='ltr'><strong>modo</strong></span> <span class='ocrx_word' id='word_1_87' title='bbox 659 1276 889 1335; x_wconf 86' lang='lat' dir='ltr'><strong>dicimus</strong></span> <span class='ocrx_word' id='word_1_88' title='bbox 940 1279 1227 1335; x_wconf 82' lang='lat' dir='ltr'><strong>iucundam</strong></span> <span class='ocrx_word' id='word_1_89' title='bbox 1278 1294 1401 1335; x_wconf 90' lang='lat' dir='ltr'><strong>cum</strong></span> <span class='ocrx_word' id='word_1_90' title='bbox 1452 1279 1721 1336; x_wconf 65' lang='lat' dir='ltr'><strong>haereticis</strong></span> <span class='ocrx_word' id='word_1_91' title='bbox 1771 1279 2040 1353; x_wconf 70' lang='lat' dir='ltr'><strong>diserpta-</strong></span> 
     </span>
    </p>
   </div>
   <div class='ocr_carea' id='block_1_14' title="bbox 451 1370 2041 1444">
    <p class='ocr_par' dir='ltr' id='par_1_14' title="bbox 451 1370 2041 1444">
     <span class='ocr_line' id='line_1_14' title="bbox 451 1370 2041 1444; baseline -0.003 -16"><span class='ocrx_word' id='word_1_92' title='bbox 451 1373 678 1428; x_wconf 90' lang='lat' dir='ltr'><strong>tionetn.</strong></span> <span class='ocrx_word' id='word_1_93' title='bbox 711 1370 841 1426; x_wconf 86' lang='lat' dir='ltr'><strong>Nam</strong></span> <span class='ocrx_word' id='word_1_94' title='bbox 883 1380 939 1427; x_wconf 90' lang='lat' dir='ltr'><strong>et</strong></span> <span class='ocrx_word' id='word_1_95' title='bbox 966 1371 1101 1427; x_wconf 88' lang='lat' dir='ltr'><strong>ordo</strong></span> <span class='ocrx_word' id='word_1_96' title='bbox 1129 1388 1346 1443; x_wconf 79' lang='lat' dir='ltr'><strong>semper</strong></span> <span class='ocrx_word' id='word_1_97' title='bbox 1384 1387 1412 1426; x_wconf 91' lang='lat' dir='ltr'><strong>a</strong></span> <span class='ocrx_word' id='word_1_98' title='bbox 1447 1371 1827 1444; x_wconf 76' lang='lat' dir='ltr'><strong>principalibus</strong></span> <span class='ocrx_word' id='word_1_99' title='bbox 1851 1370 2041 1427; x_wconf 85' lang='lat' dir='ltr'><strong>deduci</strong></span> 
     </span>
    </p>
   </div>
   <div class='ocr_carea' id='block_1_15' title="bbox 447 1452 2041 1540">
    <p class='ocr_par' dir='ltr' id='par_1_15' title="bbox 447 1452 2041 1540">
     <span class='ocr_line' id='line_1_15' title="bbox 447 1452 2041 1540; baseline -0.001 -18"><span class='ocrx_word' id='word_1_100' title='bbox 447 1469 733 1538; x_wconf 79' lang='lat' dir='ltr'><strong>exposcit,</strong></span> <span class='ocrx_word' id='word_1_101' title='bbox 784 1478 841 1524; x_wconf 91' lang='lat' dir='ltr'><strong>ut</strong></span> <span class='ocrx_word' id='word_1_102' title='bbox 882 1469 948 1525; x_wconf 91' lang='lat' dir='ltr'><strong>de</strong></span> <span class='ocrx_word' id='word_1_103' title='bbox 980 1456 1096 1540; x_wconf 82' lang='lat' dir='ltr'><strong>ipso</strong></span> <span class='ocrx_word' id='word_1_104' title='bbox 1141 1470 1288 1540; x_wconf 89' lang='lat' dir='ltr'><strong>prius</strong></span> <span class='ocrx_word' id='word_1_105' title='bbox 1335 1452 1580 1533; x_wconf 70' lang='lat' dir='ltr'><strong>consiet,</strong></span> <span class='ocrx_word' id='word_1_106' title='bbox 1611 1485 1640 1522; x_wconf 89' lang='lat' dir='ltr'><strong>a</strong></span> <span class='ocrx_word' id='word_1_107' title='bbox 1681 1483 1788 1537; x_wconf 88' lang='lat' dir='ltr'><strong>quo</strong></span> <span class='ocrx_word' id='word_1_108' title='bbox 1833 1467 2041 1523; x_wconf 91' lang='lat' dir='ltr'><strong>dicatur</strong></span> 
     </span>
    </p>
   </div>
   <div class='ocr_carea' id='block_1_16' title="bbox 444 1558 2042 1632">
    <p class='ocr_par' dir='ltr' id='par_1_16' title="bbox 444 1558 2042 1632">
     <span class='ocr_line' id='line_1_16' title="bbox 444 1558 2042 1632; baseline 0.002 -18"><span class='ocrx_word' id='word_1_109' title='bbox 444 1558 763 1630; x_wconf 83' lang='lat' dir='ltr'><strong>diSpositum</strong></span> <span class='ocrx_word' id='word_1_110' title='bbox 792 1575 937 1627; x_wconf 86' lang='lat' dir='ltr'><strong>esse,</strong></span> <span class='ocrx_word' id='word_1_111' title='bbox 961 1560 1102 1632; x_wconf 90' lang='lat' dir='ltr'><strong>quod</strong></span> <span class='ocrx_word' id='word_1_112' title='bbox 1133 1561 1410 1632; x_wconf 71' lang='lat' dir='ltr'><strong>qumritur.</strong></span> <span class='ocrx_word' id='word_1_113' title='bbox 1438 1562 1610 1631; x_wconf 82' lang='lat' dir='ltr'><strong>Atque</strong></span> <span class='ocrx_word' id='word_1_114' title='bbox 1639 1561 1781 1615; x_wconf 87' lang='lat' dir='ltr'><strong>adeo</strong></span> <span class='ocrx_word' id='word_1_115' title='bbox 1798 1572 1848 1615; x_wconf 88' lang='lat' dir='ltr'><strong>et</strong></span> <span class='ocrx_word' id='word_1_116' title='bbox 1878 1560 2042 1617; x_wconf 75' lang='lat' dir='ltr'><strong>luere-</strong></span> 
     </span>
    </p>
   </div>
   <div class='ocr_carea' id='block_1_17' title="bbox 453 1654 2039 1723">
    <p class='ocr_par' dir='ltr' id='par_1_17' title="bbox 453 1654 2039 1723">
     <span class='ocr_line' id='line_1_17' title="bbox 453 1654 2039 1723; baseline 0.002 -15"><span class='ocrx_word' id='word_1_117' title='bbox 453 1654 565 1719; x_wconf 91' lang='lat' dir='ltr'><strong>tici,</strong></span> <span class='ocrx_word' id='word_1_118' title='bbox 621 1670 686 1710; x_wconf 83' lang='lat' dir='ltr'><strong>cx</strong></span> <span class='ocrx_word' id='word_1_119' title='bbox 714 1655 1041 1711; x_wconf 89' lang='lat' dir='ltr'><strong>conscientia</strong></span> <span class='ocrx_word' id='word_1_120' title='bbox 1081 1654 1426 1717; x_wconf 79' lang='lat' dir='ltr'><strong>infirmitatis,</strong></span> <span class='ocrx_word' id='word_1_121' title='bbox 1458 1670 1727 1723; x_wconf 90' lang='lat' dir='ltr'><strong>nunquam</strong></span> <span class='ocrx_word' id='word_1_122' title='bbox 1768 1655 2039 1711; x_wconf 89' lang='lat' dir='ltr'><strong>ordinarie</strong></span> 
     </span>
    </p>
   </div>
   <div class='ocr_carea' id='block_1_18' title="bbox 453 1745 2038 1819">
    <p class='ocr_par' dir='ltr' id='par_1_18' title="bbox 453 1745 2038 1819">
     <span class='ocr_line' id='line_1_18' title="bbox 453 1745 2038 1819; baseline 0.001 -19"><span class='ocrx_word' id='word_1_123' title='bbox 453 1754 704 1801; x_wconf 81' lang='lat' dir='ltr'><strong>tractant.</strong></span> <span class='ocrx_word' id='word_1_124' title='bbox 737 1746 881 1802; x_wconf 81' lang='lat' dir='ltr'><strong>Certi</strong></span> <span class='ocrx_word' id='word_1_125' title='bbox 909 1748 1075 1812; x_wconf 88' lang='lat' dir='ltr'><strong>enim,</strong></span> <span class='ocrx_word' id='word_1_126' title='bbox 1109 1748 1267 1819; x_wconf 87' lang='lat' dir='ltr'><strong>quam</strong></span> <span class='ocrx_word' id='word_1_127' title='bbox 1300 1746 1544 1802; x_wconf 80' lang='lat' dir='ltr'><strong>laborent</strong></span> <span class='ocrx_word' id='word_1_128' title='bbox 1570 1747 1620 1800; x_wconf 91' lang='lat' dir='ltr'><strong>in</strong></span> <span class='ocrx_word' id='word_1_129' title='bbox 1652 1746 1875 1801; x_wconf 88' lang='lat' dir='ltr'><strong>alterius</strong></span> <span class='ocrx_word' id='word_1_130' title='bbox 1901 1745 2038 1801; x_wconf 88' lang='lat' dir='ltr'><strong>divi-</strong></span> 
     </span>
    </p>
   </div>
   <div class='ocr_carea' id='block_1_19' title="bbox 2157 545 3743 621">
    <p class='ocr_par' dir='ltr' id='par_1_19' title="bbox 2157 545 3743 621">
     <span class='ocr_line' id='line_1_19' title="bbox 2157 545 3743 621; baseline 0.003 -23"><span class='ocrx_word' id='word_1_131' title='bbox 2157 546 2299 599; x_wconf 91' lang='lat' dir='ltr'><strong>tioue</strong></span> <span class='ocrx_word' id='word_1_132' title='bbox 2332 545 2400 599; x_wconf 86' lang='lat' dir='ltr'><strong>ita</strong></span> <span class='ocrx_word' id='word_1_133' title='bbox 2429 545 2664 616; x_wconf 83' lang='lat' dir='ltr'><strong>digeram</strong></span> <span class='ocrx_word' id='word_1_134' title='bbox 2693 546 2799 621; x_wconf 89' lang='lat'><strong>(8),</strong></span> <span class='ocrx_word' id='word_1_135' title='bbox 2835 556 3083 618; x_wconf 87' lang='lat' dir='ltr'><strong>tanquam</strong></span> <span class='ocrx_word' id='word_1_136' title='bbox 3118 564 3283 619; x_wconf 88' lang='lat' dir='ltr'><strong>penes</strong></span> <span class='ocrx_word' id='word_1_137' title='bbox 3312 564 3412 605; x_wconf 86' lang='lat' dir='ltr'><strong>nos</strong></span> <span class='ocrx_word' id='word_1_138' title='bbox 3443 548 3703 605; x_wconf 72' lang='lat' dir='ltr'><strong>incorlnm</strong></span> <span class='ocrx_word' id='word_1_139' title='bbox 3729 592 3743 614; x_wconf 87' lang='lat'><strong>,</strong></span> 
     </span>
    </p>
   </div>
   <div class='ocr_carea' id='block_1_20' title="bbox 2154 636 3748 711">
    <p class='ocr_par' dir='ltr' id='par_1_20' title="bbox 2154 636 3748 711">
     <span class='ocr_line' id='line_1_20' title="bbox 2154 636 3748 711; baseline 0.005 -23"><span class='ocrx_word' id='word_1_140' title='bbox 2154 636 2277 690; x_wconf 90' lang='lat' dir='ltr'><strong>dum</strong></span> <span class='ocrx_word' id='word_1_141' title='bbox 2310 638 2379 691; x_wconf 89' lang='lat' dir='ltr'><strong>sit</strong></span> <span class='ocrx_word' id='word_1_142' title='bbox 2407 653 2621 708; x_wconf 90' lang='lat' dir='ltr'><strong>quoque</strong></span> <span class='ocrx_word' id='word_1_143' title='bbox 2649 651 2852 695; x_wconf 89' lang='lat' dir='ltr'><strong>certum</strong></span> <span class='ocrx_word' id='word_1_144' title='bbox 2884 639 2963 711; x_wconf 86' lang='lat'>(9)</span> <span class='ocrx_word' id='word_1_145' title='bbox 2994 654 3154 709; x_wconf 87' lang='lat' dir='ltr'><strong>penes</strong></span> <span class='ocrx_word' id='word_1_146' title='bbox 3182 640 3514 696; x_wconf 84' lang='lat' dir='ltr'><strong>Creatorem.</strong></span> <span class='ocrx_word' id='word_1_147' title='bbox 3539 640 3668 695; x_wconf 85' lang='lat' dir='ltr'><strong>Nam</strong></span> <span class='ocrx_word' id='word_1_148' title='bbox 3693 651 3748 697; x_wconf 88' lang='lat' dir='ltr'><strong>et</strong></span> 
     </span>
    </p>
   </div>
   <div class='ocr_carea' id='block_1_21' title="bbox 2154 728 3740 803">
    <p class='ocr_par' dir='ltr' id='par_1_21' title="bbox 2154 728 3740 803">
     <span class='ocr_line' id='line_1_21' title="bbox 2154 728 3740 803; baseline 0.004 -23"><span class='ocrx_word' id='word_1_149' title='bbox 2154 728 2303 782; x_wconf 88' lang='lat' dir='ltr'><strong>multi</strong></span> <span class='ocrx_word' id='word_1_150' title='bbox 2331 728 2491 783; x_wconf 84' lang='lat' dir='ltr'><strong>rudes</strong></span> <span class='ocrx_word' id='word_1_151' title='bbox 2517 771 2529 791; x_wconf 86' lang='lat'><strong>.</strong></span> <span class='ocrx_word' id='word_1_152' title='bbox 2561 739 2612 783; x_wconf 90' lang='lat' dir='ltr'><strong>et</strong></span> <span class='ocrx_word' id='word_1_153' title='bbox 2667 731 2908 801; x_wconf 75' lang='lat' dir='ltr'><strong>plerique</strong></span> <span class='ocrx_word' id='word_1_154' title='bbox 2930 746 3027 785; x_wconf 88' lang='lat' dir='ltr'><strong>sua</strong></span> <span class='ocrx_word' id='word_1_155' title='bbox 3056 731 3160 786; x_wconf 80' lang='lat' dir='ltr'><strong>title</strong></span> <span class='ocrx_word' id='word_1_156' title='bbox 3182 730 3329 787; x_wconf 88' lang='lat' dir='ltr'><strong>dttbii</strong></span> <span class='ocrx_word' id='word_1_157' title='bbox 3357 742 3409 788; x_wconf 90' lang='lat' dir='ltr'><strong>et</strong></span> <span class='ocrx_word' id='word_1_158' title='bbox 3433 732 3740 803; x_wconf 77' lang='lat' dir='ltr'><strong>simpiires;</strong></span> 
     </span>
    </p>
   </div>
   <div class='ocr_carea' id='block_1_22' title="bbox 2153 820 3746 897">
    <p class='ocr_par' dir='ltr' id='par_1_22' title="bbox 2153 820 3746 897">
     <span class='ocr_line' id='line_1_22' title="bbox 2153 820 3746 897; baseline 0.007 -24"><span class='ocrx_word' id='word_1_159' title='bbox 2153 820 2352 891; x_wconf 82' lang='lat' dir='ltr'><strong>plures,</strong></span> <span class='ocrx_word' id='word_1_160' title='bbox 2385 834 2519 891; x_wconf 87' lang='lat' dir='ltr'><strong>quos</strong></span> <span class='ocrx_word' id='word_1_161' title='bbox 2551 823 2762 890; x_wconf 89' lang='lat' dir='ltr'><strong>instrui,</strong></span> <span class='ocrx_word' id='word_1_162' title='bbox 2787 825 2968 897; x_wconf 81' lang='lat' dir='ltr'><strong>dirigi,</strong></span> <span class='ocrx_word' id='word_1_163' title='bbox 2997 826 3188 880; x_wconf 90' lang='lat' dir='ltr'><strong>muniri</strong></span> <span class='ocrx_word' id='word_1_164' title='bbox 3215 826 3514 896; x_wconf 77' lang='lat' dir='ltr'><strong>oportebit;</strong></span> <span class='ocrx_word' id='word_1_165' title='bbox 3540 828 3660 897; x_wconf 89' lang='lat' dir='ltr'><strong>quia</strong></span> <span class='ocrx_word' id='word_1_166' title='bbox 3691 837 3746 884; x_wconf 88' lang='lat' dir='ltr'><strong>et</strong></span> 
     </span>
    </p>
   </div>
   <div class='ocr_carea' id='block_1_23' title="bbox 2152 915 3740 993">
    <p class='ocr_par' dir='ltr' id='par_1_23' title="bbox 2152 915 3740 993">
     <span class='ocr_line' id='line_1_23' title="bbox 2152 915 3740 993; baseline 0.005 -26"><span class='ocrx_word' id='word_1_167' title='bbox 2152 915 2252 993; x_wconf 87' lang='lat' dir='ltr'><strong>hoc</strong></span> <span class='ocrx_word' id='word_1_168' title='bbox 2300 915 2466 973; x_wconf 86' lang='lat' dir='ltr'><strong>latere</strong></span> <span class='ocrx_word' id='word_1_169' title='bbox 2510 917 2635 971; x_wconf 91' lang='lat' dir='ltr'><strong>unio</strong></span> <span class='ocrx_word' id='word_1_170' title='bbox 2665 916 2961 972; x_wconf 84' lang='lat' dir='ltr'><strong>divinitatis</strong></span> <span class='ocrx_word' id='word_1_171' title='bbox 3000 918 3341 974; x_wconf 82' lang='lat' dir='ltr'><strong>defendetur.</strong></span> <span class='ocrx_word' id='word_1_172' title='bbox 3387 919 3552 974; x_wconf 91' lang='lat' dir='ltr'><strong>Sicuti</strong></span> <span class='ocrx_word' id='word_1_173' title='bbox 3599 921 3740 975; x_wconf 89' lang='lat' dir='ltr'><strong>enim</strong></span> 
     </span>
    </p>
   </div>
   <div class='ocr_carea' id='block_1_24' title="bbox 2150 1011 3740 1083">
    <p class='ocr_par' dir='ltr' id='par_1_24' title="bbox 2150 1011 3740 1083">
     <span class='ocr_line' id='line_1_24' title="bbox 2150 1011 3740 1083; baseline 0.003 -20"><span class='ocrx_word' id='word_1_174' title='bbox 2150 1016 2337 1080; x_wconf 80' lang='lat' dir='ltr'><strong>negata</strong></span> <span class='ocrx_word' id='word_1_175' title='bbox 2359 1011 2536 1066; x_wconf 88' lang='lat' dir='ltr'><strong>carnis</strong></span> <span class='ocrx_word' id='word_1_176' title='bbox 2557 1012 2954 1067; x_wconf 79' lang='lat' dir='ltr'><strong>resurrectione</strong></span> <span class='ocrx_word' id='word_1_177' title='bbox 2970 1056 2984 1077; x_wconf 91' lang='lat'><strong>,</strong></span> <span class='ocrx_word' id='word_1_178' title='bbox 3010 1014 3343 1080; x_wconf 87' lang='lat' dir='ltr'><strong>concutitur;</strong></span> <span class='ocrx_word' id='word_1_179' title='bbox 3368 1013 3439 1069; x_wconf 88' lang='lat' dir='ltr'><strong>ita</strong></span> <span class='ocrx_word' id='word_1_180' title='bbox 3457 1012 3740 1083; x_wconf 85' lang='lat' dir='ltr'><strong>vindicata,</strong></span> 
     </span>
    </p>
   </div>
   <div class='ocr_carea' id='block_1_25' title="bbox 2146 1104 3742 1165">
    <p class='ocr_par' dir='ltr' id='par_1_25' title="bbox 2146 1104 3742 1165">
     <span class='ocr_line' id='line_1_25' title="bbox 2146 1104 3742 1165; baseline 0.004 -6"><span class='ocrx_word' id='word_1_181' title='bbox 2146 1104 2537 1161; x_wconf 78' lang='lat' dir='ltr'><strong>Constabilitnr.</strong></span> <span class='ocrx_word' id='word_1_182' title='bbox 2586 1106 2790 1160; x_wconf 64' lang='lat' dir='ltr'><strong>Anima:</strong></span> <span class='ocrx_word' id='word_1_183' title='bbox 2830 1117 3007 1161; x_wconf 83' lang='lat' dir='ltr'><strong>autem</strong></span> <span class='ocrx_word' id='word_1_184' title='bbox 3054 1108 3280 1163; x_wconf 84' lang='lat' dir='ltr'><strong>salutent</strong></span> <span class='ocrx_word' id='word_1_185' title='bbox 3306 1108 3478 1165; x_wconf 88' lang='lat' dir='ltr'><strong>&#39;eredo</strong></span> <span class='ocrx_word' id='word_1_186' title='bbox 3507 1116 3742 1165; x_wconf 86' lang='lat' dir='ltr'><strong>retraetu</strong></span> 
     </span>
    </p>
   </div>
   <div class='ocr_carea' id='block_1_26' title="bbox 2145 1197 3802 1272">
    <p class='ocr_par' dir='ltr' id='par_1_26' title="bbox 2145 1197 3802 1272">
     <span class='ocr_line' id='line_1_26' title="bbox 2145 1197 3802 1272; baseline 0.005 -21"><span class='ocrx_word' id='word_1_187' title='bbox 2145 1210 2351 1252; x_wconf 84' lang='lat' dir='ltr'><strong>carere.</strong></span> <span class='ocrx_word' id='word_1_188' title='bbox 2375 1197 2731 1254; x_wconf 85' lang='lat' dir='ltr'><strong>Otnnesenim</strong></span> <span class='ocrx_word' id='word_1_189' title='bbox 2765 1197 2876 1254; x_wconf 84' lang='lat' dir='ltr'><strong>fere</strong></span> <span class='ocrx_word' id='word_1_190' title='bbox 2908 1198 3143 1255; x_wconf 72' lang='lat' dir='ltr'><strong>Itzere&#39;lici</strong></span> <span class='ocrx_word' id='word_1_191' title='bbox 3175 1214 3292 1254; x_wconf 88' lang='lat' dir='ltr'><strong>eam</strong></span> <span class='ocrx_word' id='word_1_192' title='bbox 3335 1216 3548 1272; x_wconf 90' lang='lat' dir='ltr'><strong>quoquo</strong></span> <span class='ocrx_word' id='word_1_193' title='bbox 3583 1202 3743 1260; x_wconf 88' lang='lat' dir='ltr'><strong>modo</strong></span> <span class='ocrx_word' id='word_1_194' title='bbox 3773 1227 3802 1259; x_wconf 70' lang='grc' dir='ltr'><strong>ο</strong></span> 
     </span>
    </p>
   </div>
   <div class='ocr_carea' id='block_1_27' title="bbox 2147 1287 3740 1368">
    <p class='ocr_par' dir='ltr' id='par_1_27' title="bbox 2147 1287 3740 1368">
     <span class='ocr_line' id='line_1_27' title="bbox 2147 1287 3740 1368; baseline 0.004 -23"><span class='ocrx_word' id='word_1_195' title='bbox 2147 1287 2262 1360; x_wconf 79' lang='grc'>(10)</span> <span class='ocrx_word' id='word_1_196' title='bbox 2280 1291 2447 1345; x_wconf 84' lang='lat' dir='ltr'><strong>velint</strong></span> <span class='ocrx_word' id='word_1_197' title='bbox 2476 1289 2610 1365; x_wconf 81' lang='lat' dir='ltr'><strong>(ll),</strong></span> <span class='ocrx_word' id='word_1_198' title='bbox 2633 1299 2806 1346; x_wconf 88' lang='lat' dir='ltr'><strong>tamen</strong></span> <span class='ocrx_word' id='word_1_199' title='bbox 2829 1306 2934 1346; x_wconf 90' lang='lat' dir='ltr'><strong>non</strong></span> <span class='ocrx_word' id='word_1_200' title='bbox 2965 1293 3389 1362; x_wconf 66' lang='lat' dir='ltr'><strong>negantNiderit</strong></span> <span class='ocrx_word' id='word_1_201' title='bbox 3414 1308 3553 1351; x_wconf 88' lang='lat' dir='ltr'><strong>unus</strong></span> <span class='ocrx_word' id='word_1_202' title='bbox 3578 1295 3740 1368; x_wconf 85' lang='lat' dir='ltr'><strong>aliqui</strong></span> 
     </span>
    </p>
   </div>
   <div class='ocr_carea' id='block_1_28' title="bbox 2144 1374 3738 1459">
    <p class='ocr_par' dir='ltr' id='par_1_28' title="bbox 2144 1374 3738 1459">
     <span class='ocr_line' id='line_1_28' title="bbox 2144 1374 3738 1459; baseline 0.006 -24"><span class='ocrx_word' id='word_1_203' title='bbox 2144 1374 2410 1448; x_wconf 69' lang='lat' dir='ltr'><strong>Lucanus,</strong></span> <span class='ocrx_word' id='word_1_204' title='bbox 2446 1398 2543 1439; x_wconf 90' lang='lat' dir='ltr'><strong>nec</strong></span> <span class='ocrx_word' id='word_1_205' title='bbox 2574 1383 2698 1438; x_wconf 89' lang='lat' dir='ltr'><strong>huic</strong></span> <span class='ocrx_word' id='word_1_206' title='bbox 2727 1383 2941 1454; x_wconf 87' lang='lat' dir='ltr'><strong>quidem</strong></span> <span class='ocrx_word' id='word_1_207' title='bbox 2973 1384 3283 1440; x_wconf 67' lang='lat' dir='ltr'><strong>substantia:</strong></span> <span class='ocrx_word' id='word_1_208' title='bbox 3311 1401 3553 1457; x_wconf 77' lang='lat' dir='ltr'><strong>parcens,</strong></span> <span class='ocrx_word' id='word_1_209' title='bbox 3581 1403 3738 1459; x_wconf 90' lang='lat' dir='ltr'><strong>quam</strong></span> 
     </span>
    </p>
   </div>
   <div class='ocr_carea' id='block_1_29' title="bbox 2142 1472 3737 1550">
    <p class='ocr_par' dir='ltr' id='par_1_29' title="bbox 2142 1472 3737 1550">
     <span class='ocr_line' id='line_1_29' title="bbox 2142 1472 3737 1550; baseline 0.003 -22"><span class='ocrx_word' id='word_1_210' title='bbox 2142 1474 2434 1530; x_wconf 89' lang='lat' dir='ltr'><strong>secundum</strong></span> <span class='ocrx_word' id='word_1_211' title='bbox 2470 1476 2808 1531; x_wconf 65' lang='lat' dir='ltr'><strong>Aristotelem</strong></span> <span class='ocrx_word' id='word_1_212' title='bbox 2837 1475 3167 1541; x_wconf 80' lang='lat' dir='ltr'><strong>dissolvens,</strong></span> <span class='ocrx_word' id='word_1_213' title='bbox 3208 1472 3349 1532; x_wconf 84' lang='lat' dir='ltr'><strong>aliud</strong></span> <span class='ocrx_word' id='word_1_214' title='bbox 3398 1476 3522 1548; x_wconf 92' lang='lat' dir='ltr'><strong>quid</strong></span> <span class='ocrx_word' id='word_1_215' title='bbox 3552 1494 3649 1550; x_wconf 79' lang='lat' dir='ltr'><strong>pro</strong></span> <span class='ocrx_word' id='word_1_216' title='bbox 3676 1495 3737 1535; x_wconf 82' lang='lat' dir='ltr'><strong>ea</strong></span> 
     </span>
    </p>
   </div>
   <div class='ocr_carea' id='block_1_30' title="bbox 2140 1560 3781 1641">
    <p class='ocr_par' dir='ltr' id='par_1_30' title="bbox 2140 1560 3781 1641">
     <span class='ocr_line' id='line_1_30' title="bbox 2140 1560 3781 1641; baseline 0.001 -20"><span class='ocrx_word' id='word_1_217' title='bbox 2140 1565 2375 1634; x_wconf 67' lang='lat' dir='ltr'><strong>subiicit,</strong></span> <span class='ocrx_word' id='word_1_218' title='bbox 2390 1567 2538 1635; x_wconf 84' lang='lat' dir='ltr'><strong>quasi</strong></span> <span class='ocrx_word' id='word_1_219' title='bbox 2561 1567 2629 1620; x_wconf 86' lang='lat' dir='ltr'><strong>sit</strong></span> <span class='ocrx_word' id='word_1_220' title='bbox 2652 1560 2994 1641; x_wconf 73' lang='lat' dir='ltr'><strong>tertinm(12)</strong></span> <span class='ocrx_word' id='word_1_221' title='bbox 3016 1567 3263 1638; x_wconf 78' lang='lat' dir='ltr'><strong>quidriam</strong></span> <span class='ocrx_word' id='word_1_222' title='bbox 3289 1579 3781 1641; x_wconf 47' lang='lat' dir='ltr'><strong>resurrecturum&quot;</strong></span> 
     </span>
    </p>
   </div>
   <div class='ocr_carea' id='block_1_31' title="bbox 2140 1659 3738 1735">
    <p class='ocr_par' dir='ltr' id='par_1_31' title="bbox 2140 1659 3738 1735">
     <span class='ocr_line' id='line_1_31' title="bbox 2140 1659 3738 1735; baseline 0.005 -24"><span class='ocrx_word' id='word_1_223' title='bbox 2140 1672 2312 1729; x_wconf 89' lang='lat' dir='ltr'><strong>neque</strong></span> <span class='ocrx_word' id='word_1_224' title='bbox 2339 1659 2513 1712; x_wconf 86' lang='lat' dir='ltr'><strong>anima</strong></span> <span class='ocrx_word' id='word_1_225' title='bbox 2541 1700 2555 1724; x_wconf 89' lang='lat'><strong>,</strong></span> <span class='ocrx_word' id='word_1_226' title='bbox 2590 1674 2762 1735; x_wconf 79' lang='lat' dir='ltr'><strong>neque</strong></span> <span class='ocrx_word' id='word_1_227' title='bbox 2787 1674 2939 1720; x_wconf 84' lang='lat' dir='ltr'><strong>caro.</strong></span> <span class='ocrx_word' id='word_1_228' title='bbox 2974 1660 3024 1714; x_wconf 89' lang='lat' dir='ltr'><strong>id</strong></span> <span class='ocrx_word' id='word_1_229' title='bbox 3050 1669 3133 1715; x_wconf 91' lang='lat' dir='ltr'><strong>est</strong></span> <span class='ocrx_word' id='word_1_230' title='bbox 3160 1676 3264 1715; x_wconf 92' lang='lat' dir='ltr'><strong>non</strong></span> <span class='ocrx_word' id='word_1_231' title='bbox 3289 1660 3481 1723; x_wconf 86' lang='lat' dir='ltr'><strong>homo,</strong></span> <span class='ocrx_word' id='word_1_232' title='bbox 3535 1661 3605 1735; x_wconf 88' lang='lat' dir='ltr'>(c)</span> <span class='ocrx_word' id='word_1_233' title='bbox 3644 1663 3738 1719; x_wconf 85' lang='lat' dir='ltr'><strong>sed</strong></span> 
     </span>
    </p>
   </div>
   <div class='ocr_carea' id='block_1_32' title="bbox 2139 1751 3737 1825">
    <p class='ocr_par' dir='ltr' id='par_1_32' title="bbox 2139 1751 3737 1825">
     <span class='ocr_line' id='line_1_32' title="bbox 2139 1751 3737 1825; baseline 0.001 -18"><span class='ocrx_word' id='word_1_234' title='bbox 2139 1766 2300 1808; x_wconf 87' lang='lat' dir='ltr'><strong>ursus</strong></span> <span class='ocrx_word' id='word_1_235' title='bbox 2328 1752 2692 1824; x_wconf 87' lang='lat' dir='ltr'><strong>l‘orsitan,qua</strong></span> <span class='ocrx_word' id='word_1_236' title='bbox 2725 1752 2840 1825; x_wconf 78' lang='lat' dir='ltr'>(i5)</span> <span class='ocrx_word' id='word_1_237' title='bbox 2873 1751 3137 1809; x_wconf 86' lang='lat' dir='ltr'><strong>Lucanus.</strong></span> <span class='ocrx_word' id='word_1_238' title='bbox 3170 1753 3334 1811; x_wconf 74' lang='lat' dir='ltr'><strong>liabet</strong></span> <span class='ocrx_word' id='word_1_239' title='bbox 3368 1766 3423 1810; x_wconf 91' lang='lat' dir='ltr'><strong>et</strong></span> <span class='ocrx_word' id='word_1_240' title='bbox 3452 1756 3550 1812; x_wconf 89' lang='lat' dir='ltr'><strong>iste</strong></span> <span class='ocrx_word' id='word_1_241' title='bbox 3576 1772 3603 1810; x_wconf 91' lang='lat' dir='ltr'><strong>a</strong></span> <span class='ocrx_word' id='word_1_242' title='bbox 3639 1773 3737 1809; x_wconf 90' lang='lat' dir='ltr'><strong>no-</strong></span> 
     </span>
    </p>
   </div>
   <div class='ocr_carea' id='block_1_33' title="bbox 443 1834 3735 1918">
    <p class='ocr_par' dir='ltr' id='par_1_33' title="bbox 443 1834 3735 1918">
     <span class='ocr_line' id='line_1_33' title="bbox 443 1834 3735 1918; baseline 0.004 -27"><span class='ocrx_word' id='word_1_243' title='bbox 443 1836 626 1892; x_wconf 84' lang='lat' dir='ltr'><strong>nitatis</strong></span> <span class='ocrx_word' id='word_1_244' title='bbox 674 1836 1034 1894; x_wconf 80' lang='lat' dir='ltr'><strong>insinuatione</strong></span> <span class='ocrx_word' id='word_1_245' title='bbox 1076 1837 1333 1893; x_wconf 87' lang='lat' dir='ltr'><strong>adversus</strong></span> <span class='ocrx_word' id='word_1_246' title='bbox 1362 1834 1438 1912; x_wconf 75' lang='grc' dir='ltr'><strong>(ὁ)</strong></span> <span class='ocrx_word' id='word_1_247' title='bbox 1496 1836 1662 1892; x_wconf 83' lang='lat' dir='ltr'><strong>Deum</strong></span> <span class='ocrx_word' id='word_1_248' title='bbox 1692 1837 1874 1892; x_wconf 89' lang='lat' dir='ltr'><strong>mundi</strong></span> <span class='ocrx_word' id='word_1_249' title='bbox 1915 1853 2033 1892; x_wconf 88' lang='lat' dir='ltr'><strong>ont-</strong></span> <span class='ocrx_word' id='word_1_250' title='bbox 2066 1846 2113 1908; x_wconf 79' lang='grc' dir='ltr'><strong>Β</strong></span> <span class='ocrx_word' id='word_1_251' title='bbox 2141 1843 2222 1900; x_wconf 86' lang='lat' dir='ltr'><strong>bis</strong></span> <span class='ocrx_word' id='word_1_252' title='bbox 2250 1840 2615 1915; x_wconf 85' lang='lat' dir='ltr'><strong>plenissimum</strong></span> <span class='ocrx_word' id='word_1_253' title='bbox 2648 1843 2715 1900; x_wconf 86' lang='lat' dir='ltr'><strong>de</strong></span> <span class='ocrx_word' id='word_1_254' title='bbox 2741 1842 2884 1900; x_wconf 90' lang='lat' dir='ltr'><strong>omni</strong></span> <span class='ocrx_word' id='word_1_255' title='bbox 2916 1853 3055 1900; x_wconf 89' lang='lat' dir='ltr'><strong>statu</strong></span> <span class='ocrx_word' id='word_1_256' title='bbox 3085 1845 3278 1901; x_wconf 73' lang='lat' dir='ltr'><strong>animm</strong></span> <span class='ocrx_word' id='word_1_257' title='bbox 3307 1845 3534 1918; x_wconf 87' lang='lat' dir='ltr'><strong>stylum,</strong></span> <span class='ocrx_word' id='word_1_258' title='bbox 3577 1862 3735 1917; x_wconf 85' lang='lat' dir='ltr'><strong>quam</strong></span> 
     </span>
    </p>
   </div>
   <div class='ocr_carea' id='block_1_34' title="bbox 442 1928 2037 2000">
    <p class='ocr_par' dir='ltr' id='par_1_34' title="bbox 442 1928 2037 2000">
     <span class='ocr_line' id='line_1_34' title="bbox 442 1928 2037 2000; baseline 0.001 -17"><span class='ocrx_word' id='word_1_259' title='bbox 442 1928 601 1983; x_wconf 89' lang='lat' dir='ltr'><strong>nibus</strong></span> <span class='ocrx_word' id='word_1_260' title='bbox 629 1930 944 1985; x_wconf 74' lang='lat' dir='ltr'><strong>naturaliter</strong></span> <span class='ocrx_word' id='word_1_261' title='bbox 965 1939 1149 1989; x_wconf 88' lang='lat' dir='ltr'><strong>notum</strong></span> <span class='ocrx_word' id='word_1_262' title='bbox 1175 1930 1242 1986; x_wconf 89' lang='lat' dir='ltr'><strong>de</strong></span> <span class='ocrx_word' id='word_1_263' title='bbox 1265 1930 1583 1985; x_wconf 88' lang='lat' dir='ltr'><strong>testimoniis</strong></span> <span class='ocrx_word' id='word_1_264' title='bbox 1607 1944 1860 2000; x_wconf 85' lang='lat' dir='ltr'><strong>operum;</strong></span> <span class='ocrx_word' id='word_1_265' title='bbox 1889 1939 2037 1985; x_wconf 87' lang='lat' dir='ltr'><strong>certe</strong></span> 
     </span>
    </p>
   </div>
   <div class='ocr_carea' id='block_1_35' title="bbox 334 2011 2040 2095">
    <p class='ocr_par' dir='ltr' id='par_1_35' title="bbox 334 2011 2040 2095">
     <span class='ocr_line' id='line_1_35' title="bbox 334 2011 2040 2095; baseline 0.001 -17"><span class='ocrx_word' id='word_1_266' title='bbox 334 2014 345 2021; x_wconf 77' lang='grc'><em>’</em></span> <span class='ocrx_word' id='word_1_267' title='bbox 424 2011 499 2078; x_wconf 70' lang='grc' dir='ltr'><strong>ἐι</strong></span> <span class='ocrx_word' id='word_1_268' title='bbox 527 2024 580 2077; x_wconf 90' lang='lat' dir='ltr'><strong>in</strong></span> <span class='ocrx_word' id='word_1_269' title='bbox 611 2023 960 2079; x_wconf 74' lang='lat' dir='ltr'><strong>sacramentis</strong></span> <span class='ocrx_word' id='word_1_270' title='bbox 986 2023 1243 2095; x_wconf 85' lang='lat' dir='ltr'><strong>priorem,</strong></span> <span class='ocrx_word' id='word_1_271' title='bbox 1269 2034 1323 2079; x_wconf 89' lang='lat' dir='ltr'><strong>et</strong></span> <span class='ocrx_word' id='word_1_272' title='bbox 1349 2023 1399 2079; x_wconf 88' lang='lat' dir='ltr'><strong>in</strong></span> <span class='ocrx_word' id='word_1_273' title='bbox 1434 2023 1900 2093; x_wconf 71' lang='lat' dir='ltr'><strong>pratdicatlonibns</strong></span> <span class='ocrx_word' id='word_1_274' title='bbox 1931 2038 2040 2079; x_wconf 88' lang='lat' dir='ltr'><strong>ma-</strong></span> 
     </span>
    </p>
   </div>
   <div class='ocr_carea' id='block_1_36' title="bbox 448 2113 2033 2188">
    <p class='ocr_par' dir='ltr' id='par_1_36' title="bbox 448 2113 2033 2188">
     <span class='ocr_line' id='line_1_36' title="bbox 448 2113 2033 2188; baseline 0.001 -18"><span class='ocrx_word' id='word_1_275' title='bbox 448 2113 780 2172; x_wconf 79' lang='lat' dir='ltr'><strong>niiestiorem</strong></span> <span class='ocrx_word' id='word_1_276' title='bbox 803 2133 816 2181; x_wconf 87' lang='lat'><strong>;</strong></span> <span class='ocrx_word' id='word_1_277' title='bbox 848 2117 949 2173; x_wconf 88' lang='lat' dir='ltr'><strong>sub</strong></span> <span class='ocrx_word' id='word_1_278' title='bbox 971 2118 1191 2172; x_wconf 89' lang='lat' dir='ltr'><strong>obtentu</strong></span> <span class='ocrx_word' id='word_1_279' title='bbox 1219 2121 1368 2188; x_wconf 86' lang='lat' dir='ltr'><strong>quasi</strong></span> <span class='ocrx_word' id='word_1_280' title='bbox 1392 2116 1715 2187; x_wconf 85' lang='lat' dir='ltr'><strong>nrgentioris</strong></span> <span class='ocrx_word' id='word_1_281' title='bbox 1735 2130 1959 2184; x_wconf 61' lang='lat' dir='ltr'><strong>caussae,</strong></span> <span class='ocrx_word' id='word_1_282' title='bbox 1983 2116 2033 2172; x_wconf 92' lang='lat' dir='ltr'><strong>id</strong></span> 
     </span>
    </p>
   </div>
   <div class='ocr_carea' id='block_1_37' title="bbox 438 2206 2031 2288">
    <p class='ocr_par' dir='ltr' id='par_1_37' title="bbox 438 2206 2031 2288">
     <span class='ocr_line' id='line_1_37' title="bbox 438 2206 2031 2288; baseline 0.001 -28"><span class='ocrx_word' id='word_1_283' title='bbox 438 2215 545 2273; x_wconf 89' lang='lat' dir='ltr'><strong>est,</strong></span> <span class='ocrx_word' id='word_1_284' title='bbox 585 2206 749 2278; x_wconf 90' lang='lat' dir='ltr'><strong>ipsius</strong></span> <span class='ocrx_word' id='word_1_285' title='bbox 774 2206 1019 2263; x_wconf 76' lang='lat' dir='ltr'><strong>humana:</strong></span> <span class='ocrx_word' id='word_1_286' title='bbox 1048 2208 1236 2264; x_wconf 88' lang='lat' dir='ltr'><strong>salutis</strong></span> <span class='ocrx_word' id='word_1_287' title='bbox 1259 2218 1382 2265; x_wconf 90' lang='lat' dir='ltr'><strong>ante</strong></span> <span class='ocrx_word' id='word_1_288' title='bbox 1405 2208 1585 2262; x_wconf 88' lang='lat' dir='ltr'><strong>omnia</strong></span> <span class='ocrx_word' id='word_1_289' title='bbox 1617 2207 1977 2288; x_wconf 56' lang='lat' dir='ltr'><strong>requirenda),</strong></span> <span class='ocrx_word' id='word_1_290' title='bbox 2001 2222 2031 2261; x_wconf 87' lang='lat' dir='ltr'><strong>a</strong></span> 
     </span>
    </p>
   </div>
   <div class='ocr_carea' id='block_1_38' title="bbox 434 2300 2031 2373">
    <p class='ocr_par' dir='ltr' id='par_1_38' title="bbox 434 2300 2031 2373">
     <span class='ocr_line' id='line_1_38' title="bbox 434 2300 2031 2373; baseline 0.001 -19"><span class='ocrx_word' id='word_1_291' title='bbox 434 2300 827 2372; x_wconf 65' lang='lat' dir='ltr'><strong>quaestionibus</strong></span> <span class='ocrx_word' id='word_1_292' title='bbox 871 2302 1286 2358; x_wconf 75' lang='lat' dir='ltr'><strong>resurrecﬁonis</strong></span> <span class='ocrx_word' id='word_1_293' title='bbox 1329 2302 1630 2372; x_wconf 88' lang='lat' dir='ltr'><strong>incipiunt:</strong></span> <span class='ocrx_word' id='word_1_294' title='bbox 1680 2302 1801 2373; x_wconf 88' lang='lat' dir='ltr'><strong>quia</strong></span> <span class='ocrx_word' id='word_1_295' title='bbox 1845 2300 2031 2356; x_wconf 84' lang='lat' dir='ltr'><strong>durius</strong></span> 
     </span>
    </p>
   </div>
   <div class='ocr_carea' id='block_1_39' title="bbox 445 2391 2026 2465">
    <p class='ocr_par' dir='ltr' id='par_1_39' title="bbox 445 2391 2026 2465">
     <span class='ocr_line' id='line_1_39' title="bbox 445 2391 2026 2465; baseline -0.001 -17"><span class='ocrx_word' id='word_1_296' title='bbox 445 2391 685 2448; x_wconf 87' lang='lat' dir='ltr'><strong>creditur</strong></span> <span class='ocrx_word' id='word_1_297' title='bbox 730 2394 1052 2449; x_wconf 89' lang='lat' dir='ltr'><strong>resurrectio</strong></span> <span class='ocrx_word' id='word_1_298' title='bbox 1097 2392 1314 2459; x_wconf 85' lang='lat' dir='ltr'><strong>carnis,</strong></span> <span class='ocrx_word' id='word_1_299' title='bbox 1377 2408 1535 2465; x_wconf 88' lang='lat' dir='ltr'><strong>quam</strong></span> <span class='ocrx_word' id='word_1_300' title='bbox 1584 2409 1687 2448; x_wconf 91' lang='lat' dir='ltr'><strong>una</strong></span> <span class='ocrx_word' id='word_1_301' title='bbox 1737 2393 2026 2448; x_wconf 76' lang='lat' dir='ltr'><strong>divinitas:</strong></span> 
     </span>
    </p>
   </div>
   <div class='ocr_carea' id='block_1_40' title="bbox 439 2485 2031 2557">
    <p class='ocr_par' dir='ltr' id='par_1_40' title="bbox 439 2485 2031 2557">
     <span class='ocr_line' id='line_1_40' title="bbox 439 2485 2031 2557; baseline -0.002 -12"><span class='ocrx_word' id='word_1_302' title='bbox 439 2494 602 2557; x_wconf 75' lang='lat' dir='ltr'><strong>atque</strong></span> <span class='ocrx_word' id='word_1_303' title='bbox 627 2485 695 2541; x_wconf 92' lang='lat' dir='ltr'><strong>ita</strong></span> <span class='ocrx_word' id='word_1_304' title='bbox 720 2495 1024 2549; x_wconf 62' lang='lat' dir='ltr'><strong>&quot;aetatum.</strong></span> <span class='ocrx_word' id='word_1_305' title='bbox 1049 2486 1255 2542; x_wconf 87' lang='lat' dir='ltr'><strong>viribus</strong></span> <span class='ocrx_word' id='word_1_306' title='bbox 1276 2487 1480 2542; x_wconf 79' lang='lat' dir='ltr'><strong>ordinis</strong></span> <span class='ocrx_word' id='word_1_307' title='bbox 1506 2488 1587 2542; x_wconf 88' lang='lat' dir='ltr'><strong>sui</strong></span> <span class='ocrx_word' id='word_1_308' title='bbox 1612 2487 1946 2552; x_wconf 87' lang='lat' dir='ltr'><strong>destitutum,</strong></span> <span class='ocrx_word' id='word_1_309' title='bbox 1976 2495 2031 2542; x_wconf 91' lang='lat' dir='ltr'><strong>et</strong></span> 
     </span>
    </p>
   </div>
   <div class='ocr_carea' id='block_1_41' title="bbox 358 2577 2023 2649">
    <p class='ocr_par' dir='ltr' id='par_1_41' title="bbox 358 2577 2023 2649">
     <span class='ocr_line' id='line_1_41' title="bbox 358 2577 2023 2649; baseline 0.001 -17"><span class='ocrx_word' id='word_1_310' title='bbox 358 2577 702 2648; x_wconf 64' lang='lat' dir='ltr'><strong>&quot;scrupulis</strong></span> <span class='ocrx_word' id='word_1_311' title='bbox 752 2580 930 2649; x_wconf 81' lang='lat' dir='ltr'><strong>potius</strong></span> <span class='ocrx_word' id='word_1_312' title='bbox 975 2589 1256 2635; x_wconf 86' lang='lat' dir='ltr'><strong>oneratum</strong></span> <span class='ocrx_word' id='word_1_313' title='bbox 1295 2579 1723 2647; x_wconf 86' lang='lat' dir='ltr'><strong>deprctiantibns</strong></span> <span class='ocrx_word' id='word_1_314' title='bbox 1762 2594 1982 2634; x_wconf 89' lang='lat' dir='ltr'><strong>carnem</strong></span> <span class='ocrx_word' id='word_1_315' title='bbox 2008 2620 2023 2647; x_wconf 98' lang='lat'><strong>,</strong></span> 
     </span>
    </p>
   </div>
   <div class='ocr_carea' id='block_1_42' title="bbox 432 2662 2022 2743">
    <p class='ocr_par' dir='ltr' id='par_1_42' title="bbox 432 2662 2022 2743">
     <span class='ocr_line' id='line_1_42' title="bbox 432 2662 2022 2743; baseline 0 -20"><span class='ocrx_word' id='word_1_316' title='bbox 432 2670 687 2738; x_wconf 88' lang='lat' dir='ltr'><strong>paulatim</strong></span> <span class='ocrx_word' id='word_1_317' title='bbox 718 2668 801 2743; x_wconf 70' lang='grc'><strong>(4)</strong></span> <span class='ocrx_word' id='word_1_318' title='bbox 834 2669 1053 2725; x_wconf 89' lang='lat' dir='ltr'><strong>alterius</strong></span> <span class='ocrx_word' id='word_1_319' title='bbox 1088 2669 1385 2725; x_wconf 80' lang='lat' dir='ltr'><strong>divinitatis</strong></span> <span class='ocrx_word' id='word_1_320' title='bbox 1436 2680 1735 2743; x_wconf 68' lang='lat' dir='ltr'><strong>tempe-rant</strong></span> <span class='ocrx_word' id='word_1_321' title='bbox 1782 2662 2022 2738; x_wconf 66' lang='lat' dir='ltr'><strong>sensum,</strong></span> 
     </span>
    </p>
   </div>
   <div class='ocr_carea' id='block_1_43' title="bbox 430 2763 2025 2836">
    <p class='ocr_par' dir='ltr' id='par_1_43' title="bbox 430 2763 2025 2836">
     <span class='ocr_line' id='line_1_43' title="bbox 430 2763 2025 2836; baseline 0.002 -20"><span class='ocrx_word' id='word_1_322' title='bbox 430 2777 495 2817; x_wconf 78' lang='lat' dir='ltr'><strong>ex</strong></span> <span class='ocrx_word' id='word_1_323' title='bbox 548 2764 661 2834; x_wconf 90' lang='lat' dir='ltr'><strong>ipsa</strong></span> <span class='ocrx_word' id='word_1_324' title='bbox 708 2764 823 2835; x_wconf 88' lang='lat' dir='ltr'><strong>spei</strong></span> <span class='ocrx_word' id='word_1_325' title='bbox 853 2763 1207 2820; x_wconf 83' lang='lat' dir='ltr'><strong>concussione</strong></span> <span class='ocrx_word' id='word_1_326' title='bbox 1254 2774 1307 2819; x_wconf 91' lang='lat' dir='ltr'><strong>et</strong></span> <span class='ocrx_word' id='word_1_327' title='bbox 1349 2764 1741 2820; x_wconf 88' lang='lat' dir='ltr'><strong>demutatione.</strong></span> <span class='ocrx_word' id='word_1_328' title='bbox 1777 2765 2025 2836; x_wconf 85' lang='lat' dir='ltr'><strong>Dejectus</strong></span> 
     </span>
    </p>
   </div>
   <div class='ocr_carea' id='block_1_44' title="bbox 428 2854 2020 2928">
    <p class='ocr_par' dir='ltr' id='par_1_44' title="bbox 428 2854 2020 2928">
     <span class='ocr_line' id='line_1_44' title="bbox 428 2854 2020 2928; baseline 0.001 -20"><span class='ocrx_word' id='word_1_329' title='bbox 428 2854 573 2908; x_wconf 87' lang='lat' dir='ltr'><strong>enim</strong></span> <span class='ocrx_word' id='word_1_330' title='bbox 603 2855 969 2925; x_wconf 78' lang='lat' dir='ltr'><strong>unusquisque</strong></span> <span class='ocrx_word' id='word_1_331' title='bbox 990 2855 1074 2910; x_wconf 86' lang='lat' dir='ltr'><strong>vel</strong></span> <span class='ocrx_word' id='word_1_332' title='bbox 1098 2863 1273 2910; x_wconf 91' lang='lat' dir='ltr'><strong>motus</strong></span> <span class='ocrx_word' id='word_1_333' title='bbox 1294 2856 1360 2910; x_wconf 90' lang='lat' dir='ltr'><strong>de</strong></span> <span class='ocrx_word' id='word_1_334' title='bbox 1389 2856 1556 2928; x_wconf 73' lang='lat' dir='ltr'><strong>gradu</strong></span> <span class='ocrx_word' id='word_1_335' title='bbox 1578 2858 1693 2926; x_wconf 86' lang='lat' dir='ltr'><strong>ejus</strong></span> <span class='ocrx_word' id='word_1_336' title='bbox 1719 2857 1832 2926; x_wconf 86' lang='lat' dir='ltr'><strong>spei</strong></span> <span class='ocrx_word' id='word_1_337' title='bbox 1862 2871 2020 2924; x_wconf 83' lang='lat' dir='ltr'><strong>quant</strong></span> 
     </span>
    </p>
   </div>
   <div class='ocr_carea' id='block_1_45' title="bbox 427 2947 2020 3017">
    <p class='ocr_par' dir='ltr' id='par_1_45' title="bbox 427 2947 2020 3017">
     <span class='ocr_line' id='line_1_45' title="bbox 427 2947 2020 3017; baseline 0 -15"><span class='ocrx_word' id='word_1_338' title='bbox 427 2956 738 3017; x_wconf 83' lang='lat' dir='ltr'><strong>susceperat</strong></span> <span class='ocrx_word' id='word_1_339' title='bbox 762 2947 902 3017; x_wconf 90' lang='lat' dir='ltr'><strong>apud</strong></span> <span class='ocrx_word' id='word_1_340' title='bbox 934 2947 1272 3016; x_wconf 85' lang='lat' dir='ltr'><strong>Creatorem,</strong></span> <span class='ocrx_word' id='word_1_341' title='bbox 1308 2949 1463 3004; x_wconf 78' lang='lat' dir='ltr'><strong>facile</strong></span> <span class='ocrx_word' id='word_1_342' title='bbox 1487 2948 1596 3015; x_wconf 84' lang='lat' dir='ltr'><strong>jam</strong></span> <span class='ocrx_word' id='word_1_343' title='bbox 1625 2947 1926 3003; x_wconf 82' lang='lat' dir='ltr'><strong>declinatur</strong></span> <span class='ocrx_word' id='word_1_344' title='bbox 1954 2948 2020 3003; x_wconf 92' lang='lat' dir='ltr'><strong>ad</strong></span> 
     </span>
    </p>
   </div>
   <div class='ocr_carea' id='block_1_46' title="bbox 429 3039 2016 3115">
    <p class='ocr_par' dir='ltr' id='par_1_46' title="bbox 429 3039 2016 3115">
     <span class='ocr_line' id='line_1_46' title="bbox 429 3039 2016 3115; baseline 0.001 -21"><span class='ocrx_word' id='word_1_345' title='bbox 429 3039 649 3095; x_wconf 88' lang='lat' dir='ltr'><strong>alterius</strong></span> <span class='ocrx_word' id='word_1_346' title='bbox 669 3039 782 3111; x_wconf 87' lang='lat' dir='ltr'><strong>spei</strong></span> <span class='ocrx_word' id='word_1_347' title='bbox 810 3051 1085 3096; x_wconf 88' lang='lat' dir='ltr'><strong>auctorem</strong></span> <span class='ocrx_word' id='word_1_348' title='bbox 1119 3043 1278 3098; x_wconf 88' lang='lat' dir='ltr'><strong>etiam</strong></span> <span class='ocrx_word' id='word_1_349' title='bbox 1327 3044 1465 3096; x_wconf 89' lang='lat' dir='ltr'><strong>ultro</strong></span> <span class='ocrx_word' id='word_1_350' title='bbox 1496 3040 1578 3115; x_wconf 82' lang='lat'>(5)</span> <span class='ocrx_word' id='word_1_351' title='bbox 1612 3041 2016 3113; x_wconf 77' lang='lat' dir='ltr'><strong>suspicandum.</strong></span> 
     </span>
    </p>
   </div>
   <div class='ocr_carea' id='block_1_47' title="bbox 427 3131 2016 3207">
    <p class='ocr_par' dir='ltr' id='par_1_47' title="bbox 427 3131 2016 3207">
     <span class='ocr_line' id='line_1_47' title="bbox 427 3131 2016 3207; baseline 0.001 -18"><span class='ocrx_word' id='word_1_352' title='bbox 427 3131 533 3189; x_wconf 83' lang='lat' dir='ltr'><strong>Per</strong></span> <span class='ocrx_word' id='word_1_353' title='bbox 562 3133 924 3189; x_wconf 79' lang='lat' dir='ltr'><strong>tliversilatem</strong></span> <span class='ocrx_word' id='word_1_354' title='bbox 952 3136 1094 3191; x_wconf 87' lang='lat' dir='ltr'><strong>enim</strong></span> <span class='ocrx_word' id='word_1_355' title='bbox 1121 3135 1538 3207; x_wconf 88' lang='lat' dir='ltr'><strong>promissionum</strong></span> <span class='ocrx_word' id='word_1_356' title='bbox 1559 3177 1572 3197; x_wconf 88' lang='lat'><strong>,</strong></span> <span class='ocrx_word' id='word_1_357' title='bbox 1616 3134 1904 3191; x_wconf 77' lang='lat' dir='ltr'><strong>diversitas</strong></span> <span class='ocrx_word' id='word_1_358' title='bbox 1934 3136 2016 3190; x_wconf 87' lang='lat' dir='ltr'><strong>in-</strong></span> 
     </span>
    </p>
   </div>
   <div class='ocr_carea' id='block_1_48' title="bbox 2141 1939 3725 2013">
    <p class='ocr_par' dir='ltr' id='par_1_48' title="bbox 2141 1939 3725 2013">
     <span class='ocr_line' id='line_1_48' title="bbox 2141 1939 3725 2013; baseline 0.001 -18"><span class='ocrx_word' id='word_1_359' title='bbox 2141 1940 2401 2011; x_wconf 87' lang='lat' dir='ltr'><strong>imprimis</strong></span> <span class='ocrx_word' id='word_1_360' title='bbox 2423 1941 2777 1997; x_wconf 86' lang='lat' dir='ltr'><strong>immortalem</strong></span> <span class='ocrx_word' id='word_1_361' title='bbox 2801 1949 3040 2007; x_wconf 86' lang='lat' dir='ltr'><strong>tuentes,</strong></span> <span class='ocrx_word' id='word_1_362' title='bbox 3065 1939 3144 2013; x_wconf 83' lang='grc' dir='ltr'><strong>(ά)</strong></span> <span class='ocrx_word' id='word_1_363' title='bbox 3170 1942 3335 1996; x_wconf 91' lang='lat' dir='ltr'><strong>solius</strong></span> <span class='ocrx_word' id='word_1_364' title='bbox 3362 1943 3537 1997; x_wconf 89' lang='lat' dir='ltr'><strong>carnis</strong></span> <span class='ocrx_word' id='word_1_365' title='bbox 3561 1952 3609 1998; x_wconf 85' lang='lat' dir='ltr'><strong>et</strong></span> <span class='ocrx_word' id='word_1_366' title='bbox 3636 1942 3725 1997; x_wconf 84' lang='lat' dir='ltr'><strong>de-</strong></span> 
     </span>
    </p>
   </div>
   <div class='ocr_carea' id='block_1_49' title="bbox 2137 2031 3739 2107">
    <p class='ocr_par' dir='ltr' id='par_1_49' title="bbox 2137 2031 3739 2107">
     <span class='ocr_line' id='line_1_49' title="bbox 2137 2031 3739 2107; baseline 0.001 -20"><span class='ocrx_word' id='word_1_367' title='bbox 2137 2031 2424 2088; x_wconf 82' lang='lat' dir='ltr'><strong>fectionem</strong></span> <span class='ocrx_word' id='word_1_368' title='bbox 2454 2033 2792 2105; x_wconf 79' lang='lat' dir='ltr'><strong>agnoscimus</strong></span> <span class='ocrx_word' id='word_1_369' title='bbox 2815 2075 2828 2098; x_wconf 90' lang='lat'><strong>,</strong></span> <span class='ocrx_word' id='word_1_370' title='bbox 2857 2032 2929 2107; x_wconf 79' lang='grc' dir='ltr'><strong>(ε)</strong></span> <span class='ocrx_word' id='word_1_371' title='bbox 2954 2043 3009 2088; x_wconf 90' lang='lat' dir='ltr'><strong>et</strong></span> <span class='ocrx_word' id='word_1_372' title='bbox 3036 2032 3380 2088; x_wconf 89' lang='lat' dir='ltr'><strong>refectionem</strong></span> <span class='ocrx_word' id='word_1_373' title='bbox 3405 2048 3523 2088; x_wconf 93' lang='lat' dir='ltr'><strong>cum</strong></span> <span class='ocrx_word' id='word_1_374' title='bbox 3569 2033 3739 2089; x_wconf 82' lang='lat' dir='ltr'><strong>maxi-</strong></span> 
     </span>
    </p>
   </div>
   <div class='ocr_carea' id='block_1_50' title="bbox 2138 2124 3732 2194">
    <p class='ocr_par' dir='ltr' id='par_1_50' title="bbox 2138 2124 3732 2194">
     <span class='ocr_line' id='line_1_50' title="bbox 2138 2124 3732 2194; baseline -0.001 -11"><span class='ocrx_word' id='word_1_375' title='bbox 2138 2144 2225 2183; x_wconf 90' lang='lat' dir='ltr'><strong>me</strong></span> <span class='ocrx_word' id='word_1_376' title='bbox 2250 2128 2573 2194; x_wconf 86' lang='lat' dir='ltr'><strong>asserimus;</strong></span> <span class='ocrx_word' id='word_1_377' title='bbox 2605 2127 2832 2183; x_wconf 87' lang='lat' dir='ltr'><strong>redactis</strong></span> <span class='ocrx_word' id='word_1_378' title='bbox 2865 2127 2918 2182; x_wconf 91' lang='lat' dir='ltr'><strong>in</strong></span> <span class='ocrx_word' id='word_1_379' title='bbox 2964 2124 3294 2181; x_wconf 88' lang='lat' dir='ltr'><strong>ordinarium</strong></span> <span class='ocrx_word' id='word_1_380' title='bbox 3326 2128 3564 2182; x_wconf 80' lang='lat' dir='ltr'><strong>materia:</strong></span> <span class='ocrx_word' id='word_1_381' title='bbox 3609 2142 3732 2182; x_wconf 85' lang='lat' dir='ltr'><strong>cor-</strong></span> 
     </span>
    </p>
   </div>
   <div class='ocr_carea' id='block_1_51' title="bbox 2138 2220 3735 2293">
    <p class='ocr_par' dir='ltr' id='par_1_51' title="bbox 2138 2220 3735 2293">
     <span class='ocr_line' id='line_1_51' title="bbox 2138 2220 3735 2293; baseline 0.001 -21"><span class='ocrx_word' id='word_1_382' title='bbox 2138 2236 2257 2292; x_wconf 84' lang='lat' dir='ltr'><strong>pus,</strong></span> <span class='ocrx_word' id='word_1_383' title='bbox 2286 2222 2450 2293; x_wconf 89' lang='lat' dir='ltr'><strong>siqua</strong></span> <span class='ocrx_word' id='word_1_384' title='bbox 2480 2229 2534 2276; x_wconf 90' lang='lat' dir='ltr'><strong>et</strong></span> <span class='ocrx_word' id='word_1_385' title='bbox 2557 2220 2682 2276; x_wconf 81' lang='lat' dir='ltr'><strong>alibi</strong></span> <span class='ocrx_word' id='word_1_386' title='bbox 2707 2232 2801 2290; x_wconf 90' lang='lat' dir='ltr'><strong>pro</strong></span> <span class='ocrx_word' id='word_1_387' title='bbox 2826 2233 3135 2275; x_wconf 83' lang='lat' dir='ltr'><strong>caussarum</strong></span> <span class='ocrx_word' id='word_1_388' title='bbox 3165 2220 3468 2274; x_wconf 87' lang='lat' dir='ltr'><strong>incursione</strong></span> <span class='ocrx_word' id='word_1_389' title='bbox 3501 2220 3735 2290; x_wconf 73' lang='lat' dir='ltr'><strong>praestri-</strong></span> 
     </span>
    </p>
   </div>
   <div class='ocr_carea' id='block_1_52' title="bbox 2135 2309 3730 2385">
    <p class='ocr_par' dir='ltr' id='par_1_52' title="bbox 2135 2309 3730 2385">
     <span class='ocr_line' id='line_1_52' title="bbox 2135 2309 3730 2385; baseline 0.001 -18"><span class='ocrx_word' id='word_1_390' title='bbox 2135 2311 2665 2385; x_wconf 76' lang='lat' dir='ltr'><strong>cta(H)distttlitntts.</strong></span> <span class='ocrx_word' id='word_1_391' title='bbox 2697 2312 2828 2368; x_wconf 84' lang='lat' dir='ltr'><strong>Nam</strong></span> <span class='ocrx_word' id='word_1_392' title='bbox 2845 2323 2901 2367; x_wconf 90' lang='lat' dir='ltr'><strong>ut</strong></span> <span class='ocrx_word' id='word_1_393' title='bbox 2927 2311 3172 2382; x_wconf 74' lang='lat' dir='ltr'><strong>qumdam</strong></span> <span class='ocrx_word' id='word_1_394' title='bbox 3198 2309 3462 2381; x_wconf 65' lang='lat' dir='ltr'><strong>prmlibari</strong></span> <span class='ocrx_word' id='word_1_395' title='bbox 3490 2312 3730 2369; x_wconf 86' lang='lat' dir='ltr'><strong>solemne</strong></span> 
     </span>
    </p>
   </div>
   <div class='ocr_carea' id='block_1_53' title="bbox 2135 2404 3734 2475">
    <p class='ocr_par' dir='ltr' id='par_1_53' title="bbox 2135 2404 3734 2475">
     <span class='ocr_line' id='line_1_53' title="bbox 2135 2404 3734 2475; baseline -0.001 -14"><span class='ocrx_word' id='word_1_396' title='bbox 2135 2416 2240 2473; x_wconf 88' lang='lat' dir='ltr'><strong>est,</strong></span> <span class='ocrx_word' id='word_1_397' title='bbox 2274 2405 2342 2461; x_wconf 81' lang='lat' dir='ltr'><strong>ita</strong></span> <span class='ocrx_word' id='word_1_398' title='bbox 2368 2404 2567 2461; x_wconf 86' lang='lat' dir='ltr'><strong>differri</strong></span> <span class='ocrx_word' id='word_1_399' title='bbox 2591 2420 2810 2462; x_wconf 83' lang='lat' dir='ltr'><strong>necesse</strong></span> <span class='ocrx_word' id='word_1_400' title='bbox 2828 2404 3224 2473; x_wconf 88' lang='lat' dir='ltr'><strong>cst,dummodo</strong></span> <span class='ocrx_word' id='word_1_401' title='bbox 3247 2413 3299 2459; x_wconf 89' lang='lat' dir='ltr'><strong>et</strong></span> <span class='ocrx_word' id='word_1_402' title='bbox 3322 2404 3590 2474; x_wconf 74' lang='lat' dir='ltr'><strong>prmlihata</strong></span> <span class='ocrx_word' id='word_1_403' title='bbox 3615 2420 3734 2475; x_wconf 73' lang='lat' dir='ltr'><strong>sup~</strong></span> 
     </span>
    </p>
   </div>
   <div class='ocr_carea' id='block_1_54' title="bbox 2134 2497 3726 2571">
    <p class='ocr_par' dir='ltr' id='par_1_54' title="bbox 2134 2497 3726 2571">
     <span class='ocr_line' id='line_1_54' title="bbox 2134 2497 3726 2571; baseline 0 -17"><span class='ocrx_word' id='word_1_404' title='bbox 2134 2500 2381 2571; x_wconf 87' lang='lat' dir='ltr'><strong>pleantur</strong></span> <span class='ocrx_word' id='word_1_405' title='bbox 2409 2514 2507 2554; x_wconf 91' lang='lat' dir='ltr'><strong>suo</strong></span> <span class='ocrx_word' id='word_1_406' title='bbox 2534 2515 2780 2570; x_wconf 89' lang='lat' dir='ltr'><strong>corpore,</strong></span> <span class='ocrx_word' id='word_1_407' title='bbox 2804 2510 2855 2555; x_wconf 87' lang='lat' dir='ltr'><strong>et</strong></span> <span class='ocrx_word' id='word_1_408' title='bbox 2876 2498 3033 2553; x_wconf 85' lang='lat' dir='ltr'><strong>dilata</strong></span> <span class='ocrx_word' id='word_1_409' title='bbox 3056 2498 3348 2553; x_wconf 79' lang='lat' dir='ltr'><strong>reddantur</strong></span> <span class='ocrx_word' id='word_1_410' title='bbox 3375 2513 3470 2552; x_wconf 90' lang='lat' dir='ltr'><strong>suo</strong></span> <span class='ocrx_word' id='word_1_411' title='bbox 3493 2497 3726 2554; x_wconf 83' lang='lat' dir='ltr'><strong>nemine.</strong></span> 
     </span>
    </p>
   </div>
   <div class='ocr_carea' id='block_1_55' title="bbox 2751 2591 3105 2650">
    <p class='ocr_par' dir='ltr' id='par_1_55' title="bbox 2751 2591 3105 2650">
     <span class='ocr_line' id='line_1_55' title="bbox 2751 2591 3105 2650; baseline 0 -3"><span class='ocrx_word' id='word_1_412' title='bbox 2751 2592 2978 2650; x_wconf 82' lang='lat' dir='ltr'><strong>CAPUT</strong></span> <span class='ocrx_word' id='word_1_413' title='bbox 3020 2591 3105 2648; x_wconf 87' lang='lat' dir='ltr'><strong>Ill.</strong></span> 
     </span>
    </p>
   </div>
   <div class='ocr_carea' id='block_1_56' title="bbox 2205 2683 3812 2757">
    <p class='ocr_par' dir='ltr' id='par_1_56' title="bbox 2205 2683 3812 2757">
     <span class='ocr_line' id='line_1_56' title="bbox 2205 2683 3812 2757; baseline -0.003 -16"><span class='ocrx_word' id='word_1_414' title='bbox 2205 2686 2297 2743; x_wconf 85' lang='lat' dir='ltr'><strong>Est</strong></span> <span class='ocrx_word' id='word_1_415' title='bbox 2325 2684 2539 2756; x_wconf 87' lang='lat' dir='ltr'><strong>quidem</strong></span> <span class='ocrx_word' id='word_1_416' title='bbox 2572 2694 2619 2741; x_wconf 87' lang='lat' dir='ltr'><strong>et</strong></span> <span class='ocrx_word' id='word_1_417' title='bbox 2646 2684 2712 2757; x_wconf 82' lang='lat' dir='ltr'>(f)</span> <span class='ocrx_word' id='word_1_418' title='bbox 2743 2685 2810 2738; x_wconf 86' lang='lat' dir='ltr'><strong>de</strong></span> <span class='ocrx_word' id='word_1_419' title='bbox 2849 2683 2963 2757; x_wconf 81' lang='lat' dir='ltr'>(l5)</span> <span class='ocrx_word' id='word_1_420' title='bbox 2985 2684 3358 2741; x_wconf 85' lang='lat' dir='ltr'><strong>communibus</strong></span> <span class='ocrx_word' id='word_1_421' title='bbox 3380 2684 3625 2740; x_wconf 88' lang='lat' dir='ltr'><strong>sensibus</strong></span> <span class='ocrx_word' id='word_1_422' title='bbox 3646 2699 3733 2740; x_wconf 89' lang='lat' dir='ltr'><strong>sa-</strong></span> <span class='ocrx_word' id='word_1_423' title='bbox 3758 2712 3812 2744; x_wconf 71' lang='grc' dir='ltr'><strong>δ.</strong></span> 
     </span>
    </p>
   </div>
   <div class='ocr_carea' id='block_1_57' title="bbox 2128 2774 3726 2853">
    <p class='ocr_par' dir='ltr' id='par_1_57' title="bbox 2128 2774 3726 2853">
     <span class='ocr_line' id='line_1_57' title="bbox 2128 2774 3726 2853; baseline -0.003 -17"><span class='ocrx_word' id='word_1_424' title='bbox 2128 2796 2257 2853; x_wconf 88' lang='lat' dir='ltr'><strong>pere</strong></span> <span class='ocrx_word' id='word_1_425' title='bbox 2286 2774 2337 2834; x_wconf 90' lang='lat' dir='ltr'><strong>in</strong></span> <span class='ocrx_word' id='word_1_426' title='bbox 2370 2779 2458 2834; x_wconf 78' lang='lat' dir='ltr'><strong>[lci</strong></span> <span class='ocrx_word' id='word_1_427' title='bbox 2484 2777 2675 2844; x_wconf 85' lang='lat' dir='ltr'><strong>rebus;</strong></span> <span class='ocrx_word' id='word_1_428' title='bbox 2705 2777 2797 2833; x_wconf 86' lang='lat' dir='ltr'><strong>sed</strong></span> <span class='ocrx_word' id='word_1_429' title='bbox 2831 2779 2881 2831; x_wconf 91' lang='lat' dir='ltr'><strong>in</strong></span> <span class='ocrx_word' id='word_1_430' title='bbox 2918 2778 3279 2834; x_wconf 87' lang='lat' dir='ltr'><strong>testimonium</strong></span> <span class='ocrx_word' id='word_1_431' title='bbox 3322 2779 3433 2833; x_wconf 83' lang='lat' dir='ltr'><strong>veri</strong></span> <span class='ocrx_word' id='word_1_432' title='bbox 3458 2820 3471 2843; x_wconf 93' lang='lat'><strong>,</strong></span> <span class='ocrx_word' id='word_1_433' title='bbox 3522 2793 3625 2833; x_wconf 91' lang='lat' dir='ltr'><strong>non</strong></span> <span class='ocrx_word' id='word_1_434' title='bbox 3676 2779 3726 2832; x_wconf 88' lang='lat' dir='ltr'><strong>in</strong></span> 
     </span>
    </p>
   </div>
   <div class='ocr_carea' id='block_1_58' title="bbox 2127 2869 3725 2942">
    <p class='ocr_par' dir='ltr' id='par_1_58' title="bbox 2127 2869 3725 2942">
     <span class='ocr_line' id='line_1_58' title="bbox 2127 2869 3725 2942; baseline -0.001 -15"><span class='ocrx_word' id='word_1_435' title='bbox 2127 2872 2448 2942; x_wconf 86' lang='lat' dir='ltr'><strong>adjotorium</strong></span> <span class='ocrx_word' id='word_1_436' title='bbox 2480 2870 2594 2925; x_wconf 88' lang='lat' dir='ltr'><strong>falsi</strong></span> <span class='ocrx_word' id='word_1_437' title='bbox 2621 2886 2636 2935; x_wconf 91' lang='lat'><strong>;</strong></span> <span class='ocrx_word' id='word_1_438' title='bbox 2669 2869 2809 2942; x_wconf 90' lang='lat' dir='ltr'><strong>quod</strong></span> <span class='ocrx_word' id='word_1_439' title='bbox 2841 2870 2909 2924; x_wconf 89' lang='lat' dir='ltr'><strong>sit</strong></span> <span class='ocrx_word' id='word_1_440' title='bbox 2938 2870 3231 2926; x_wconf 86' lang='lat' dir='ltr'><strong>secundum</strong></span> <span class='ocrx_word' id='word_1_441' title='bbox 3279 2870 3509 2925; x_wconf 87' lang='lat' dir='ltr'><strong>divinam</strong></span> <span class='ocrx_word' id='word_1_442' title='bbox 3543 2912 3558 2937; x_wconf 94' lang='lat'><strong>,</strong></span> <span class='ocrx_word' id='word_1_443' title='bbox 3620 2885 3725 2927; x_wconf 83' lang='lat' dir='ltr'><strong>non</strong></span> 
     </span>
    </p>
   </div>
   <div class='ocr_carea' id='block_1_59' title="bbox 2125 2945 3729 3033">
    <p class='ocr_par' dir='ltr' id='par_1_59' title="bbox 2125 2945 3729 3033">
     <span class='ocr_line' id='line_1_59' title="bbox 2125 2945 3729 3033; baseline -0.001 -12"><span class='ocrx_word' id='word_1_444' title='bbox 2125 2973 2312 3021; x_wconf 87' lang='lat' dir='ltr'><strong>contra</strong></span> <span class='ocrx_word' id='word_1_445' title='bbox 2381 2945 2613 3018; x_wconf 82' lang='lat' dir='ltr'><strong>divinam</strong></span> <span class='ocrx_word' id='word_1_446' title='bbox 2683 2962 3111 3033; x_wconf 84' lang='lat' dir='ltr'><strong>dispositionem.</strong></span> <span class='ocrx_word' id='word_1_447' title='bbox 3162 2961 3412 3031; x_wconf 66' lang='lat' dir='ltr'><strong>Quaedam</strong></span> <span class='ocrx_word' id='word_1_448' title='bbox 3467 2965 3609 3019; x_wconf 86' lang='lat' dir='ltr'><strong>enim</strong></span> <span class='ocrx_word' id='word_1_449' title='bbox 3673 2972 3729 3020; x_wconf 84' lang='lat' dir='ltr'><strong>ct</strong></span> 
     </span>
    </p>
   </div>
   <div class='ocr_carea' id='block_1_60' title="bbox 2126 3053 3779 3125">
    <p class='ocr_par' dir='ltr' id='par_1_60' title="bbox 2126 3053 3779 3125">
     <span class='ocr_line' id='line_1_60' title="bbox 2126 3053 3779 3125; baseline -0.002 -12"><span class='ocrx_word' id='word_1_450' title='bbox 2126 3066 2311 3113; x_wconf 89' lang='lat' dir='ltr'><strong>natura</strong></span> <span class='ocrx_word' id='word_1_451' title='bbox 2372 3063 2495 3110; x_wconf 82' lang='lat' dir='ltr'><strong>nota</strong></span> <span class='ocrx_word' id='word_1_452' title='bbox 2572 3065 2729 3119; x_wconf 86' lang='lat' dir='ltr'><strong>sunt,</strong></span> <span class='ocrx_word' id='word_1_453' title='bbox 2805 3063 2860 3109; x_wconf 93' lang='lat' dir='ltr'><strong>ut</strong></span> <span class='ocrx_word' id='word_1_454' title='bbox 2940 3053 3310 3110; x_wconf 87' lang='lat' dir='ltr'><strong>innnortalitas</strong></span> <span class='ocrx_word' id='word_1_455' title='bbox 3374 3054 3564 3109; x_wconf 80' lang='lat' dir='ltr'><strong>anima:</strong></span> <span class='ocrx_word' id='word_1_456' title='bbox 3636 3070 3779 3125; x_wconf 71' lang='grc' dir='ltr'><strong>[ιο-ι</strong></span> 
     </span>
    </p>
   </div>
   <div class='ocr_carea' id='block_1_61' title="bbox 2125 3142 3723 3219">
    <p class='ocr_par' dir='ltr' id='par_1_61' title="bbox 2125 3142 3723 3219">
     <span class='ocr_line' id='line_1_61' title="bbox 2125 3142 3723 3219; baseline 0 -18"><span class='ocrx_word' id='word_1_457' title='bbox 2125 3163 2220 3202; x_wconf 86' lang='lat' dir='ltr'><strong>nes</strong></span> <span class='ocrx_word' id='word_1_458' title='bbox 2287 3147 2505 3218; x_wconf 86' lang='lat' dir='ltr'><strong>plures,</strong></span> <span class='ocrx_word' id='word_1_459' title='bbox 2576 3154 2637 3201; x_wconf 90' lang='lat' dir='ltr'><strong>ut</strong></span> <span class='ocrx_word' id='word_1_460' title='bbox 2701 3146 2839 3201; x_wconf 86' lang='lat' dir='ltr'><strong>Deus</strong></span> <span class='ocrx_word' id='word_1_461' title='bbox 2896 3142 3081 3201; x_wconf 84' lang='lat' dir='ltr'><strong>noster</strong></span> <span class='ocrx_word' id='word_1_462' title='bbox 3149 3160 3311 3215; x_wconf 86' lang='lat' dir='ltr'><strong>penes</strong></span> <span class='ocrx_word' id='word_1_463' title='bbox 3362 3161 3567 3201; x_wconf 88' lang='lat' dir='ltr'><strong>omnes.</strong></span> <span class='ocrx_word' id='word_1_464' title='bbox 3647 3147 3723 3219; x_wconf 87' lang='lat' dir='ltr'>(g)</span> 
     </span>
    </p>
   </div>
   <div class='ocr_carea' id='block_1_62' title="bbox 424 3222 3822 3336">
    <p class='ocr_par' dir='ltr' id='par_1_62' title="bbox 424 3222 3822 3336">
     <span class='ocr_line' id='line_1_62' title="bbox 424 3222 3822 3336; baseline 0.001 -60"><span class='ocrx_word' id='word_1_465' title='bbox 424 3222 666 3279; x_wconf 88' lang='lat' dir='ltr'><strong>sinuatur</strong></span> <span class='ocrx_word' id='word_1_466' title='bbox 686 3225 930 3281; x_wconf 89' lang='lat' dir='ltr'><strong>deorum.</strong></span> <span class='ocrx_word' id='word_1_467' title='bbox 959 3227 1047 3281; x_wconf 89' lang='lat' dir='ltr'><strong>Sic</strong></span> <span class='ocrx_word' id='word_1_468' title='bbox 1074 3227 1271 3282; x_wconf 88' lang='lat' dir='ltr'><strong>multos</strong></span> <span class='ocrx_word' id='word_1_469' title='bbox 1303 3228 1546 3283; x_wconf 83' lang='lat' dir='ltr'><strong>inretitus</strong></span> <span class='ocrx_word' id='word_1_470' title='bbox 1575 3228 1852 3296; x_wconf 85' lang='lat' dir='ltr'><strong>videmus,</strong></span> <span class='ocrx_word' id='word_1_471' title='bbox 1886 3228 2014 3283; x_wconf 88' lang='lat' dir='ltr'><strong>dum</strong></span> <span class='ocrx_word' id='word_1_472' title='bbox 2042 3242 2087 3305; x_wconf 69' lang='grc' dir='ltr'>ρ</span> <span class='ocrx_word' id='word_1_473' title='bbox 2120 3241 2253 3299; x_wconf 65' lang='lat' dir='ltr'><strong>mm.</strong></span> <span class='ocrx_word' id='word_1_474' title='bbox 2332 3255 2461 3310; x_wconf 64' lang='lat' dir='ltr'><strong>ergo</strong></span> <span class='ocrx_word' id='word_1_475' title='bbox 2524 3247 2579 3295; x_wconf 55' lang='grc' dir='ltr'><strong>,ει</strong></span> <span class='ocrx_word' id='word_1_476' title='bbox 2652 3240 2913 3295; x_wconf 56' lang='lat' dir='ltr'><strong>sententia</strong></span> <span class='ocrx_word' id='word_1_477' title='bbox 2989 3239 3221 3294; x_wconf 73' lang='grc' dir='ltr'><strong>Ριηιοηίε</strong></span> <span class='ocrx_word' id='word_1_478' title='bbox 3300 3238 3523 3309; x_wconf 62' lang='lat' dir='ltr'><strong>ancujns</strong></span> <span class='ocrx_word' id='word_1_479' title='bbox 3598 3257 3721 3311; x_wconf 66' lang='grc' dir='ltr'><strong>μνη-</strong></span> <span class='ocrx_word' id='word_1_480' title='bbox 3745 3281 3822 3336; x_wconf 40' lang='grc' dir='ltr'><strong>Ἃ</strong></span> 
     </span>
    </p>
   </div>
   <div class='ocr_carea' id='block_1_63' title="bbox 424 3317 2018 3388">
    <p class='ocr_par' dir='ltr' id='par_1_63' title="bbox 424 3317 2018 3388">
     <span class='ocr_line' id='line_1_63' title="bbox 424 3317 2018 3388; baseline 0.004 -17"><span class='ocrx_word' id='word_1_481' title='bbox 424 3326 553 3372; x_wconf 83' lang='lat' dir='ltr'><strong>ante</strong></span> <span class='ocrx_word' id='word_1_482' title='bbox 590 3317 659 3373; x_wconf 92' lang='lat' dir='ltr'><strong>de</strong></span> <span class='ocrx_word' id='word_1_483' title='bbox 704 3320 1101 3375; x_wconf 89' lang='lat' dir='ltr'><strong>resurrectione</strong></span> <span class='ocrx_word' id='word_1_484' title='bbox 1151 3320 1334 3376; x_wconf 88' lang='lat' dir='ltr'><strong>carnis</strong></span> <span class='ocrx_word' id='word_1_485' title='bbox 1375 3320 1684 3384; x_wconf 88' lang='lat' dir='ltr'><strong>eliduntur,</strong></span> <span class='ocrx_word' id='word_1_486' title='bbox 1738 3337 1896 3388; x_wconf 81' lang='lat' dir='ltr'><strong>quam</strong></span> <span class='ocrx_word' id='word_1_487' title='bbox 1949 3319 2018 3378; x_wconf 90' lang='lat' dir='ltr'><strong>de</strong></span> 
     </span>
    </p>
   </div>
   <div class='ocr_carea' id='block_1_64' title="bbox 427 3410 2017 3485">
    <p class='ocr_par' dir='ltr' id='par_1_64' title="bbox 427 3410 2017 3485">
     <span class='ocr_line' id='line_1_64' title="bbox 427 3410 2017 3485; baseline 0.004 -21"><span class='ocrx_word' id='word_1_488' title='bbox 427 3410 624 3466; x_wconf 86' lang='lat' dir='ltr'><strong>unione</strong></span> <span class='ocrx_word' id='word_1_489' title='bbox 666 3410 963 3466; x_wconf 73' lang='lat' dir='ltr'><strong>divinitatis</strong></span> <span class='ocrx_word' id='word_1_490' title='bbox 992 3412 1218 3468; x_wconf 91' lang='lat' dir='ltr'><strong>elidunt.</strong></span> <span class='ocrx_word' id='word_1_491' title='bbox 1248 3413 1430 3485; x_wconf 83' lang='lat' dir='ltr'><strong>Igitur,</strong></span> <span class='ocrx_word' id='word_1_492' title='bbox 1463 3426 1720 3484; x_wconf 87' lang='lat' dir='ltr'><strong>quantum</strong></span> <span class='ocrx_word' id='word_1_493' title='bbox 1752 3412 1818 3467; x_wconf 85' lang='lat' dir='ltr'><strong>ad</strong></span> <span class='ocrx_word' id='word_1_494' title='bbox 1849 3414 2017 3470; x_wconf 59' lang='lat' dir='ltr'><strong>hatre-</strong></span> 
     </span>
    </p>
   </div>
   <div class='ocr_carea' id='block_1_65' title="bbox 425 3502 2014 3579">
    <p class='ocr_par' dir='ltr' id='par_1_65' title="bbox 425 3502 2014 3579">
     <span class='ocr_line' id='line_1_65' title="bbox 425 3502 2014 3579; baseline 0.003 -22"><span class='ocrx_word' id='word_1_495' title='bbox 425 3503 591 3569; x_wconf 90' lang='lat' dir='ltr'><strong>ticos,</strong></span> <span class='ocrx_word' id='word_1_496' title='bbox 620 3502 1112 3560; x_wconf 86' lang='lat' dir='ltr'><strong>demonstravimus</strong></span> <span class='ocrx_word' id='word_1_497' title='bbox 1155 3521 1261 3576; x_wconf 90' lang='lat' dir='ltr'><strong>quo</strong></span> <span class='ocrx_word' id='word_1_498' title='bbox 1293 3520 1466 3562; x_wconf 90' lang='lat' dir='ltr'><strong>cuneo</strong></span> <span class='ocrx_word' id='word_1_499' title='bbox 1499 3505 1889 3562; x_wconf 88' lang='lat' dir='ltr'><strong>occurrendum</strong></span> <span class='ocrx_word' id='word_1_500' title='bbox 1934 3506 2014 3579; x_wconf 73' lang='lat' dir='ltr'><strong>(ti)</strong></span> 
     </span>
    </p>
   </div>
   <div class='ocr_carea' id='block_1_66' title="bbox 421 3593 2015 3670">
    <p class='ocr_par' dir='ltr' id='par_1_66' title="bbox 421 3593 2015 3670">
     <span class='ocr_line' id='line_1_66' title="bbox 421 3593 2015 3670; baseline 0.003 -21"><span class='ocrx_word' id='word_1_501' title='bbox 421 3594 546 3649; x_wconf 85' lang='lat' dir='ltr'><strong>sita</strong></span> <span class='ocrx_word' id='word_1_502' title='bbox 576 3593 766 3660; x_wconf 85' lang='lat' dir='ltr'><strong>nobis;</strong></span> <span class='ocrx_word' id='word_1_503' title='bbox 817 3603 871 3650; x_wconf 88' lang='lat' dir='ltr'><strong>et</strong></span> <span class='ocrx_word' id='word_1_504' title='bbox 915 3610 1198 3651; x_wconf 89' lang='lat' dir='ltr'><strong>occursum</strong></span> <span class='ocrx_word' id='word_1_505' title='bbox 1246 3606 1328 3652; x_wconf 90' lang='lat' dir='ltr'><strong>est</strong></span> <span class='ocrx_word' id='word_1_506' title='bbox 1370 3598 1481 3667; x_wconf 85' lang='lat' dir='ltr'><strong>jam</strong></span> <span class='ocrx_word' id='word_1_507' title='bbox 1529 3596 1613 3669; x_wconf 82' lang='grc' dir='ltr'><strong>(Ἰ)</strong></span> <span class='ocrx_word' id='word_1_508' title='bbox 1654 3613 1754 3652; x_wconf 89' lang='lat' dir='ltr'><strong>suo</strong></span> <span class='ocrx_word' id='word_1_509' title='bbox 1797 3613 2015 3670; x_wconf 87' lang='lat' dir='ltr'><strong>quoque</strong></span> 
     </span>
    </p>
   </div>
   <div class='ocr_carea' id='block_1_67' title="bbox 423 3684 2012 3758">
    <p class='ocr_par' dir='ltr' id='par_1_67' title="bbox 423 3684 2012 3758">
     <span class='ocr_line' id='line_1_67' title="bbox 423 3684 2012 3758; baseline 0.004 -21"><span class='ocrx_word' id='word_1_510' title='bbox 423 3685 600 3749; x_wconf 87' lang='lat' dir='ltr'><strong>titulo,</strong></span> <span class='ocrx_word' id='word_1_511' title='bbox 630 3684 695 3740; x_wconf 89' lang='lat' dir='ltr'><strong>de</strong></span> <span class='ocrx_word' id='word_1_512' title='bbox 728 3685 836 3741; x_wconf 88' lang='lat' dir='ltr'><strong>Deo</strong></span> <span class='ocrx_word' id='word_1_513' title='bbox 863 3686 1076 3757; x_wconf 87' lang='lat' dir='ltr'><strong>quidem</strong></span> <span class='ocrx_word' id='word_1_514' title='bbox 1111 3688 1289 3754; x_wconf 92' lang='lat' dir='ltr'><strong>unico,</strong></span> <span class='ocrx_word' id='word_1_515' title='bbox 1319 3698 1373 3743; x_wconf 91' lang='lat' dir='ltr'><strong>et</strong></span> <span class='ocrx_word' id='word_1_516' title='bbox 1409 3687 1625 3743; x_wconf 91' lang='lat' dir='ltr'><strong>Christo</strong></span> <span class='ocrx_word' id='word_1_517' title='bbox 1652 3688 1789 3758; x_wconf 85' lang='lat' dir='ltr'><strong>ejus,</strong></span> <span class='ocrx_word' id='word_1_518' title='bbox 1818 3690 2012 3744; x_wconf 85' lang='lat' dir='ltr'><strong>adver-</strong></span> 
     </span>
    </p>
   </div>
   <div class='ocr_carea' id='block_1_68' title="bbox 419 3778 2010 3849">
    <p class='ocr_par' dir='ltr' id='par_1_68' title="bbox 419 3778 2010 3849">
     <span class='ocr_line' id='line_1_68' title="bbox 419 3778 2010 3849; baseline 0.004 -16"><span class='ocrx_word' id='word_1_519' title='bbox 419 3792 514 3834; x_wconf 86' lang='lat' dir='ltr'><strong>sus</strong></span> <span class='ocrx_word' id='word_1_520' title='bbox 541 3778 906 3847; x_wconf 85' lang='lat' dir='ltr'><strong>Marcionem;</strong></span> <span class='ocrx_word' id='word_1_521' title='bbox 956 3781 1025 3837; x_wconf 88' lang='lat' dir='ltr'><strong>de</strong></span> <span class='ocrx_word' id='word_1_522' title='bbox 1072 3797 1235 3838; x_wconf 87' lang='lat' dir='ltr'><strong>carne</strong></span> <span class='ocrx_word' id='word_1_523' title='bbox 1274 3797 1404 3839; x_wconf 85' lang='lat' dir='ltr'><strong>vero</strong></span> <span class='ocrx_word' id='word_1_524' title='bbox 1447 3783 1690 3849; x_wconf 82' lang='lat' dir='ltr'><strong>Domini,</strong></span> <span class='ocrx_word' id='word_1_525' title='bbox 1721 3785 1881 3838; x_wconf 87' lang='lat' dir='ltr'><strong>etiam</strong></span> <span class='ocrx_word' id='word_1_526' title='bbox 1909 3783 2010 3839; x_wconf 87' lang='lat' dir='ltr'><strong>ad-</strong></span> 
     </span>
    </p>
   </div>
   <div class='ocr_carea' id='block_1_69' title="bbox 420 3873 2009 3946">
    <p class='ocr_par' dir='ltr' id='par_1_69' title="bbox 420 3873 2009 3946">
     <span class='ocr_line' id='line_1_69' title="bbox 420 3873 2009 3946; baseline 0.005 -22"><span class='ocrx_word' id='word_1_527' title='bbox 420 3885 611 3929; x_wconf 86' lang='lat' dir='ltr'><strong>versus</strong></span> <span class='ocrx_word' id='word_1_528' title='bbox 654 3884 884 3945; x_wconf 87' lang='lat' dir='ltr'><strong>quatuor</strong></span> <span class='ocrx_word' id='word_1_529' title='bbox 913 3873 1175 3942; x_wconf 80' lang='lat' dir='ltr'><strong>haereses;</strong></span> <span class='ocrx_word' id='word_1_530' title='bbox 1219 3873 1286 3931; x_wconf 86' lang='lat' dir='ltr'><strong>ad</strong></span> <span class='ocrx_word' id='word_1_531' title='bbox 1318 3873 1454 3932; x_wconf 88' lang='lat' dir='ltr'><strong>hanc</strong></span> <span class='ocrx_word' id='word_1_532' title='bbox 1491 3877 1724 3932; x_wconf 80' lang='lat' dir='ltr'><strong>maxime</strong></span> <span class='ocrx_word' id='word_1_533' title='bbox 1753 3878 2009 3946; x_wconf 79' lang='lat' dir='ltr'><strong>quaestio-</strong></span> 
     </span>
    </p>
   </div>
   <div class='ocr_carea' id='block_1_70' title="bbox 2086 3331 3726 3391">
    <p class='ocr_par' dir='ltr' id='par_1_70' title="bbox 2086 3331 3726 3391">
     <span class='ocr_line' id='line_1_70' title="bbox 2086 3331 3726 3391; baseline -0.002 0"><span class='ocrx_word' id='word_1_534' title='bbox 2086 3334 2457 3391; x_wconf 81' lang='lat' dir='ltr'><strong>‘nuntiantis:</strong></span> <span class='ocrx_word' id='word_1_535' title='bbox 2508 3332 2694 3388; x_wconf 90' lang='lat' dir='ltr'><strong>Omnis</strong></span> <span class='ocrx_word' id='word_1_536' title='bbox 2741 3332 2914 3387; x_wconf 87' lang='lat' dir='ltr'><strong>anima</strong></span> <span class='ocrx_word' id='word_1_537' title='bbox 2957 3332 3289 3386; x_wconf 86' lang='lat' dir='ltr'><strong>immortalis.</strong></span> <span class='ocrx_word' id='word_1_538' title='bbox 3346 3331 3477 3388; x_wconf 84' lang='lat' dir='ltr'><strong>Utar</strong></span> <span class='ocrx_word' id='word_1_539' title='bbox 3504 3343 3557 3387; x_wconf 90' lang='lat' dir='ltr'><strong>et</strong></span> <span class='ocrx_word' id='word_1_540' title='bbox 3597 3349 3726 3388; x_wconf 88' lang='lat' dir='ltr'><strong>con-</strong></span> 
     </span>
    </p>
   </div>
   <div class='ocr_carea' id='block_1_71' title="bbox 2118 3425 3721 3497">
    <p class='ocr_par' dir='ltr' id='par_1_71' title="bbox 2118 3425 3721 3497">
     <span class='ocr_line' id='line_1_71' title="bbox 2118 3425 3721 3497; baseline -0.002 -12"><span class='ocrx_word' id='word_1_541' title='bbox 2118 3429 2339 3485; x_wconf 78' lang='lat' dir='ltr'><strong>scientia</strong></span> <span class='ocrx_word' id='word_1_542' title='bbox 2370 3426 2547 3497; x_wconf 89' lang='lat' dir='ltr'><strong>populi</strong></span> <span class='ocrx_word' id='word_1_543' title='bbox 2575 3466 2589 3491; x_wconf 92' lang='lat'><strong>,</strong></span> <span class='ocrx_word' id='word_1_544' title='bbox 2621 3429 2971 3482; x_wconf 80' lang='lat' dir='ltr'><strong>contestantis</strong></span> <span class='ocrx_word' id='word_1_545' title='bbox 3017 3426 3179 3481; x_wconf 87' lang='lat' dir='ltr'><strong>Deum</strong></span> <span class='ocrx_word' id='word_1_546' title='bbox 3217 3425 3462 3482; x_wconf 89' lang='lat' dir='ltr'><strong>deorum.</strong></span> <span class='ocrx_word' id='word_1_547' title='bbox 3491 3426 3622 3482; x_wconf 89' lang='lat' dir='ltr'><strong>Utar</strong></span> <span class='ocrx_word' id='word_1_548' title='bbox 3666 3435 3721 3482; x_wconf 89' lang='lat' dir='ltr'><strong>et</strong></span> 
     </span>
    </p>
   </div>
   <div class='ocr_carea' id='block_1_72' title="bbox 2121 3517 3719 3592">
    <p class='ocr_par' dir='ltr' id='par_1_72' title="bbox 2121 3517 3719 3592">
     <span class='ocr_line' id='line_1_72' title="bbox 2121 3517 3719 3592; baseline -0.003 -14"><span class='ocrx_word' id='word_1_549' title='bbox 2121 3520 2339 3592; x_wconf 88' lang='lat' dir='ltr'><strong>reliquis</strong></span> <span class='ocrx_word' id='word_1_550' title='bbox 2379 3518 2753 3575; x_wconf 86' lang='lat' dir='ltr'><strong>communibus</strong></span> <span class='ocrx_word' id='word_1_551' title='bbox 2797 3518 3078 3582; x_wconf 89' lang='lat' dir='ltr'><strong>sensibus,</strong></span> <span class='ocrx_word' id='word_1_552' title='bbox 3128 3518 3215 3589; x_wconf 87' lang='lat' dir='ltr'><strong>qui</strong></span> <span class='ocrx_word' id='word_1_553' title='bbox 3273 3518 3436 3572; x_wconf 86' lang='lat' dir='ltr'><strong>Deum</strong></span> <span class='ocrx_word' id='word_1_554' title='bbox 3481 3517 3719 3586; x_wconf 88' lang='lat' dir='ltr'><strong>jndicem</strong></span> 
     </span>
    </p>
   </div>
   <div class='ocr_carea' id='block_1_73' title="bbox 2086 3608 3720 3687">
    <p class='ocr_par' dir='ltr' id='par_1_73' title="bbox 2086 3608 3720 3687">
     <span class='ocr_line' id='line_1_73' title="bbox 2086 3608 3720 3687; baseline -0.002 -18"><span class='ocrx_word' id='word_1_555' title='bbox 2086 3613 2445 3686; x_wconf 69' lang='lat' dir='ltr'><strong>,praetlicanl:</strong></span> <span class='ocrx_word' id='word_1_556' title='bbox 2479 3612 2618 3666; x_wconf 86' lang='lat' dir='ltr'><strong>Deus</strong></span> <span class='ocrx_word' id='word_1_557' title='bbox 2648 3609 2834 3675; x_wconf 87' lang='lat' dir='ltr'><strong>videt;</strong></span> <span class='ocrx_word' id='word_1_558' title='bbox 2867 3620 2957 3664; x_wconf 90' lang='lat' dir='ltr'><strong>et:</strong></span> <span class='ocrx_word' id='word_1_559' title='bbox 2996 3609 3107 3687; x_wconf 82' lang='lat' dir='ltr'><strong>Deo</strong></span> <span class='ocrx_word' id='word_1_560' title='bbox 3127 3609 3468 3665; x_wconf 80' lang='lat' dir='ltr'><strong>commendo.</strong></span> <span class='ocrx_word' id='word_1_561' title='bbox 3503 3608 3568 3665; x_wconf 79' lang='lat' dir='ltr'><strong>At</strong></span> <span class='ocrx_word' id='word_1_562' title='bbox 3598 3625 3720 3665; x_wconf 88' lang='lat' dir='ltr'><strong>cum</strong></span> 
     </span>
    </p>
   </div>
   <div class='ocr_carea' id='block_1_74' title="bbox 2115 3702 3721 3775">
    <p class='ocr_par' dir='ltr' id='par_1_74' title="bbox 2115 3702 3721 3775">
     <span class='ocr_line' id='line_1_74' title="bbox 2115 3702 3721 3775; baseline -0.006 -9"><span class='ocrx_word' id='word_1_563' title='bbox 2115 3710 2265 3766; x_wconf 88' lang='lat' dir='ltr'><strong>aiunt</strong></span> <span class='ocrx_word' id='word_1_564' title='bbox 2290 3725 2302 3761; x_wconf 89' lang='lat'><strong>:</strong></span> <span class='ocrx_word' id='word_1_565' title='bbox 2330 3706 2609 3772; x_wconf 81' lang='lat' dir='ltr'><strong>illm-tuum,</strong></span> <span class='ocrx_word' id='word_1_566' title='bbox 2643 3703 2785 3775; x_wconf 88' lang='lat' dir='ltr'><strong>quod</strong></span> <span class='ocrx_word' id='word_1_567' title='bbox 2818 3711 3107 3767; x_wconf 80' lang='lat' dir='ltr'><strong>mortuum;</strong></span> <span class='ocrx_word' id='word_1_568' title='bbox 3144 3710 3196 3759; x_wconf 86' lang='lat' dir='ltr'><strong>et</strong></span> <span class='ocrx_word' id='word_1_569' title='bbox 3226 3719 3241 3758; x_wconf 87' lang='lat'><strong>:</strong></span> <span class='ocrx_word' id='word_1_570' title='bbox 3274 3702 3424 3768; x_wconf 79' lang='lat' dir='ltr'><strong>Vive,</strong></span> <span class='ocrx_word' id='word_1_571' title='bbox 3449 3703 3572 3758; x_wconf 92' lang='lat' dir='ltr'><strong>dum</strong></span> <span class='ocrx_word' id='word_1_572' title='bbox 3604 3702 3721 3775; x_wconf 74' lang='grc'>(16)</span> 
     </span>
    </p>
   </div>
   <div class='ocr_carea' id='block_1_75' title="bbox 2117 3795 3718 3866">
    <p class='ocr_par' dir='ltr' id='par_1_75' title="bbox 2117 3795 3718 3866">
     <span class='ocr_line' id='line_1_75' title="bbox 2117 3795 3718 3866; baseline -0.003 -12"><span class='ocrx_word' id='word_1_573' title='bbox 2117 3802 2252 3857; x_wconf 86' lang='lat' dir='ltr'><strong>vivis</strong></span> <span class='ocrx_word' id='word_1_574' title='bbox 2277 3818 2291 3866; x_wconf 91' lang='lat'><strong>;</strong></span> <span class='ocrx_word' id='word_1_575' title='bbox 2322 3808 2377 3855; x_wconf 91' lang='lat' dir='ltr'><strong>et</strong></span> <span class='ocrx_word' id='word_1_576' title='bbox 2403 3814 2415 3854; x_wconf 89' lang='lat'><strong>:</strong></span> <span class='ocrx_word' id='word_1_577' title='bbox 2446 3798 2566 3853; x_wconf 87' lang='lat' dir='ltr'><strong>Post</strong></span> <span class='ocrx_word' id='word_1_578' title='bbox 2604 3808 2828 3851; x_wconf 89' lang='lat' dir='ltr'><strong>mortem</strong></span> <span class='ocrx_word' id='word_1_579' title='bbox 2856 3796 3033 3850; x_wconf 90' lang='lat' dir='ltr'><strong>omnia</strong></span> <span class='ocrx_word' id='word_1_580' title='bbox 3062 3795 3319 3851; x_wconf 85' lang='lat' dir='ltr'><strong>liniuntur</strong></span> <span class='ocrx_word' id='word_1_581' title='bbox 3339 3838 3354 3862; x_wconf 92' lang='lat'><strong>,</strong></span> <span class='ocrx_word' id='word_1_582' title='bbox 3384 3797 3541 3851; x_wconf 88' lang='lat' dir='ltr'><strong>etiam</strong></span> <span class='ocrx_word' id='word_1_583' title='bbox 3570 3796 3718 3864; x_wconf 83' lang='lat' dir='ltr'><strong>ipsa;</strong></span> 
     </span>
    </p>
   </div>
   <div class='ocr_carea' id='block_1_76' title="bbox 2117 3888 3718 3961">
    <p class='ocr_par' dir='ltr' id='par_1_76' title="bbox 2117 3888 3718 3961">
     <span class='ocr_line' id='line_1_76' title="bbox 2117 3888 3718 3961; baseline -0.006 -9"><span class='ocrx_word' id='word_1_584' title='bbox 2117 3906 2243 3953; x_wconf 90' lang='lat' dir='ltr'><strong>tunc</strong></span> <span class='ocrx_word' id='word_1_585' title='bbox 2266 3894 2583 3958; x_wconf 87' lang='lat' dir='ltr'><strong>meminero,</strong></span> <span class='ocrx_word' id='word_1_586' title='bbox 2611 3899 2665 3945; x_wconf 91' lang='lat' dir='ltr'><strong>et</strong></span> <span class='ocrx_word' id='word_1_587' title='bbox 2686 3904 2780 3946; x_wconf 92' lang='lat' dir='ltr'><strong>cor</strong></span> <span class='ocrx_word' id='word_1_588' title='bbox 2799 3890 2939 3961; x_wconf 84' lang='lat' dir='ltr'><strong>vulgi</strong></span> <span class='ocrx_word' id='word_1_589' title='bbox 2961 3890 3197 3946; x_wconf 89' lang='lat' dir='ltr'><strong>cinerem</strong></span> <span class='ocrx_word' id='word_1_590' title='bbox 3221 3906 3250 3945; x_wconf 91' lang='lat' dir='ltr'><strong>a</strong></span> <span class='ocrx_word' id='word_1_591' title='bbox 3276 3888 3388 3947; x_wconf 88' lang='lat' dir='ltr'><strong>Deo</strong></span> <span class='ocrx_word' id='word_1_592' title='bbox 3409 3888 3718 3961; x_wconf 80' lang='lat' dir='ltr'><strong>deputatum</strong></span> 
     </span>
    </p>
   </div>
   <div class='ocr_carea' id='block_1_77' title="bbox 1659 4002 2486 4071">
    <p class='ocr_par' dir='ltr' id='par_1_77' title="bbox 1659 4002 2486 4071">
     <span class='ocr_line' id='line_1_77' title="bbox 1659 4002 2486 4071; baseline -0.008 -2"><span class='ocrx_word' id='word_1_593' title='bbox 1659 4002 2040 4071; x_wconf 78' lang='lat' dir='ltr'><strong>LECTIONES</strong></span> <span class='ocrx_word' id='word_1_594' title='bbox 2077 4008 2486 4068; x_wconf 81' lang='lat' dir='ltr'><strong>VARIANTES.</strong></span> 
     </span>
    </p>
   </div>
   <div class='ocr_carea' id='block_1_78' title="bbox 506 4118 871 4242">
    <p class='ocr_par' dir='ltr' id='par_1_78' title="bbox 506 4118 871 4242">
     <span class='ocr_line' id='line_1_78' title="bbox 506 4118 871 4242; baseline 0.008 -11"><span class='ocrx_word' id='word_1_595' title='bbox 506 4118 555 4242; x_wconf 57' lang='lat' dir='ltr'><strong>ii</strong></span> <span class='ocrx_word' id='word_1_596' title='bbox 584 4118 871 4235; x_wconf 53' lang='lat' dir='ltr'><strong>iiiémv‘iii‘</strong></span> 
     </span>
    </p>
   </div>
   <div class='ocr_carea' id='block_1_79' title="bbox 415 4121 2014 4371">
    <p class='ocr_par' dir='ltr' id='par_1_79' title="bbox 415 4121 2014 4371">
     <span class='ocr_line' id='line_1_79' title="bbox 506 4121 871 4242; baseline 0 -72"><span class='ocrx_word' id='word_1_597' title='bbox 506 4121 555 4242; x_wconf 78' lang='grc'>1)</span> <span class='ocrx_word' id='word_1_598' title='bbox 584 4121 746 4199; x_wconf 61' lang='lat' dir='ltr'><strong>liditio</strong></span> <span class='ocrx_word' id='word_1_599' title='bbox 765 4121 871 4171; x_wconf 82' lang='lat' dir='ltr'><strong>alii.</strong></span> 
     </span>
     <span class='ocr_line' id='line_1_80' title="bbox 478 4121 2014 4310; baseline 0.002 -15"><span class='ocrx_word' id='word_1_600' title='bbox 478 4121 552 4310; x_wconf 48' lang='lat' dir='ltr'><strong>ig)</strong></span> <span class='ocrx_word' id='word_1_601' title='bbox 585 4182 977 4296; x_wconf 45' lang='grc' dir='ltr'><strong>ὗέιῖἔίξδέξινηίς</strong></span> <span class='ocrx_word' id='word_1_602' title='bbox 996 4254 1197 4298; x_wconf 86' lang='lat' dir='ltr'><strong>auctore</strong></span> <span class='ocrx_word' id='word_1_603' title='bbox 1220 4252 1273 4299; x_wconf 85' lang='lat' dir='ltr'><strong>et</strong></span> <span class='ocrx_word' id='word_1_604' title='bbox 1306 4247 1370 4299; x_wconf 90' lang='lat' dir='ltr'><strong>de</strong></span> <span class='ocrx_word' id='word_1_605' title='bbox 1405 4247 1597 4301; x_wconf 86' lang='lat' dir='ltr'><strong>Christo</strong></span> <span class='ocrx_word' id='word_1_606' title='bbox 1618 4261 1778 4300; x_wconf 79' lang='lat' dir='ltr'><strong>carnis</strong></span> <span class='ocrx_word' id='word_1_607' title='bbox 1813 4246 2014 4300; x_wconf 88' lang='lat' dir='ltr'><strong>redem-</strong></span> 
     </span>
     <span class='ocr_line' id='line_1_81' title="bbox 415 4307 1179 4371; baseline 0.003 -14"><span class='ocrx_word' id='word_1_608' title='bbox 415 4311 560 4371; x_wconf 82' lang='lat' dir='ltr'><strong>ptore</strong></span> <span class='ocrx_word' id='word_1_609' title='bbox 580 4320 751 4371; x_wconf 64' lang='lat' dir='ltr'><strong>rursus</strong></span> <span class='ocrx_word' id='word_1_610' title='bbox 773 4307 894 4359; x_wconf 85' lang='lat' dir='ltr'><strong>add.</strong></span> <span class='ocrx_word' id='word_1_611' title='bbox 908 4311 1007 4371; x_wconf 74' lang='lat' dir='ltr'><strong>Rh.</strong></span> <span class='ocrx_word' id='word_1_612' title='bbox 1034 4312 1179 4371; x_wconf 65' lang='lat' dir='ltr'><strong>Etim.</strong></span> 
     </span>
    </p>
   </div>
   <div class='ocr_carea' id='block_1_80' title="bbox 480 4362 1180 4430">
    <p class='ocr_par' dir='ltr' id='par_1_80' title="bbox 480 4362 1180 4430">
     <span class='ocr_line' id='line_1_82' title="bbox 480 4362 1180 4430; baseline 0.003 -11"><span class='ocrx_word' id='word_1_613' title='bbox 480 4362 553 4430; x_wconf 68' lang='grc'>(4)</span> <span class='ocrx_word' id='word_1_614' title='bbox 587 4367 658 4418; x_wconf 77' lang='lat' dir='ltr'><strong>Ad</strong></span> <span class='ocrx_word' id='word_1_615' title='bbox 682 4369 832 4421; x_wconf 68' lang='lat' dir='ltr'><strong>inscr.</strong></span> <span class='ocrx_word' id='word_1_616' title='bbox 857 4368 1011 4421; x_wconf 71' lang='lat' dir='ltr'><strong>Fi&#39;titt.</strong></span> <span class='ocrx_word' id='word_1_617' title='bbox 1037 4362 1180 4422; x_wconf 61' lang='lat' dir='ltr'><strong>Parit.</strong></span> 
     </span>
    </p>
   </div>
   <div class='ocr_carea' id='block_1_81' title="bbox 479 4430 1288 4559">
    <p class='ocr_par' dir='ltr' id='par_1_81' title="bbox 479 4430 1288 4559">
     <span class='ocr_line' id='line_1_83' title="bbox 479 4430 1070 4559; baseline 0 -77"><span class='ocrx_word' id='word_1_618' title='bbox 479 4432 557 4559; x_wconf 62' lang='grc' dir='ltr'>(ὅ)</span> <span class='ocrx_word' id='word_1_619' title='bbox 591 4430 727 4481; x_wconf 87' lang='lat' dir='ltr'><strong>Ultra</strong></span> <span class='ocrx_word' id='word_1_620' title='bbox 750 4435 892 4507; x_wconf 83' lang='lat' dir='ltr'><strong>Pam.</strong></span> <span class='ocrx_word' id='word_1_621' title='bbox 920 4442 1070 4483; x_wconf 83' lang='lat' dir='ltr'><strong>l-‘t&#39;mt.</strong></span> 
     </span>
     <span class='ocr_line' id='line_1_84' title="bbox 488 4492 1288 4559; baseline 0.006 -17"><span class='ocrx_word' id='word_1_622' title='bbox 488 4495 533 4559; x_wconf 56' lang='lat' dir='ltr'><strong>ﬁ}</strong></span> <span class='ocrx_word' id='word_1_623' title='bbox 586 4492 963 4559; x_wconf 66' lang='lat' dir='ltr'><strong>Decurreudum</strong></span> <span class='ocrx_word' id='word_1_624' title='bbox 985 4494 1135 4547; x_wconf 68' lang='lat' dir='ltr'><strong>Rhea.</strong></span> <span class='ocrx_word' id='word_1_625' title='bbox 1162 4497 1288 4548; x_wconf 73' lang='lat' dir='ltr'><strong>sem!</strong></span> 
     </span>
    </p>
   </div>
   <div class='ocr_carea' id='block_1_82' title="bbox 477 4534 1306 4684">
    <p class='ocr_par' dir='ltr' id='par_1_82' title="bbox 477 4534 1306 4684">
     <span class='ocr_line' id='line_1_85' title="bbox 484 4534 1306 4611; baseline 0.004 -5"><span class='ocrx_word' id='word_1_626' title='bbox 484 4534 554 4606; x_wconf 72' lang='lat' dir='ltr'><strong>‘i’</strong></span> <span class='ocrx_word' id='word_1_627' title='bbox 586 4534 1135 4611; x_wconf 58' lang='grc' dir='ltr'><strong>’ἑῦῐιῆῖὶὺὶὲγῖὲὲἧῑΤ</strong></span> 
     </span>
     <span class='ocr_line' id='line_1_86' title="bbox 477 4555 1306 4684; baseline 0.006 -16"><span class='ocrx_word' id='word_1_628' title='bbox 477 4555 554 4684; x_wconf 54' lang='lat' dir='ltr'><strong>isi</strong></span> <span class='ocrx_word' id='word_1_629' title='bbox 583 4617 925 4681; x_wconf 78' lang='lat' dir='ltr'><strong>Digerendum</strong></span> <span class='ocrx_word' id='word_1_630' title='bbox 945 4623 1009 4672; x_wconf 85' lang='lat' dir='ltr'><strong>sit</strong></span> <span class='ocrx_word' id='word_1_631' title='bbox 1038 4625 1183 4673; x_wconf 79' lang='lat' dir='ltr'><strong>Pam.</strong></span> <span class='ocrx_word' id='word_1_632' title='bbox 1211 4621 1306 4672; x_wconf 82' lang='lat' dir='ltr'><strong>Fra</strong></span> 
     </span>
    </p>
   </div>
   <div class='ocr_carea' id='block_1_83' title="bbox 498 4617 1365 4681">
    <p class='ocr_par' dir='ltr' id='par_1_83' title="bbox 498 4617 1365 4681">
     <span class='ocr_line' id='line_1_87' title="bbox 498 4617 1365 4681; baseline 0.001 -13"><span class='ocrx_word' id='word_1_633' title='bbox 498 4617 552 4681; x_wconf 88' lang='lat'>8)</span> <span class='ocrx_word' id='word_1_634' title='bbox 583 4617 925 4681; x_wconf 78' lang='lat' dir='ltr'><strong>Digerendum</strong></span> <span class='ocrx_word' id='word_1_635' title='bbox 945 4623 1009 4672; x_wconf 85' lang='lat' dir='ltr'><strong>sit</strong></span> <span class='ocrx_word' id='word_1_636' title='bbox 1038 4625 1183 4673; x_wconf 79' lang='lat' dir='ltr'><strong>Pam.</strong></span> <span class='ocrx_word' id='word_1_637' title='bbox 1211 4621 1365 4674; x_wconf 25' lang='lat' dir='ltr'><strong>Fran,</strong></span> 
     </span>
    </p>
   </div>
   <div class='ocr_carea' id='block_1_84' title="bbox 2038 4589 2090 4648">
    <p class='ocr_par' dir='ltr' id='par_1_84' title="bbox 2038 4589 2090 4648">
     <span class='ocr_line' id='line_1_88' title="bbox 2038 4589 2090 4648; baseline 0 0"><span class='ocrx_word' id='word_1_638' title='bbox 2038 4589 2090 4648; x_wconf 93' lang='lat' dir='ltr'><strong>D</strong></span> 
     </span>
    </p>
   </div>
   <div class='ocr_carea' id='block_1_85' title="bbox 2288 4115 3344 4182">
    <p class='ocr_par' dir='ltr' id='par_1_85' title="bbox 2288 4115 3344 4182">
     <span class='ocr_line' id='line_1_89' title="bbox 2288 4115 3344 4182; baseline -0.001 -13"><span class='ocrx_word' id='word_1_639' title='bbox 2288 4119 2386 4169; x_wconf 79' lang='lat' dir='ltr'><strong>Nos</strong></span> <span class='ocrx_word' id='word_1_640' title='bbox 2407 4131 2603 4182; x_wconf 90' lang='lat' dir='ltr'><strong>quoque</strong></span> <span class='ocrx_word' id='word_1_641' title='bbox 2626 4118 2832 4182; x_wconf 78' lang='lat' dir='ltr'><strong>incerta,</strong></span> <span class='ocrx_word' id='word_1_642' title='bbox 2857 4115 2906 4166; x_wconf 88' lang='lat' dir='ltr'><strong>id</strong></span> <span class='ocrx_word' id='word_1_643' title='bbox 2926 4123 2999 4167; x_wconf 86' lang='lat' dir='ltr'><strong>est</strong></span> <span class='ocrx_word' id='word_1_644' title='bbox 3026 4126 3175 4168; x_wconf 72' lang='lat' dir='ltr'><strong>Prata.</strong></span> <span class='ocrx_word' id='word_1_645' title='bbox 3199 4119 3344 4169; x_wconf 84' lang='lat' dir='ltr'><strong>Pam.</strong></span> 
     </span>
    </p>
   </div>
   <div class='ocr_carea' id='block_1_86' title="bbox 2321 4178 2746 4293">
    <p class='ocr_par' dir='ltr' id='par_1_86' title="bbox 2321 4178 2746 4293">
     <span class='ocr_line' id='line_1_90' title="bbox 2321 4178 2746 4293; baseline -0.002 -63"><span class='ocrx_word' id='word_1_646' title='bbox 2321 4178 2572 4293; x_wconf 48' lang='lat' dir='ltr'><strong>Quomodo</strong></span> <span class='ocrx_word' id='word_1_647' title='bbox 2594 4178 2746 4231; x_wconf 83' lang='lat' dir='ltr'><strong>Itlten.</strong></span> 
     </span>
     <span class='ocr_line' id='line_1_91' title="bbox 2364 4243 2746 4293; baseline -0.003 0"><span class='ocrx_word' id='word_1_648' title='bbox 2364 4245 2501 4293; x_wconf 86' lang='lat' dir='ltr'><strong>olunt</strong></span> <span class='ocrx_word' id='word_1_649' title='bbox 2523 4243 2677 4293; x_wconf 82' lang='lat' dir='ltr'><strong>then.</strong></span> <span class='ocrx_word' id='word_1_650' title='bbox 2703 4245 2746 4292; x_wconf 94' lang='lat' dir='ltr'><strong>P</strong></span> 
     </span>
    </p>
   </div>
   <div class='ocr_carea' id='block_1_87' title="bbox 2364 4243 2846 4295">
    <p class='ocr_par' dir='ltr' id='par_1_87' title="bbox 2364 4243 2846 4295">
     <span class='ocr_line' id='line_1_92' title="bbox 2364 4243 2846 4295; baseline -0.004 -2"><span class='ocrx_word' id='word_1_651' title='bbox 2364 4245 2501 4293; x_wconf 85' lang='lat' dir='ltr'><strong>oluut</strong></span> <span class='ocrx_word' id='word_1_652' title='bbox 2523 4243 2677 4295; x_wconf 82' lang='lat' dir='ltr'><strong>then.</strong></span> <span class='ocrx_word' id='word_1_653' title='bbox 2703 4245 2846 4293; x_wconf 88' lang='lat' dir='ltr'><strong>Pam.</strong></span> 
     </span>
    </p>
   </div>
   <div class='ocr_carea' id='block_1_88' title="bbox 2320 4304 3176 4367">
    <p class='ocr_par' dir='ltr' id='par_1_88' title="bbox 2320 4304 3176 4367">
     <span class='ocr_line' id='line_1_93' title="bbox 2320 4304 3176 4367; baseline 0.002 -13"><span class='ocrx_word' id='word_1_654' title='bbox 2320 4306 2466 4367; x_wconf 82' lang='lat' dir='ltr'><strong>Quasi</strong></span> <span class='ocrx_word' id='word_1_655' title='bbox 2488 4308 2553 4356; x_wconf 90' lang='lat' dir='ltr'><strong>sit</strong></span> <span class='ocrx_word' id='word_1_656' title='bbox 2574 4306 2772 4367; x_wconf 82' lang='lat' dir='ltr'><strong>tertium</strong></span> <span class='ocrx_word' id='word_1_657' title='bbox 2795 4304 2966 4367; x_wconf 71' lang='lat' dir='ltr'><strong>absunt</strong></span> <span class='ocrx_word' id='word_1_658' title='bbox 2986 4318 3017 4355; x_wconf 93' lang='lat' dir='ltr'><strong>a</strong></span> <span class='ocrx_word' id='word_1_659' title='bbox 3040 4305 3176 4359; x_wconf 81' lang='lat' dir='ltr'><strong>Blten</strong></span> 
     </span>
    </p>
   </div>
   <div class='ocr_carea' id='block_1_89' title="bbox 2210 4364 2983 4431">
    <p class='ocr_par' dir='ltr' id='par_1_89' title="bbox 2210 4364 2983 4431">
     <span class='ocr_line' id='line_1_94' title="bbox 2210 4364 2983 4431; baseline -0.003 -12"><span class='ocrx_word' id='word_1_660' title='bbox 2210 4364 2285 4423; x_wconf 73' lang='grc'><strong>15)</strong></span> <span class='ocrx_word' id='word_1_661' title='bbox 2320 4364 2569 4431; x_wconf 80' lang='lat' dir='ltr'><strong>Tanquam</strong></span> <span class='ocrx_word' id='word_1_662' title='bbox 2594 4366 2745 4431; x_wconf 76' lang='lat' dir='ltr'><strong>Rhen.</strong></span> <span class='ocrx_word' id='word_1_663' title='bbox 2773 4364 2983 4431; x_wconf 70' lang='lat' dir='ltr'><strong>seinter.</strong></span> 
     </span>
    </p>
   </div>
   <div class='ocr_carea' id='block_1_90' title="bbox 2209 4428 2932 4491">
    <p class='ocr_par' dir='ltr' id='par_1_90' title="bbox 2209 4428 2932 4491">
     <span class='ocr_line' id='line_1_95' title="bbox 2209 4428 2932 4491; baseline -0.003 -12"><span class='ocrx_word' id='word_1_664' title='bbox 2209 4431 2283 4491; x_wconf 66' lang='lat' dir='ltr'><strong>t4)</strong></span> <span class='ocrx_word' id='word_1_665' title='bbox 2315 4428 2583 4491; x_wconf 72' lang='lat' dir='ltr'><strong>Perstricta</strong></span> <span class='ocrx_word' id='word_1_666' title='bbox 2608 4428 2760 4480; x_wconf 81' lang='lat' dir='ltr'><strong>Fran.</strong></span> <span class='ocrx_word' id='word_1_667' title='bbox 2788 4430 2932 4491; x_wconf 77' lang='lat' dir='ltr'><strong>Pam.</strong></span> 
     </span>
    </p>
   </div>
   <div class='ocr_carea' id='block_1_91' title="bbox 2206 4489 2932 4619">
    <p class='ocr_par' dir='ltr' id='par_1_91' title="bbox 2206 4489 2932 4619">
     <span class='ocr_line' id='line_1_96' title="bbox 2206 4489 2932 4542; baseline -0.003 0"><span class='ocrx_word' id='word_1_668' title='bbox 2206 4489 2274 4542; x_wconf 65' lang='lat' dir='ltr'><strong>lii</strong></span> <span class='ocrx_word' id='word_1_669' title='bbox 2321 4491 2396 4541; x_wconf 85' lang='lat' dir='ltr'><strong>De</strong></span> <span class='ocrx_word' id='word_1_670' title='bbox 2419 4489 2571 4542; x_wconf 83' lang='lat' dir='ltr'><strong>ontt&#39;tl.</strong></span> <span class='ocrx_word' id='word_1_671' title='bbox 2600 4491 2753 4542; x_wconf 73' lang='lat' dir='ltr'><strong>Rhea.</strong></span> <span class='ocrx_word' id='word_1_672' title='bbox 2779 4489 2932 4542; x_wconf 85' lang='lat' dir='ltr'><strong>Seml.</strong></span> 
     </span>
     <span class='ocr_line' id='line_1_97' title="bbox 2210 4495 2932 4619; baseline 0.003 -15"><span class='ocrx_word' id='word_1_673' title='bbox 2210 4495 2285 4619; x_wconf 56' lang='grc'><strong>16)</strong></span> <span class='ocrx_word' id='word_1_674' title='bbox 2320 4554 2593 4607; x_wconf 78' lang='lat' dir='ltr'><strong>Viveoduut</strong></span> <span class='ocrx_word' id='word_1_675' title='bbox 2618 4553 2729 4606; x_wconf 88' lang='lat' dir='ltr'><strong>cod.</strong></span> <span class='ocrx_word' id='word_1_676' title='bbox 2752 4552 2878 4606; x_wconf 61' lang='lat' dir='ltr'><strong>l&#39;ith.</strong></span> <span class='ocrx_word' id='word_1_677' title='bbox 2906 4558 2932 4606; x_wconf 65' lang='grc' dir='ltr'><strong>Ι</strong></span> 
     </span>
    </p>
   </div>
   <div class='ocr_carea' id='block_1_92' title="bbox 2210 4552 3043 4607">
    <p class='ocr_par' dir='ltr' id='par_1_92' title="bbox 2210 4552 3043 4607">
     <span class='ocr_line' id='line_1_98' title="bbox 2210 4552 3043 4607; baseline -0.001 -3"><span class='ocrx_word' id='word_1_678' title='bbox 2210 4552 2281 4607; x_wconf 77' lang='grc'><strong>16)</strong></span> <span class='ocrx_word' id='word_1_679' title='bbox 2320 4554 2593 4607; x_wconf 78' lang='lat' dir='ltr'><strong>Viveoduut</strong></span> <span class='ocrx_word' id='word_1_680' title='bbox 2618 4553 2729 4606; x_wconf 88' lang='lat' dir='ltr'><strong>cod.</strong></span> <span class='ocrx_word' id='word_1_681' title='bbox 2752 4552 2878 4606; x_wconf 61' lang='lat' dir='ltr'><strong>l&#39;ith.</strong></span> <span class='ocrx_word' id='word_1_682' title='bbox 2906 4552 3043 4607; x_wconf 69' lang='grc' dir='ltr'><strong>Πήρη</strong></span> 
     </span>
    </p>
   </div>
   <div class='ocr_carea' id='block_1_93' title="bbox 2203 4118 2253 4180">
    <p class='ocr_par' dir='ltr' id='par_1_93' title="bbox 2203 4118 2253 4180">
     <span class='ocr_line' id='line_1_99' title="bbox 2203 4118 2253 4180; baseline 0 0"><span class='ocrx_word' id='word_1_683' title='bbox 2203 4118 2253 4180; x_wconf 83' lang='grc'>9)</span> 
     </span>
    </p>
   </div>
   <div class='ocr_carea' id='block_1_94' title="bbox 2209 4182 2286 4309">
    <p class='ocr_par' dir='ltr' id='par_1_94' title="bbox 2209 4182 2286 4309">
     <span class='ocr_line' id='line_1_100' title="bbox 2209 4182 2286 4309; baseline 0.182 -17"><span class='ocrx_word' id='word_1_684' title='bbox 2209 4182 2286 4309; x_wconf 73' lang='lat' dir='ltr'><strong>lii</strong></span> 
     </span>
    </p>
   </div>
   <div class='ocr_carea' id='block_1_95' title="bbox 2210 4307 2285 4369">
    <p class='ocr_par' dir='ltr' id='par_1_95' title="bbox 2210 4307 2285 4369">
     <span class='ocr_line' id='line_1_101' title="bbox 2210 4307 2285 4369; baseline -0.027 -13"><span class='ocrx_word' id='word_1_685' title='bbox 2210 4307 2285 4369; x_wconf 66' lang='grc' dir='ltr'><strong>η)</strong></span> 
     </span>
    </p>
   </div>
   <div class='ocr_carea' id='block_1_96' title="bbox 1783 4725 2342 4782">
    <p class='ocr_par' dir='ltr' id='par_1_96' title="bbox 1783 4725 2342 4782">
     <span class='ocr_line' id='line_1_102' title="bbox 1783 4725 2342 4782; baseline 0.004 -2"><span class='ocrx_word' id='word_1_686' title='bbox 1783 4725 2342 4782; x_wconf 75' lang='lat' dir='ltr'><strong>COMMENTARIUS.</strong></span> 
     </span>
    </p>
   </div>
   <div class='ocr_carea' id='block_1_97' title="bbox 415 4863 2007 4939">
    <p class='ocr_par' dir='ltr' id='par_1_97' title="bbox 415 4863 2007 4939">
     <span class='ocr_line' id='line_1_103' title="bbox 415 4863 2007 4939; baseline 0.001 -20"><span class='ocrx_word' id='word_1_687' title='bbox 415 4863 581 4939; x_wconf 76' lang='lat' dir='ltr'><strong>Carne</strong></span> <span class='ocrx_word' id='word_1_688' title='bbox 606 4864 843 4939; x_wconf 56' lang='lat' dir='ltr'><strong>(lfuini,</strong></span> <span class='ocrx_word' id='word_1_689' title='bbox 885 4866 1123 4931; x_wconf 86' lang='lat' dir='ltr'><strong>scilicet,</strong></span> <span class='ocrx_word' id='word_1_690' title='bbox 1153 4867 1207 4921; x_wconf 91' lang='lat' dir='ltr'><strong>in</strong></span> <span class='ocrx_word' id='word_1_691' title='bbox 1233 4883 1339 4939; x_wconf 92' lang='lat' dir='ltr'><strong>quo</strong></span> <span class='ocrx_word' id='word_1_692' title='bbox 1366 4868 1610 4939; x_wconf 85' lang='lat' dir='ltr'><strong>probavit</strong></span> <span class='ocrx_word' id='word_1_693' title='bbox 1647 4877 1833 4922; x_wconf 86' lang='lat' dir='ltr'><strong>contra</strong></span> <span class='ocrx_word' id='word_1_694' title='bbox 1869 4865 2007 4939; x_wconf 79' lang='lat' dir='ltr'><strong>Mar-</strong></span> 
     </span>
    </p>
   </div>
   <div class='ocr_carea' id='block_1_98' title="bbox 411 4935 2005 5009">
    <p class='ocr_par' dir='ltr' id='par_1_98' title="bbox 411 4935 2005 5009">
     <span class='ocr_line' id='line_1_104' title="bbox 411 4935 2005 5009; baseline 0.003 -21"><span class='ocrx_word' id='word_1_695' title='bbox 411 4937 621 5009; x_wconf 81' lang='lat' dir='ltr'><strong>cionem</strong></span> <span class='ocrx_word' id='word_1_696' title='bbox 647 4935 847 4992; x_wconf 86' lang='lat' dir='ltr'><strong>Christi</strong></span> <span class='ocrx_word' id='word_1_697' title='bbox 872 4952 1088 4993; x_wconf 86' lang='lat' dir='ltr'><strong>carnem</strong></span> <span class='ocrx_word' id='word_1_698' title='bbox 1128 4935 1309 4993; x_wconf 67' lang='lat' dir='ltr'><strong>verum</strong></span> <span class='ocrx_word' id='word_1_699' title='bbox 1350 4935 1493 4996; x_wconf 83' lang='lat' dir='ltr'><strong>esse.</strong></span> <span class='ocrx_word' id='word_1_700' title='bbox 1551 4938 1765 5009; x_wconf 66' lang='lat' dir='ltr'><strong>Apelles</strong></span> <span class='ocrx_word' id='word_1_701' title='bbox 1792 4948 1845 4994; x_wconf 86' lang='lat' dir='ltr'><strong>et</strong></span> <span class='ocrx_word' id='word_1_702' title='bbox 1900 4938 2005 4993; x_wconf 83' lang='lat' dir='ltr'><strong>Va-</strong></span> 
     </span>
    </p>
   </div>
   <div class='ocr_carea' id='block_1_99' title="bbox 418 5007 2001 5077">
    <p class='ocr_par' dir='ltr' id='par_1_99' title="bbox 418 5007 2001 5077">
     <span class='ocr_line' id='line_1_105' title="bbox 418 5007 2001 5077; baseline 0.003 -17"><span class='ocrx_word' id='word_1_703' title='bbox 418 5007 647 5062; x_wconf 78' lang='lat' dir='ltr'><strong>lentinus</strong></span> <span class='ocrx_word' id='word_1_704' title='bbox 669 5023 848 5063; x_wconf 85' lang='lat' dir='ltr'><strong>veram</strong></span> <span class='ocrx_word' id='word_1_705' title='bbox 871 5024 1086 5065; x_wconf 74' lang='lat' dir='ltr'><strong>carnem</strong></span> <span class='ocrx_word' id='word_1_706' title='bbox 1111 5009 1434 5074; x_wconf 81' lang='lat' dir='ltr'><strong>fatebantur,</strong></span> <span class='ocrx_word' id='word_1_707' title='bbox 1451 5012 1543 5067; x_wconf 88' lang='lat' dir='ltr'><strong>sed</strong></span> <span class='ocrx_word' id='word_1_708' title='bbox 1569 5007 1672 5067; x_wconf 80' lang='lat' dir='ltr'><strong>non</strong></span> <span class='ocrx_word' id='word_1_709' title='bbox 1692 5009 2001 5077; x_wconf 82' lang='lat' dir='ltr'><strong>humanam,</strong></span> 
     </span>
    </p>
   </div>
   <div class='ocr_carea' id='block_1_100' title="bbox 412 5078 1999 5207">
    <p class='ocr_par' dir='ltr' id='par_1_100' title="bbox 412 5078 1999 5207">
     <span class='ocr_line' id='line_1_106' title="bbox 412 5078 1999 5207; baseline 0.004 -76"><span class='ocrx_word' id='word_1_710' title='bbox 412 5078 678 5135; x_wconf 83' lang='lat' dir='ltr'><strong>sideream</strong></span> <span class='ocrx_word' id='word_1_711' title='bbox 707 5095 931 5149; x_wconf 84' lang='lat' dir='ltr'><strong>nempe,</strong></span> <span class='ocrx_word' id='word_1_712' title='bbox 962 5082 1255 5147; x_wconf 82' lang='lat' dir='ltr'><strong>caelestem,</strong></span> <span class='ocrx_word' id='word_1_713' title='bbox 1286 5083 1571 5137; x_wconf 86' lang='lat' dir='ltr'><strong>animalem</strong></span> <span class='ocrx_word' id='word_1_714' title='bbox 1598 5080 1999 5207; x_wconf 42' lang='lat' dir='ltr'><strong>etnl‘tiittpgebant.</strong></span> 
     </span>
     <span class='ocr_line' id='line_1_107' title="bbox 1701 5169 1858 5207; baseline -0.006 0"><span class='ocrx_word' id='word_1_715' title='bbox 1701 5169 1731 5207; x_wconf 79' lang='grc' dir='ltr'><em>ε</em></span> <span class='ocrx_word' id='word_1_716' title='bbox 1806 5169 1858 5206; x_wconf 85' lang='lat' dir='ltr'><strong>n.</strong></span> 
     </span>
    </p>
   </div>
   <div class='ocr_carea' id='block_1_101' title="bbox 1701 5169 1858 5208">
    <p class='ocr_par' dir='ltr' id='par_1_101' title="bbox 1701 5169 1858 5208">
     <span class='ocr_line' id='line_1_108' title="bbox 1701 5169 1858 5208; baseline -0.013 0"><span class='ocrx_word' id='word_1_717' title='bbox 1701 5169 1731 5208; x_wconf 78' lang='grc' dir='ltr'>Ε</span> <span class='ocrx_word' id='word_1_718' title='bbox 1765 5169 1858 5207; x_wconf 70' lang='grc' dir='ltr'><strong>νη.</strong></span> 
     </span>
    </p>
   </div>
   <div class='ocr_carea' id='block_1_102' title="bbox 485 5219 1990 5294">
    <p class='ocr_par' dir='ltr' id='par_1_102' title="bbox 485 5219 1990 5294">
     <span class='ocr_line' id='line_1_109' title="bbox 485 5219 1990 5294; baseline 0.002 -20"><span class='ocrx_word' id='word_1_719' title='bbox 485 5219 563 5293; x_wconf 86' lang='lat' dir='ltr'>(a)</span> <span class='ocrx_word' id='word_1_720' title='bbox 605 5220 834 5294; x_wconf 67' lang='lat' dir='ltr'><strong>Proinde</strong></span> <span class='ocrx_word' id='word_1_721' title='bbox 870 5232 917 5276; x_wconf 86' lang='lat' dir='ltr'><strong>et</strong></span> <span class='ocrx_word' id='word_1_722' title='bbox 945 5222 1261 5294; x_wconf 73' lang='lat' dir='ltr'><strong>obducimus.</strong></span> <span class='ocrx_word' id='word_1_723' title='bbox 1287 5221 1567 5280; x_wconf 86' lang='lat' dir='ltr'><strong>Obducere</strong></span> <span class='ocrx_word' id='word_1_724' title='bbox 1597 5240 1695 5294; x_wconf 87' lang='lat' dir='ltr'><strong>pro</strong></span> <span class='ocrx_word' id='word_1_725' title='bbox 1721 5226 1990 5288; x_wconf 78' lang='lat' dir='ltr'><strong>evincere,</strong></span> 
     </span>
    </p>
   </div>
   <div class='ocr_carea' id='block_1_103' title="bbox 412 5292 1994 5367">
    <p class='ocr_par' dir='ltr' id='par_1_103' title="bbox 412 5292 1994 5367">
     <span class='ocr_line' id='line_1_110' title="bbox 412 5292 1994 5367; baseline 0.003 -22"><span class='ocrx_word' id='word_1_726' title='bbox 412 5300 468 5345; x_wconf 92' lang='lat' dir='ltr'><strong>ut</strong></span> <span class='ocrx_word' id='word_1_727' title='bbox 492 5292 639 5360; x_wconf 79' lang='lat' dir='ltr'><strong>mox,</strong></span> <span class='ocrx_word' id='word_1_728' title='bbox 669 5292 891 5347; x_wconf 76' lang='lat' dir='ltr'><strong>Obducti</strong></span> <span class='ocrx_word' id='word_1_729' title='bbox 916 5294 1098 5367; x_wconf 66' lang='lat' dir='ltr'><strong>dehinc</strong></span> <span class='ocrx_word' id='word_1_730' title='bbox 1127 5295 1189 5348; x_wconf 85' lang='lat' dir='ltr'><strong>dc</strong></span> <span class='ocrx_word' id='word_1_731' title='bbox 1209 5293 1319 5349; x_wconf 81' lang='lat' dir='ltr'><strong>Deo</strong></span> <span class='ocrx_word' id='word_1_732' title='bbox 1341 5294 1443 5367; x_wconf 85' lang='lat' dir='ltr'><strong>(sic</strong></span> <span class='ocrx_word' id='word_1_733' title='bbox 1464 5292 1609 5351; x_wconf 74' lang='lat' dir='ltr'><strong>enini</strong></span> <span class='ocrx_word' id='word_1_734' title='bbox 1631 5294 1994 5361; x_wconf 83' lang='lat' dir='ltr'><strong>distinximus,</strong></span> 
     </span>
    </p>
   </div>
   <div class='ocr_carea' id='block_1_104' title="bbox 412 5362 1533 5437">
    <p class='ocr_par' dir='ltr' id='par_1_104' title="bbox 412 5362 1533 5437">
     <span class='ocr_line' id='line_1_111' title="bbox 412 5362 1533 5437; baseline 0.001 -20"><span class='ocrx_word' id='word_1_735' title='bbox 412 5373 736 5437; x_wconf 73' lang='lat' dir='ltr'><strong>exposcente</strong></span> <span class='ocrx_word' id='word_1_736' title='bbox 761 5362 951 5437; x_wconf 87' lang='lat' dir='ltr'><strong>sensu)</strong></span> <span class='ocrx_word' id='word_1_737' title='bbox 979 5380 1076 5434; x_wconf 84' lang='lat' dir='ltr'><strong>pro</strong></span> <span class='ocrx_word' id='word_1_738' title='bbox 1101 5368 1316 5437; x_wconf 68' lang='lat' dir='ltr'><strong>convicti</strong></span> <span class='ocrx_word' id='word_1_739' title='bbox 1350 5362 1533 5423; x_wconf 71' lang='lat' dir='ltr'><strong>llum.</strong></span> 
     </span>
    </p>
   </div>
   <div class='ocr_carea' id='block_1_105' title="bbox 483 5433 1994 5506">
    <p class='ocr_par' dir='ltr' id='par_1_105' title="bbox 483 5433 1994 5506">
     <span class='ocr_line' id='line_1_112' title="bbox 483 5433 1994 5506; baseline 0 -17"><span class='ocrx_word' id='word_1_740' title='bbox 483 5433 563 5506; x_wconf 56' lang='lat' dir='ltr'>(lg)</span> <span class='ocrx_word' id='word_1_741' title='bbox 602 5434 769 5491; x_wconf 77' lang='lat' dir='ltr'><strong>Deum</strong></span> <span class='ocrx_word' id='word_1_742' title='bbox 795 5433 1298 5493; x_wconf 32' lang='lat' dir='ltr'><strong>muttdi&#39;naturaliler</strong></span> <span class='ocrx_word' id='word_1_743' title='bbox 1324 5449 1517 5493; x_wconf 84' lang='lat' dir='ltr'><strong>notum.</strong></span> <span class='ocrx_word' id='word_1_744' title='bbox 1551 5437 1699 5492; x_wconf 85' lang='lat' dir='ltr'><strong>Adeo</strong></span> <span class='ocrx_word' id='word_1_745' title='bbox 1736 5436 1850 5491; x_wconf 70' lang='lat' dir='ltr'><strong>lucc</strong></span> <span class='ocrx_word' id='word_1_746' title='bbox 1875 5436 1994 5506; x_wconf 87' lang='lat' dir='ltr'><strong>opi-</strong></span> 
     </span>
    </p>
   </div>
   <div class='ocr_carea' id='block_1_106' title="bbox 410 5504 1994 5573">
    <p class='ocr_par' dir='ltr' id='par_1_106' title="bbox 410 5504 1994 5573">
     <span class='ocr_line' id='line_1_113' title="bbox 410 5504 1994 5573; baseline 0.001 -14"><span class='ocrx_word' id='word_1_747' title='bbox 410 5505 499 5559; x_wconf 90' lang='lat' dir='ltr'><strong>nio</strong></span> <span class='ocrx_word' id='word_1_748' title='bbox 526 5504 800 5563; x_wconf 89' lang='lat' dir='ltr'><strong>hominum</strong></span> <span class='ocrx_word' id='word_1_749' title='bbox 827 5508 1062 5563; x_wconf 88' lang='lat' dir='ltr'><strong>omnium</strong></span> <span class='ocrx_word' id='word_1_750' title='bbox 1084 5509 1278 5563; x_wconf 86' lang='lat' dir='ltr'><strong>animis</strong></span> <span class='ocrx_word' id='word_1_751' title='bbox 1300 5508 1532 5573; x_wconf 62' lang='lat' dir='ltr'><strong>inhaesit,</strong></span> <span class='ocrx_word' id='word_1_752' title='bbox 1556 5519 1611 5563; x_wconf 92' lang='lat' dir='ltr'><strong>ut</strong></span> <span class='ocrx_word' id='word_1_753' title='bbox 1637 5504 1994 5565; x_wconf 57' lang='lat' dir='ltr'><strong>Athenimmes</strong></span> 
     </span>
    </p>
   </div>
   <div class='ocr_carea' id='block_1_107' title="bbox 407 5576 1987 5650">
    <p class='ocr_par' dir='ltr' id='par_1_107' title="bbox 407 5576 1987 5650">
     <span class='ocr_line' id='line_1_114' title="bbox 407 5576 1987 5650; baseline 0 -19"><span class='ocrx_word' id='word_1_754' title='bbox 407 5576 664 5650; x_wconf 65' lang='lat' dir='ltr'><strong>sophista:</strong></span> <span class='ocrx_word' id='word_1_755' title='bbox 688 5576 965 5650; x_wconf 80' lang='lat' dir='ltr'><strong>cujusdam</strong></span> <span class='ocrx_word' id='word_1_756' title='bbox 999 5578 1314 5650; x_wconf 76' lang='lat' dir='ltr'><strong>Pythagora:</strong></span> <span class='ocrx_word' id='word_1_757' title='bbox 1353 5581 1541 5635; x_wconf 83' lang='lat' dir='ltr'><strong>librum</strong></span> <span class='ocrx_word' id='word_1_758' title='bbox 1574 5579 1987 5650; x_wconf 75' lang='lat' dir='ltr'><strong>c&#39;ombusserint,</strong></span> 
     </span>
    </p>
   </div>
   <div class='ocr_carea' id='block_1_108' title="bbox 405 5647 1990 5717">
    <p class='ocr_par' dir='ltr' id='par_1_108' title="bbox 405 5647 1990 5717">
     <span class='ocr_line' id='line_1_115' title="bbox 405 5647 1990 5717; baseline 0 -16"><span class='ocrx_word' id='word_1_759' title='bbox 405 5647 498 5717; x_wconf 71' lang='lat' dir='ltr'><strong>riui</strong></span> <span class='ocrx_word' id='word_1_760' title='bbox 527 5647 578 5703; x_wconf 84' lang='lat' dir='ltr'><strong>in</strong></span> <span class='ocrx_word' id='word_1_761' title='bbox 615 5649 877 5717; x_wconf 81' lang='lat' dir='ltr'><strong>principio</strong></span> <span class='ocrx_word' id='word_1_762' title='bbox 904 5647 1210 5706; x_wconf 69' lang='lat' dir='ltr'><strong>continebat</strong></span> <span class='ocrx_word' id='word_1_763' title='bbox 1232 5692 1248 5715; x_wconf 90' lang='lat'><strong>,</strong></span> <span class='ocrx_word' id='word_1_764' title='bbox 1277 5652 1357 5705; x_wconf 79' lang='lat' dir='ltr'><strong>Att</strong></span> <span class='ocrx_word' id='word_1_765' title='bbox 1386 5650 1521 5706; x_wconf 75' lang='lat' dir='ltr'><strong>Deus</strong></span> <span class='ocrx_word' id='word_1_766' title='bbox 1546 5651 1647 5705; x_wconf 77' lang='lat' dir='ltr'><strong>ait?</strong></span> <span class='ocrx_word' id='word_1_767' title='bbox 1675 5650 1765 5706; x_wconf 77' lang='lat' dir='ltr'><strong>Sic</strong></span> <span class='ocrx_word' id='word_1_768' title='bbox 1788 5649 1990 5704; x_wconf 83' lang='lat' dir='ltr'><strong>Canta-</strong></span> 
     </span>
    </p>
   </div>
   <div class='ocr_carea' id='block_1_109' title="bbox 407 5714 1965 5789">
    <p class='ocr_par' dir='ltr' id='par_1_109' title="bbox 407 5714 1965 5789">
     <span class='ocr_line' id='line_1_116' title="bbox 407 5714 1965 5789; baseline 0.003 -16"><span class='ocrx_word' id='word_1_769' title='bbox 407 5714 691 5789; x_wconf 71' lang='lat' dir='ltr'><strong>brigiensia</strong></span> <span class='ocrx_word' id='word_1_770' title='bbox 728 5714 1032 5775; x_wconf 68' lang='lat' dir='ltr'><strong>Academia:</strong></span> <span class='ocrx_word' id='word_1_771' title='bbox 1070 5714 1490 5781; x_wconf 82' lang='lat' dir='ltr'><strong>fundator..th</strong></span> <span class='ocrx_word' id='word_1_772' title='bbox 1515 5723 1641 5777; x_wconf 88' lang='lat' dir='ltr'><strong>olim</strong></span> <span class='ocrx_word' id='word_1_773' title='bbox 1675 5721 1794 5776; x_wconf 88' lang='lat' dir='ltr'><strong>illac</strong></span> <span class='ocrx_word' id='word_1_774' title='bbox 1819 5729 1965 5777; x_wconf 71' lang='lat' dir='ltr'><strong>trans</strong></span> 
     </span>
    </p>
   </div>
   <div class='ocr_carea' id='block_1_110' title="bbox 409 5789 1988 5864">
    <p class='ocr_par' dir='ltr' id='par_1_110' title="bbox 409 5789 1988 5864">
     <span class='ocr_line' id='line_1_117' title="bbox 409 5789 1988 5864; baseline 0.001 -21"><span class='ocrx_word' id='word_1_775' title='bbox 409 5789 908 5864; x_wconf 25' lang='lat' dir='ltr'><strong>iret,‘audissetque</strong></span> <span class='ocrx_word' id='word_1_776' title='bbox 926 5790 1293 5864; x_wconf 29' lang='lat' dir='ltr'><strong>‘disputantcs</strong></span> <span class='ocrx_word' id='word_1_777' title='bbox 1324 5792 1602 5864; x_wconf 78' lang='lat' dir='ltr'><strong>theologos</strong></span> <span class='ocrx_word' id='word_1_778' title='bbox 1631 5809 1696 5846; x_wconf 81' lang='lat' dir='ltr'><strong>an</strong></span> <span class='ocrx_word' id='word_1_779' title='bbox 1718 5791 1862 5864; x_wconf 79' lang='lat' dir='ltr'><strong>Deus</strong></span> <span class='ocrx_word' id='word_1_780' title='bbox 1887 5791 1954 5864; x_wconf 60' lang='grc' dir='ltr'><strong>εἰ(</strong></span> <span class='ocrx_word' id='word_1_781' title='bbox 1973 5832 1988 5855; x_wconf 86' lang='grc'><em>,</em></span> 
     </span>
    </p>
   </div>
   <div class='ocr_carea' id='block_1_111' title="bbox 409 5860 1991 5947">
    <p class='ocr_par' dir='ltr' id='par_1_111' title="bbox 409 5860 1991 5947">
     <span class='ocr_line' id='line_1_118' title="bbox 409 5860 1991 5947; baseline 0.001 -29"><span class='ocrx_word' id='word_1_782' title='bbox 409 5861 654 5947; x_wconf 77' lang='lat' dir='ltr'><strong>pmnituit</strong></span> <span class='ocrx_word' id='word_1_783' title='bbox 696 5861 873 5945; x_wconf 74' lang='lat' dir='ltr'><strong>ipsum</strong></span> <span class='ocrx_word' id='word_1_784' title='bbox 918 5860 1151 5922; x_wconf 66' lang='lat' dir='ltr'><strong>fundatae</strong></span> <span class='ocrx_word' id='word_1_785' title='bbox 1178 5864 1320 5931; x_wconf 78' lang='lat' dir='ltr'><strong>illius</strong></span> <span class='ocrx_word' id='word_1_786' title='bbox 1349 5860 1664 5933; x_wconf 68' lang='lat' dir='ltr'><strong>acadeinire,</strong></span> <span class='ocrx_word' id='word_1_787' title='bbox 1714 5863 1765 5921; x_wconf 90' lang='lat' dir='ltr'><strong>in</strong></span> <span class='ocrx_word' id='word_1_788' title='bbox 1793 5878 1894 5938; x_wconf 81' lang='lat' dir='ltr'><strong>qua</strong></span> <span class='ocrx_word' id='word_1_789' title='bbox 1922 5861 1991 5923; x_wconf 86' lang='lat' dir='ltr'><strong>de</strong></span> 
     </span>
    </p>
   </div>
   <div class='ocr_carea' id='block_1_112' title="bbox 2115 4865 3709 4939">
    <p class='ocr_par' dir='ltr' id='par_1_112' title="bbox 2115 4865 3709 4939">
     <span class='ocr_line' id='line_1_119' title="bbox 2115 4865 3709 4939; baseline 0.005 -20"><span class='ocrx_word' id='word_1_790' title='bbox 2115 4881 2173 4920; x_wconf 90' lang='lat' dir='ltr'><strong>re</strong></span> <span class='ocrx_word' id='word_1_791' title='bbox 2191 4865 2416 4939; x_wconf 77' lang='lat' dir='ltr'><strong>naturali</strong></span> <span class='ocrx_word' id='word_1_792' title='bbox 2438 4868 2742 4939; x_wconf 85' lang='lat' dir='ltr'><strong>cognitione</strong></span> <span class='ocrx_word' id='word_1_793' title='bbox 2756 4866 3108 4939; x_wconf 79' lang='lat' dir='ltr'><strong>elara,atihnc</strong></span> <span class='ocrx_word' id='word_1_794' title='bbox 3129 4867 3488 4935; x_wconf 85' lang='lat' dir='ltr'><strong>dubitabatur,</strong></span> <span class='ocrx_word' id='word_1_795' title='bbox 3505 4867 3586 4927; x_wconf 81' lang='lat' dir='ltr'><strong>Lr.</strong></span> <span class='ocrx_word' id='word_1_796' title='bbox 3617 4872 3709 4927; x_wconf 77' lang='lat' dir='ltr'><strong>Pii.</strong></span> 
     </span>
    </p>
   </div>
   <div class='ocr_carea' id='block_1_113' title="bbox 2189 4936 3713 5008">
    <p class='ocr_par' dir='ltr' id='par_1_113' title="bbox 2189 4936 3713 5008">
     <span class='ocr_line' id='line_1_120' title="bbox 2189 4936 3713 5008; baseline 0.005 -17"><span class='ocrx_word' id='word_1_797' title='bbox 2189 4938 2265 5007; x_wconf 88' lang='lat' dir='ltr'>(c)</span> <span class='ocrx_word' id='word_1_798' title='bbox 2293 4936 2399 4992; x_wconf 74' lang='lat' dir='ltr'><strong>Sed</strong></span> <span class='ocrx_word' id='word_1_799' title='bbox 2424 4936 2569 4993; x_wconf 62' lang='lat' dir='ltr'><strong>ursas</strong></span> <span class='ocrx_word' id='word_1_800' title='bbox 2602 4942 2835 5008; x_wconf 69' lang='lat' dir='ltr'><strong>(animo,</strong></span> <span class='ocrx_word' id='word_1_801' title='bbox 2865 4957 2964 5007; x_wconf 78' lang='lat' dir='ltr'><strong>qua</strong></span> <span class='ocrx_word' id='word_1_802' title='bbox 2983 4936 3237 4995; x_wconf 78' lang='lat' dir='ltr'><strong>Lucanus.</strong></span> <span class='ocrx_word' id='word_1_803' title='bbox 3272 4940 3539 4997; x_wconf 80' lang='lat' dir='ltr'><strong>Lucanum</strong></span> <span class='ocrx_word' id='word_1_804' title='bbox 3572 4940 3713 4999; x_wconf 82' lang='lat' dir='ltr'><strong>Mar-</strong></span> 
     </span>
    </p>
   </div>
   <div class='ocr_carea' id='block_1_114' title="bbox 2109 5008 3706 5081">
    <p class='ocr_par' dir='ltr' id='par_1_114' title="bbox 2109 5008 3706 5081">
     <span class='ocr_line' id='line_1_121' title="bbox 2109 5008 3706 5081; baseline 0.001 -18"><span class='ocrx_word' id='word_1_805' title='bbox 2109 5008 2362 5081; x_wconf 79' lang='lat' dir='ltr'><strong>cionitatn</strong></span> <span class='ocrx_word' id='word_1_806' title='bbox 2391 5008 2697 5065; x_wconf 62' lang='lat' dir='ltr'><strong>liatretieum</strong></span> <span class='ocrx_word' id='word_1_807' title='bbox 2714 5012 2867 5065; x_wconf 90' lang='lat' dir='ltr'><strong>ridet.</strong></span> <span class='ocrx_word' id='word_1_808' title='bbox 2900 5011 3030 5066; x_wconf 82' lang='lat' dir='ltr'><strong>Nam</strong></span> <span class='ocrx_word' id='word_1_809' title='bbox 3058 5030 3205 5067; x_wconf 82' lang='lat' dir='ltr'><strong>ursus</strong></span> <span class='ocrx_word' id='word_1_810' title='bbox 3230 5027 3330 5067; x_wconf 83' lang='lat' dir='ltr'><strong>vox</strong></span> <span class='ocrx_word' id='word_1_811' title='bbox 3364 5021 3447 5081; x_wconf 78' lang='lat' dir='ltr'><strong>est</strong></span> <span class='ocrx_word' id='word_1_812' title='bbox 3475 5012 3706 5081; x_wconf 78' lang='lat' dir='ltr'><strong>Lucana,</strong></span> 
     </span>
    </p>
   </div>
   <div class='ocr_carea' id='block_1_115' title="bbox 2109 5079 3707 5149">
    <p class='ocr_par' dir='ltr' id='par_1_115' title="bbox 2109 5079 3707 5149">
     <span class='ocr_line' id='line_1_122' title="bbox 2109 5079 3707 5149; baseline 0.003 -16"><span class='ocrx_word' id='word_1_813' title='bbox 2109 5079 2211 5134; x_wconf 82' lang='lat' dir='ltr'><strong>hoc</strong></span> <span class='ocrx_word' id='word_1_814' title='bbox 2231 5089 2310 5134; x_wconf 90' lang='lat' dir='ltr'><strong>est</strong></span> <span class='ocrx_word' id='word_1_815' title='bbox 2337 5080 2582 5135; x_wconf 79' lang='lat' dir='ltr'><strong>Lucania:</strong></span> <span class='ocrx_word' id='word_1_816' title='bbox 2612 5082 2894 5146; x_wconf 70' lang='lat' dir='ltr'><strong>provincia:</strong></span> <span class='ocrx_word' id='word_1_817' title='bbox 2924 5100 3041 5149; x_wconf 70' lang='lat' dir='ltr'><strong>quae</strong></span> <span class='ocrx_word' id='word_1_818' title='bbox 3075 5100 3212 5138; x_wconf 89' lang='lat' dir='ltr'><strong>nunc</strong></span> <span class='ocrx_word' id='word_1_819' title='bbox 3256 5080 3533 5138; x_wconf 76' lang='lat' dir='ltr'><strong>Basilicam</strong></span> <span class='ocrx_word' id='word_1_820' title='bbox 3570 5079 3707 5138; x_wconf 50' lang='lat' dir='ltr'><strong>dici;</strong></span> 
     </span>
    </p>
   </div>
   <div class='ocr_carea' id='block_1_116' title="bbox 2108 5151 3787 5293">
    <p class='ocr_par' dir='ltr' id='par_1_116' title="bbox 2108 5151 3787 5293">
     <span class='ocr_line' id='line_1_123' title="bbox 2108 5151 3787 5293; baseline 0.002 -88"><span class='ocrx_word' id='word_1_821' title='bbox 2108 5151 2322 5293; x_wconf 61' lang='lat' dir='ltr'><strong>tur.)Lls</strong></span> <span class='ocrx_word' id='word_1_822' title='bbox 2352 5152 2445 5207; x_wconf 71' lang='grc' dir='ltr'><strong>Ρη.</strong></span> <span class='ocrx_word' id='word_1_823' title='bbox 2472 5181 2542 5190; x_wconf 93' lang='lat'>—</span> <span class='ocrx_word' id='word_1_824' title='bbox 2571 5153 2771 5208; x_wconf 86' lang='lat' dir='ltr'><strong>Allusio</strong></span> <span class='ocrx_word' id='word_1_825' title='bbox 2797 5162 2879 5207; x_wconf 91' lang='lat' dir='ltr'><strong>est</strong></span> <span class='ocrx_word' id='word_1_826' title='bbox 2909 5154 2973 5207; x_wconf 86' lang='lat' dir='ltr'><strong>ad</strong></span> <span class='ocrx_word' id='word_1_827' title='bbox 3002 5157 3176 5223; x_wconf 84' lang='lat' dir='ltr'><strong>gentis</strong></span> <span class='ocrx_word' id='word_1_828' title='bbox 3197 5171 3391 5209; x_wconf 86' lang='lat' dir='ltr'><strong>nomen</strong></span> <span class='ocrx_word' id='word_1_829' title='bbox 3423 5154 3603 5227; x_wconf 57' lang='lat' dir='ltr'><strong>(Auxag,</strong></span> <span class='ocrx_word' id='word_1_830' title='bbox 3631 5156 3709 5209; x_wconf 85' lang='lat' dir='ltr'><strong>lu—</strong></span> <span class='ocrx_word' id='word_1_831' title='bbox 3778 5172 3787 5183; x_wconf 88' lang='grc'><strong>·</strong></span> 
     </span>
     <span class='ocr_line' id='line_1_124' title="bbox 2109 5238 2983 5293; baseline 0.003 -19"><span class='ocrx_word' id='word_1_832' title='bbox 2109 5238 2247 5292; x_wconf 84' lang='lat' dir='ltr'><strong>pus.</strong></span> <span class='ocrx_word' id='word_1_833' title='bbox 2302 5238 2452 5276; x_wconf 71' lang='lat' dir='ltr'><strong>\llBN.</strong></span> <span class='ocrx_word' id='word_1_834' title='bbox 2976 5288 2983 5293; x_wconf 20' lang='grc' dir='ltr'>δ</span> 
     </span>
    </p>
   </div>
   <div class='ocr_carea' id='block_1_117' title="bbox 2109 5224 2452 5292">
    <p class='ocr_par' dir='ltr' id='par_1_117' title="bbox 2109 5224 2452 5292">
     <span class='ocr_line' id='line_1_125' title="bbox 2109 5224 2452 5292; baseline 0.003 -18"><span class='ocrx_word' id='word_1_835' title='bbox 2109 5224 2247 5292; x_wconf 84' lang='lat' dir='ltr'><strong>pus).</strong></span> <span class='ocrx_word' id='word_1_836' title='bbox 2281 5224 2452 5276; x_wconf 67' lang='lat' dir='ltr'><strong>lines.</strong></span> 
     </span>
    </p>
   </div>
   <div class='ocr_carea' id='block_1_118' title="bbox 2198 5288 3700 5366">
    <p class='ocr_par' dir='ltr' id='par_1_118' title="bbox 2198 5288 3700 5366">
     <span class='ocr_line' id='line_1_126' title="bbox 2198 5288 3700 5366; baseline 0.003 -19"><span class='ocrx_word' id='word_1_837' title='bbox 2198 5288 2254 5366; x_wconf 78' lang='grc' dir='ltr'><strong>(Ἰ)</strong></span> <span class='ocrx_word' id='word_1_838' title='bbox 2284 5293 2638 5366; x_wconf 61' lang='grc' dir='ltr'><strong>ξοίῐιιδεητηῐε</strong></span> <span class='ocrx_word' id='word_1_839' title='bbox 2661 5288 3009 5366; x_wconf 64' lang='lat' dir='ltr'><strong>defectionem.</strong></span> <span class='ocrx_word' id='word_1_840' title='bbox 3038 5295 3149 5351; x_wconf 81' lang='lat' dir='ltr'><strong>llo&#39;c</strong></span> <span class='ocrx_word' id='word_1_841' title='bbox 3173 5303 3275 5366; x_wconf 77' lang='lat' dir='ltr'><strong>est,</strong></span> <span class='ocrx_word' id='word_1_842' title='bbox 3307 5307 3554 5353; x_wconf 84' lang='lat' dir='ltr'><strong>mortem.</strong></span> <span class='ocrx_word' id='word_1_843' title='bbox 3581 5297 3700 5354; x_wconf 67' lang='lat' dir='ltr'><strong>itte.</strong></span> 
     </span>
    </p>
   </div>
   <div class='ocr_carea' id='block_1_119' title="bbox 2198 5358 3652 5433">
    <p class='ocr_par' dir='ltr' id='par_1_119' title="bbox 2198 5358 3652 5433">
     <span class='ocr_line' id='line_1_127' title="bbox 2198 5358 3652 5433; baseline 0.003 -16"><span class='ocrx_word' id='word_1_844' title='bbox 2198 5358 2249 5433; x_wconf 88' lang='lat' dir='ltr'><strong>e)</strong></span> <span class='ocrx_word' id='word_1_845' title='bbox 2284 5358 2349 5418; x_wconf 80' lang='lat' dir='ltr'><strong>Et</strong></span> <span class='ocrx_word' id='word_1_846' title='bbox 2380 5358 2734 5433; x_wconf 47' lang='lat' dir='ltr'><strong>reﬂwtionemf</strong></span> <span class='ocrx_word' id='word_1_847' title='bbox 2752 5364 2863 5418; x_wconf 82' lang='lat' dir='ltr'><strong>Hoc</strong></span> <span class='ocrx_word' id='word_1_848' title='bbox 2888 5375 3000 5432; x_wconf 88' lang='lat' dir='ltr'><strong>est,</strong></span> <span class='ocrx_word' id='word_1_849' title='bbox 3034 5358 3500 5423; x_wconf 76' lang='lat' dir='ltr'><strong>resurrectionem.</strong></span> <span class='ocrx_word' id='word_1_850' title='bbox 3534 5369 3652 5426; x_wconf 82' lang='lat' dir='ltr'><strong>Rlc.</strong></span> 
     </span>
    </p>
   </div>
   <div class='ocr_carea' id='block_1_120' title="bbox 2122 5432 3704 5509">
    <p class='ocr_par' dir='ltr' id='par_1_120' title="bbox 2122 5432 3704 5509">
     <span class='ocr_line' id='line_1_128' title="bbox 2122 5432 3704 5509; baseline 0.002 -20"><span class='ocrx_word' id='word_1_851' title='bbox 2122 5484 2129 5489; x_wconf 84' lang='lat'><strong>.</strong></span> <span class='ocrx_word' id='word_1_852' title='bbox 2170 5432 2323 5509; x_wconf 76' lang='lat' dir='ltr'><strong>CAP.</strong></span> <span class='ocrx_word' id='word_1_853' title='bbox 2356 5432 2441 5489; x_wconf 88' lang='lat' dir='ltr'><strong>lll.</strong></span> <span class='ocrx_word' id='word_1_854' title='bbox 2469 5432 2629 5507; x_wconf 65' lang='lat' dir='ltr'>—(l‘)</span> <span class='ocrx_word' id='word_1_855' title='bbox 2679 5434 2754 5488; x_wconf 83' lang='lat' dir='ltr'><strong>De</strong></span> <span class='ocrx_word' id='word_1_856' title='bbox 2797 5434 3144 5509; x_wconf 77' lang='lat' dir='ltr'><strong>communibus</strong></span> <span class='ocrx_word' id='word_1_857' title='bbox 3194 5434 3440 5509; x_wconf 50' lang='lat' dir='ltr'><strong>morsibus.</strong></span> <span class='ocrx_word' id='word_1_858' title='bbox 3496 5441 3704 5494; x_wconf 70' lang='lat' dir='ltr'><strong>Sensus</strong></span> 
     </span>
    </p>
   </div>
   <div class='ocr_carea' id='block_1_121' title="bbox 2097 5505 3700 5577">
    <p class='ocr_par' dir='ltr' id='par_1_121' title="bbox 2097 5505 3700 5577">
     <span class='ocr_line' id='line_1_129' title="bbox 2097 5505 3700 5577; baseline 0.002 -17"><span class='ocrx_word' id='word_1_859' title='bbox 2097 5505 2410 5577; x_wconf 83' lang='lat' dir='ltr'><strong>communes</strong></span> <span class='ocrx_word' id='word_1_860' title='bbox 2456 5505 2579 5571; x_wconf 83' lang='lat' dir='ltr'><strong>sunt</strong></span> <span class='ocrx_word' id='word_1_861' title='bbox 2630 5518 2775 5577; x_wconf 63' lang='grc' dir='ltr'><strong>κρίνω</strong></span> <span class='ocrx_word' id='word_1_862' title='bbox 2818 5505 2989 5559; x_wconf 61' lang='grc' dir='ltr'><strong>ϊννοιεει</strong></span> <span class='ocrx_word' id='word_1_863' title='bbox 3011 5522 3105 5563; x_wconf 89' lang='lat' dir='ltr'><strong>seu</strong></span> <span class='ocrx_word' id='word_1_864' title='bbox 3141 5506 3414 5577; x_wconf 63' lang='lat' dir='ltr'><strong>notiones.</strong></span> <span class='ocrx_word' id='word_1_865' title='bbox 3464 5511 3700 5565; x_wconf 89' lang='lat' dir='ltr'><strong>omnium</strong></span> 
     </span>
    </p>
   </div>
   <div class='ocr_carea' id='block_1_122' title="bbox 2097 5574 3490 5643">
    <p class='ocr_par' dir='ltr' id='par_1_122' title="bbox 2097 5574 3490 5643">
     <span class='ocr_line' id='line_1_130' title="bbox 2097 5574 3490 5643; baseline 0.003 -14"><span class='ocrx_word' id='word_1_866' title='bbox 2097 5576 2207 5632; x_wconf 88' lang='lat' dir='ltr'><strong>lere</strong></span> <span class='ocrx_word' id='word_1_867' title='bbox 2236 5592 2394 5634; x_wconf 81' lang='lat' dir='ltr'><strong>sensa</strong></span> <span class='ocrx_word' id='word_1_868' title='bbox 2426 5586 2480 5632; x_wconf 88' lang='lat' dir='ltr'><strong>et</strong></span> <span class='ocrx_word' id='word_1_869' title='bbox 2505 5576 2854 5632; x_wconf 80' lang='lat' dir='ltr'><strong>consensione</strong></span> <span class='ocrx_word' id='word_1_870' title='bbox 2881 5574 3259 5643; x_wconf 65' lang='lat' dir='ltr'><strong>comprobatae,</strong></span> <span class='ocrx_word' id='word_1_871' title='bbox 3289 5574 3490 5635; x_wconf 67' lang='lat' dir='ltr'><strong>[.irl’a.</strong></span> 
     </span>
    </p>
   </div>
   <div class='ocr_carea' id='block_1_123' title="bbox 2168 5644 3698 5719">
    <p class='ocr_par' dir='ltr' id='par_1_123' title="bbox 2168 5644 3698 5719">
     <span class='ocr_line' id='line_1_131' title="bbox 2168 5644 3698 5719; baseline 0.001 -20"><span class='ocrx_word' id='word_1_872' title='bbox 2168 5646 2245 5719; x_wconf 83' lang='lat' dir='ltr'>(g)</span> <span class='ocrx_word' id='word_1_873' title='bbox 2281 5646 2407 5702; x_wconf 77' lang='lat' dir='ltr'><strong>Utar</strong></span> <span class='ocrx_word' id='word_1_874' title='bbox 2436 5664 2553 5719; x_wconf 86' lang='lat' dir='ltr'><strong>ergo</strong></span> <span class='ocrx_word' id='word_1_875' title='bbox 2575 5661 2619 5702; x_wconf 80' lang='lat' dir='ltr'><strong>et</strong></span> <span class='ocrx_word' id='word_1_876' title='bbox 2646 5647 2891 5719; x_wconf 73' lang='lat' dir='ltr'><strong>sententia</strong></span> <span class='ocrx_word' id='word_1_877' title='bbox 2929 5644 3176 5719; x_wconf 73' lang='lat' dir='ltr'><strong>Plutonis.</strong></span> <span class='ocrx_word' id='word_1_878' title='bbox 3209 5646 3371 5719; x_wconf 81' lang='lat' dir='ltr'><strong>llaud</strong></span> <span class='ocrx_word' id='word_1_879' title='bbox 3404 5650 3563 5706; x_wconf 80' lang='lat' dir='ltr'><strong>dubie</strong></span> <span class='ocrx_word' id='word_1_880' title='bbox 3600 5651 3698 5705; x_wconf 81' lang='lat' dir='ltr'><strong>dt:-</strong></span> 
     </span>
    </p>
   </div>
   <div class='ocr_carea' id='block_1_124' title="bbox 2096 5716 3698 5788">
    <p class='ocr_par' dir='ltr' id='par_1_124' title="bbox 2096 5716 3698 5788">
     <span class='ocr_line' id='line_1_132' title="bbox 2096 5716 3698 5788; baseline 0.003 -17"><span class='ocrx_word' id='word_1_881' title='bbox 2096 5716 2349 5785; x_wconf 52' lang='lat' dir='ltr'><strong>bet&#39;i&#39;stnd</strong></span> <span class='ocrx_word' id='word_1_882' title='bbox 2384 5716 2601 5788; x_wconf 75' lang='lat' dir='ltr'><strong>intelligi</strong></span> <span class='ocrx_word' id='word_1_883' title='bbox 2649 5720 2715 5775; x_wconf 89' lang='lat' dir='ltr'><strong>de</strong></span> <span class='ocrx_word' id='word_1_884' title='bbox 2740 5718 2882 5773; x_wconf 86' lang='lat' dir='ltr'><strong>omni</strong></span> <span class='ocrx_word' id='word_1_885' title='bbox 2929 5716 3110 5788; x_wconf 77' lang='lat' dir='ltr'><strong>anima</strong></span> <span class='ocrx_word' id='word_1_886' title='bbox 3151 5716 3429 5788; x_wconf 61' lang='lat' dir='ltr'><strong>rationali;</strong></span> <span class='ocrx_word' id='word_1_887' title='bbox 3476 5739 3598 5775; x_wconf 89' lang='lat' dir='ltr'><strong>nam</strong></span> <span class='ocrx_word' id='word_1_888' title='bbox 3626 5721 3698 5776; x_wconf 79' lang='lat' dir='ltr'><strong>de</strong></span> 
     </span>
    </p>
   </div>
   <div class='ocr_carea' id='block_1_125' title="bbox 2097 5779 3669 5859">
    <p class='ocr_par' dir='ltr' id='par_1_125' title="bbox 2097 5779 3669 5859">
     <span class='ocr_line' id='line_1_133' title="bbox 2097 5779 3669 5859; baseline 0.003 -16"><span class='ocrx_word' id='word_1_889' title='bbox 2097 5779 2204 5857; x_wconf 84' lang='lat' dir='ltr'><strong>illa,</strong></span> <span class='ocrx_word' id='word_1_890' title='bbox 2238 5798 2289 5844; x_wconf 90' lang='lat' dir='ltr'><strong>et</strong></span> <span class='ocrx_word' id='word_1_891' title='bbox 2321 5792 2373 5845; x_wconf 90' lang='lat' dir='ltr'><strong>in</strong></span> <span class='ocrx_word' id='word_1_892' title='bbox 2404 5779 2702 5854; x_wconf 54' lang='lat' dir='ltr'><strong>Phaedone,</strong></span> <span class='ocrx_word' id='word_1_893' title='bbox 2734 5803 2787 5845; x_wconf 88' lang='lat' dir='ltr'><strong>et</strong></span> <span class='ocrx_word' id='word_1_894' title='bbox 2816 5787 2942 5845; x_wconf 88' lang='lat' dir='ltr'><strong>alibi</strong></span> <span class='ocrx_word' id='word_1_895' title='bbox 2974 5787 3206 5858; x_wconf 91' lang='lat' dir='ltr'><strong>loquitur</strong></span> <span class='ocrx_word' id='word_1_896' title='bbox 3226 5779 3426 5854; x_wconf 61' lang='lat' dir='ltr'><strong>Plato,</strong></span> <span class='ocrx_word' id='word_1_897' title='bbox 3458 5793 3669 5859; x_wconf 85' lang='lat' dir='ltr'><strong>quoties</strong></span> 
     </span>
    </p>
   </div>
   <div class='ocr_carea' id='block_1_126' title="bbox 2093 5859 3509 5937">
    <p class='ocr_par' dir='ltr' id='par_1_126' title="bbox 2093 5859 3509 5937">
     <span class='ocr_line' id='line_1_134' title="bbox 2093 5859 3509 5937; baseline -0.001 -19"><span class='ocrx_word' id='word_1_898' title='bbox 2093 5861 2323 5937; x_wconf 79' lang='lat' dir='ltr'><strong>eumque</strong></span> <span class='ocrx_word' id='word_1_899' title='bbox 2353 5861 2707 5924; x_wconf 86' lang='lat' dir='ltr'><strong>immortalem</strong></span> <span class='ocrx_word' id='word_1_900' title='bbox 2748 5859 2979 5922; x_wconf 86' lang='lat' dir='ltr'><strong>animam</strong></span> <span class='ocrx_word' id='word_1_901' title='bbox 3014 5859 3338 5935; x_wconf 83' lang='lat' dir='ltr'><strong>pronuntiat.</strong></span> <span class='ocrx_word' id='word_1_902' title='bbox 3372 5860 3509 5925; x_wconf 66' lang='lat' dir='ltr'><strong>Pu.</strong></span> 
     </span>
    </p>
   </div>
  </div>
