4042 6288
369 484 404 638 l

423 293 520 351 80!

1388 294 1595 353 LIBER
1648 295 1738 352 DE
1787 293 2364 359 RESUBRECTIONE
2403 303 2668 364 CARNIS.

3622 318 3728 377 80?.

424 404 555 459 ditio
594 404 887 461 munietur.
945 407 1399 478 Vituperationcm
1441 408 1747 465 laudatione
1784 408 2023 479 depellas
2052 417 2098 478 Α
2131 413 2407 479 Hominem
2439 431 2617 477 autem
2647 431 2917 480 memento
2946 439 3161 483 carnem
3193 430 3405 500 proprie
3439 430 3571 498 dici,
3607 450 3728 504 qure

424 496 524 568 (Ι).
554 496 629 552 lta
659 513 758 554 nos
785 498 1098 556 rbetoricari
1118 500 1413 574 (a)quoque
1441 512 1733 574 provocant
1763 503 2021 571 haeretici,

423 590 559 644 sicut
607 590 769 645 etiam
821 591 1207 665 philosophari.
1259 593 1437 648 Futile
1485 603 1542 650 et
1597 595 1848 650 frivolum
1893 595 2028 669 illud

423 683 802 753 corpusculum
833 682 929 757 (ιι),
975 686 1117 756 quod
1156 686 1355 742 malum
1376 687 1607 761 denique
1626 688 1895 760 appellare
1916 704 2021 743 non

424 772 677 840 horrent,
712 776 813 831 etsi
841 777 1155 847 angelorum
1199 778 1386 833 fuisset
1413 779 1689 849 operatio,
1725 778 1796 852 (c)
1829 789 1885 834 ut
1911 779 2021 835 Me-

423 868 631 923 nandro
659 876 713 924 et
737 868 911 925 Marco
935 869 1138 943 placet;
1162 871 1264 925 etsi
1292 871 1432 943 ignei
1457 871 1681 943 alicujus
1706 872 2020 940 exstructio,

422 976 574 1032 teque
601 958 808 1031 angeli,
842 970 899 1016 ut
927 963 1145 1032 Apelles
1181 963 1372 1029 docet;
1427 963 1703 1021 sufﬁceret
1729 965 1795 1020 ad
1840 974 2023 1022 aucto-

423 1055 635 1111 ritatem
688 1056 866 1110 carnis
905 1057 1154 1114 secunda:
1179 1057 1474 1114 divinitatis
1506 1062 1879 1130 patrocinium.
1910 1064 2022 1116 An~
2064 1082 2071 1089 -

421 1148 571 1217 {zelus
601 1157 719 1217 post
753 1146 920 1203 Deum
976 1150 1239 1206 novimus.
1272 1150 1390 1206 Jant
1425 1167 1565 1207 nunc
1591 1192 1606 1217 ,
1644 1152 1888 1223 quisquis
1932 1152 2025 1209 ille

423 1252 664 1293 sumnms
696 1238 834 1295 Deus
864 1238 1102 1295 hmretici
1132 1242 1391 1312 cujusque
1436 1253 1548 1309 est,
1601 1258 1706 1298 non
1753 1245 2025 1301 innuerito

421 1329 490 1384 ab
516 1330 633 1400 ipso
661 1345 875 1403 quoque
904 1331 1225 1388 deducerem
1256 1335 1434 1389 carnis
1460 1334 1773 1406 dignitatem
1800 1378 1815 1402 ,
1849 1353 1875 1389 a
1918 1352 2025 1409 quo

424 1423 669 1478 voluntas
698 1421 1055 1494 producenda:
1082 1426 1129 1480 ei
1161 1425 1444 1482 adfuisset.
1476 1426 1673 1497 Utique
1714 1430 1854 1484 enim
1898 1445 2023 1500 pro-

423 1514 686 1572 hibuisset
724 1515 872 1584 ﬁeri,
902 1532 1059 1587 quam
1093 1516 1203 1574 ﬁeri
1248 1519 1469 1585 scisset,
1498 1521 1542 1573 si
1588 1521 1699 1575 ﬁeri
1740 1522 2020 1577 noluisset.

428 1606 498 1662 Ita
527 1615 581 1662 et
605 1608 900 1662 seeuudmn
930 1609 1068 1677 illes,
1101 1625 1253 1681 asque
1300 1624 1428 1665 caro
1463 1611 1552 1666 Dei
1584 1626 1688 1666 res.
1723 1611 1862 1666 Nihil
1897 1629 2023 1681 ope-

422 1698 497 1754 ris
529 1714 632 1753 non
692 1699 808 1769 ejus
832 1708 947 1769 est,
977 1700 1067 1772 qui
1096 1716 1282 1773 passus
1325 1711 1407 1757 est
1438 1717 1580 1758 esse.
1623 1703 1769 1760 Bene
1797 1714 1903 1760 aut:
1922 1720 1977 1762 ω
2002 1748 2019 1775 ,

2130 511 2274 575 prior
2302 512 2615 569 vocabulum
2649 516 2879 572 hominis
2907 519 3227 588 occupavit:
3281 520 3349 576 Et
3395 524 3541 592 ﬁnxit
3592 526 3728 582 haus

2128 598 2379 656 hominem
2443 605 2622 659 limina
2651 607 2712 660 de
2760 609 3062 667 terra..lant
3094 611 3290 679 homo,
3320 615 3408 684 qui
3440 616 3614 672 adhuc
3660 618 3727 673 li-

2127 707 2266 763 mus.
2300 694 2369 749 Et
2393 696 2676 768 insufﬂauit
2698 701 2750 754 in
2773 703 2955 772 faciem
2982 705 3092 775 ejus
3118 707 3299 774 [latam
3325 710 3471 775 vitae;
3493 720 3538 763 et
3566 715 3730 782 [actus
3762 764 3769 772 .

2127 795 2200 839 est
2231 787 2379 842 homo
2399 830 2414 854 ,
2447 790 2497 844 id
2528 801 2610 845 est
2654 791 2812 849 limus
2839 835 2855 860 ,
2900 794 2952 848 in
2981 796 3205 851 animam
3225 798 3413 854 eiram.
3465 800 3531 855 Et
3561 805 3730 872 posuit

2132 877 2267 935 Dens
2291 883 2544 937 hominem
2568 924 2583 950 ,
2609 901 2753 956 quem
2779 887 2961 956 ﬁnxit,
2993 888 3045 941 in
3085 890 3347 960 paradiso.
3382 892 3529 948 Adeo
3568 894 3729 951 homo

2130 970 2443 1042 figmentum
2474 976 2681 1045 primo,
2719 978 2914 1035 dehinc
2942 989 3103 1036 totus.
3136 982 3246 1039 Hoc
3277 999 3343 1039 eo
3380 987 3728 1042 commendas
3780 982 3787 991 ’

2131 1065 2261 1133 rint,
2292 1069 2366 1122 uti
2395 1070 2645 1139 quicquid
2677 1072 2896 1128 omnino
2924 1072 3126 1129 homini
3153 1091 3182 1128 a
3231 1076 3341 1131 Dco
3388 1091 3727 1148 prospectum
3768 1076 3781 1085 ’

2129 1167 2289 1229 atque
2311 1163 2632 1230 promissum
2660 1174 2771 1232 est,
2806 1181 2910 1221 non
2934 1166 3035 1221 soli
3064 1167 3286 1232 animm,
3320 1184 3502 1225 verum
3529 1181 3581 1226 et
3611 1188 3731 1229 car-

2130 1251 2181 1304 ni
2210 1251 2349 1306 scias
2376 1252 2646 1321 debitum;
2675 1266 2732 1310 ut
2752 1257 2795 1312 si
2827 1272 2932 1312 non
2957 1271 3023 1312 ex
3050 1261 3323 1317 consortio
3345 1264 3587 1333 generis,
3612 1281 3730 1322 cera

2131 1351 2183 1399 te
2212 1344 2293 1400 vel
2319 1359 2384 1400 ex
2419 1347 2696 1423 privilegio
2724 1351 2976 1406 nominis.

2748 1481 2978 1541 CAPUT
3015 1484 3105 1540 VI.

2200 1593 2500 1666 Persequar
2547 1596 2725 1668 itaque
2771 1605 3144 1673 propositum;
3195 1608 3243 1661 si
3297 1617 3473 1665 tamen
3524 1621 3731 1670 tantum

2130 1688 2329 1756 possim
2352 1689 2501 1744 carui
2522 1690 2821 1759 vindicare,
2845 1707 3099 1765 quantum
3126 1701 3355 1771 contulit
3374 1703 3463 1760 ille
3490 1708 3578 1774 qui
3610 1724 3729 1765 eam

423 1792 564 1863 quod
596 1792 775 1863 plures
803 1803 855 1848 et
880 1794 1124 1851 duriores
1152 1790 1379 1867 quaeque
1429 1795 1690 1852 doctrina:
1728 1806 1889 1853 totam
1919 1800 2020 1854 bo-

2131 1778 2280 1845 fecit,
2306 1779 2417 1849 jam
2449 1790 2572 1838 tunc
2612 1783 2961 1853 gloriantem,
3001 1789 3142 1860 quod
3185 1792 3273 1845 illa
3322 1795 3612 1864 pusillitas,
3663 1799 3729 1853 li-

424 1885 584 1941 minis
634 1886 995 1959 ﬁgulationem
1048 1889 1159 1946 Deo
1189 1900 1372 1946 nostro
1402 1889 1618 1946 cedunt.
1656 1890 1899 1960 Quantus
1937 1892 2023 1948 hic

422 1981 512 2044 sit,
547 1980 677 2034 satis
703 1981 877 2042 nosti.
936 1982 1024 2052 qui
1059 1982 1273 2038 unicum
1305 1981 1600 2037 credidisti.
1654 1983 1876 2054 Incipiat
1911 1986 2021 2053 jam

425 2074 517 2129 tibi
567 2090 692 2130 caro
731 2074 971 2144 placere,
1002 2058 1172 2145 cujus
1199 2076 1394 2132 artifex
1447 2084 1625 2132 tantus
1676 2090 1777 2132 ρει.
1819 2077 1925 2133 Sed
1971 2086 2026 2134 et

423 2165 686 2232 mumlus,
720 2167 923 2238 inquis,
961 2168 1053 2224 Dei
1086 2184 1219 2238 opus
1240 2176 1351 2235 est,
1381 2178 1435 2223 et
1467 2179 1644 2224 tamen
1673 2170 1895 2241 prwterit
1930 2171 2020 2225 Ita-

422 2256 556 2310 bitus
580 2257 732 2330 hujus
764 2258 938 2313 mundi
966 2299 981 2324 ,
1015 2260 1274 2329 Apostolo
1325 2274 1535 2330 quoque
1569 2271 1788 2317 auctore
1820 2261 1863 2333 (ι
1902 2261 2021 2319 Cor.

425 2347 537 2420 VII)
569 2367 581 2401 :
613 2363 711 2404 nec
733 2346 931 2405 idcirco
959 2350 1225 2406 restitutio
1249 2350 1430 2405 mundi
1465 2351 1895 2421 prmjudicabitur
1918 2351 2021 2427 (ὲ),

421 2442 543 2511 quia
568 2442 657 2498 Dei
685 2458 820 2513 opus
849 2452 949 2498 est.
985 2444 1049 2499 Et
1074 2445 1260 2513 utique
1289 2446 1331 2498 si
1366 2445 1684 2500 universitas
1711 2443 2025 2500 irreforma-

419 2534 545 2590 bilis
576 2548 697 2606 post
743 2535 1059 2603 decessum,
1105 2537 1232 2608 quid
1266 2537 1478 2608 portio?
1508 2537 1700 2605 Plane,
1752 2537 1795 2592 si
1848 2538 2023 2608 portio

420 2627 756 2683 universitati
784 2628 1113 2698 adazquatur.
1147 2628 1226 2683 Ad
1250 2629 1557 2684 distantiam
1588 2630 1730 2684 enim
1763 2644 2018 2698 provoca-

400 2738 561 2789 ,ntus.
589 2722 766 2777 Primo
786 2723 1001 2793 quidem
1024 2764 1038 2790 ,
1069 2723 1210 2794 quod
1241 2722 1418 2778 omnia
1464 2738 1715 2779 sermone
1765 2723 1857 2779 Dei
1886 2722 2022 2779 facta

418 2823 575 2878 sunt,
602 2823 655 2868 et
684 2814 799 2869 sine
829 2814 920 2870 illo
961 2814 1113 2869 nihil.
1144 2811 1281 2870 Caro
1318 2823 1493 2869 autem
1536 2825 1588 2870 et
1631 2830 1880 2871 sermone
1930 2815 2023 2871 Dei
2084 2878 2087 2883 λ

418 2892 654 2961 constitit
681 2914 899 2977 propter
916 2904 1143 2970 formam
1164 2948 1180 2973 ,
1205 2921 1273 2967 ne
1298 2905 1423 2976 quid
1449 2906 1567 2961 sine
1594 2920 1878 2962 sermone:
1916 2906 2022 2960 Fa-

418 2999 613 3052 ciamus
656 2997 798 3054 enim
840 2999 1113 3065 hominem,
1138 3008 1263 3055 ante
1310 2998 1588 3069 praemisit.
1636 2998 1705 3053 Et
1756 2999 2021 3071 amplius,

419 3105 581 3145 manu
602 3130 619 3156 ,
654 3100 870 3160 propter
900 3089 1267 3162 praelationem
1290 3130 1304 3156 ,
1336 3104 1401 3145 ue
1430 3090 1760 3146 universitati
1801 3105 2020 3161 compa-

2130 1887 2246 1925 mus
2276 1874 2324 1926 in
2356 1889 2546 1931 manus
2581 1877 2692 1944 Dei,
2722 1894 3074 1952 quacumque
3097 1893 3242 1950 sunt,
3278 1888 3549 1956 pervenit,
3600 1892 3731 1948 satis

2128 1965 2345 2035 beatus,
2394 1970 2492 2024 etsi
2545 1971 2884 2028 solummodo
2926 1985 3225 2033 contactus.
3273 1980 3415 2047 Quid
3457 1985 3631 2051 enim,
3669 1986 3731 2041 .sl

2127 2059 2273 2113 nullo
2301 2061 2529 2132 amplius
2554 2079 2717 2133 opere
2737 2105 2750 2129 ,
2781 2067 2960 2121 statim
3011 2068 3321 2138 ﬁgmentum
3366 2072 3433 2128 de
3480 2085 3731 2133 Contarttt

2131 2149 2219 2205 Dei
2250 2152 2611 2209 censtitiSSet?
2641 2155 2789 2211 Adeo
2818 2173 3002 2228 magna
3036 2176 3122 2216 res
3148 2162 3402 2232 agebatur
3424 2206 3441 2231 ,
3482 2184 3583 2235 qua
3631 2162 3743 2225 ista

2129 2244 2346 2297 materia
2378 2245 2770 2302 cxstrucbatur.
2804 2246 2984 2318 Itaque
3018 2252 3210 2308 totiens
3237 2253 3564 2324 honoratur,
3592 2276 3730 2329 quo-

2129 2335 2264 2390 tiens
2295 2351 2483 2391 manus
2516 2337 2605 2392 Dei
2635 2339 2861 2408 patitur,
2899 2338 3025 2394 dum
3061 2344 3292 2413 tangitur
3318 2386 3332 2408 ,
3361 2346 3488 2401 dum
3532 2349 3725 2404 decc:-

2126 2428 2270 2498 pitur
2288 2470 2302 2495 ,
2323 2427 2450 2484 dum
2473 2429 2757 2486 deducitur
2773 2473 2788 2498 ,
2811 2432 2936 2487 dttm
2964 2433 3255 2506 effingitur.
3279 2437 3533 2510 Recogita
3560 2445 3739 2498 tetum‘

2128 2518 2202 2572 illi
2235 2519 2398 2575 Deum
2427 2532 2742 2592 occupatum
2774 2538 2836 2578 ac
2877 2523 3115 2580 deditum
3147 2526 3228 2599 (4)
3254 2569 3269 2593 ,
3300 2544 3493 2603 manu,
3523 2547 3684 2587 sensu
3711 2574 3726 2599 ,

2125 2626 2292 2682 opere
2317 2655 2332 2678 ,
2361 2613 2947 2693 consilio,‘sapiemia,
2978 2617 3307 2688 providentia
3335 2662 3352 2688 ,
3383 2631 3438 2677 et
3473 2623 3582 2694 ipsa
3626 2625 3731 2690 im;

2129 2705 2316 2775 primis
2343 2705 2656 2775 aﬂ'ectioae,
2690 2724 2809 2778 qum
2838 2707 3143 2766 liniamenta
3172 2712 3400 2770 ducebat
3423 2716 3521 2785 (ὅ).
3551 2717 3731 2784 Quod-

2127 2814 2354 2871 cumque
2381 2802 2522 2855 cnim
2551 2801 2711 2858 limus
2731 2803 3158 2873 exprimebatur,
3204 2804 3276 2878 (f)
3306 2807 3551 2867 Christus
3581 2814 3728 2882 cogi—

2129 2894 2338 2948 tabatur
2363 2893 2525 2949 homo
2570 2895 2780 2951 futurus
2808 2938 2823 2962 ,
2854 2898 2994 2967 quod
3027 2908 3080 2953 et
3120 2900 3310 2968 limus,
3363 2912 3418 2957 et
3442 2920 3568 2959 caro
3616 2922 3731 2960 ser-

2128 3001 2214 3041 mo
2242 2983 2356 3058 (6),
2392 2986 2532 3057 quod
2560 2996 2614 3042 et
2641 2996 2782 3043 terra
2811 2997 2954 3043 tunc.
2987 2989 3077 3044 Sic
3105 2992 3247 3045 enim
3277 2994 3521 3063 praefatio
3551 2996 3729 3055 Patris

2127 3077 2192 3130 ad
2225 3075 2417 3131 Filium
2449 3095 2462 3131 :
2496 3076 2773 3133 Faciamus
2799 3078 3054 3134 hominem
3083 3083 3155 3136 ad
3178 3083 3448 3155 imaginem
3488 3097 3535 3141 et
3581 3089 3729 3142 simi-

419 3191 651 3237 raretur.
683 3180 747 3235 Et
773 3181 954 3250 ﬁnxit,
981 3182 1185 3252 inquit,
1221 3180 1357 3236 Dens
1380 3181 1650 3236 heminem.
1681 3180 1882 3253 Magna?
1910 3184 2026 3239 sine
2052 3203 2095 3264 ρ
2130 3167 2395 3222 lilndinem
2420 3178 2664 3223 nostram.
2708 3167 2774 3223 Et
2805 3171 2921 3240 fecit
2968 3171 3221 3227 hominem
3270 3174 3428 3231 Deus.
3456 3177 3511 3233 Id
3547 3180 3729 3250 utique

417 3273 583 3327 dubio
604 3272 916 3328 differentia:
944 3274 1078 3328 ratio
1099 3316 1112 3340 ,
1145 3289 1242 3345 pro
1262 3272 1569 3328 conditione
1589 3273 1794 3330 scilicet
1821 3290 2024 3332 rerum.

418 3367 623 3423 Minora
681 3367 823 3422 enim
871 3381 990 3438 quae
1023 3366 1252 3431 fiebant,
1291 3381 1358 3422 eo
1383 3366 1468 3423 cui
1497 3367 1715 3421 ﬁebant.
1749 3366 2022 3438 Siquidem

419 3459 625 3516 homini
658 3459 880 3524 ﬁebant,
912 3458 997 3515 cui
1031 3476 1154 3515 mox
1182 3475 1211 3514 a
1239 3459 1352 3515 Deo
1391 3458 1615 3514 addicta.
1646 3469 1792 3514 sunt.
1839 3461 2026 3516 Merito

417 3552 616 3623 igitur,
647 3550 728 3624 (ά)
767 3562 823 3606 ut
869 3552 1061 3607 famula
1083 3592 1098 3614 .
1125 3551 1274 3621 juss’u
1302 3561 1355 3607 et
1385 3550 1648 3622 imperio,
1674 3561 1727 3606 et
1766 3553 1876 3607 sola
1931 3569 2024 3607 vo-

417 3642 579 3699 cabili
623 3641 702 3716 (5)
739 3650 1005 3715 potestate
1047 3643 1296 3698 universa
1345 3650 1740 3714 processerant.
1793 3644 2027 3712 Contra,

421 3736 616 3801 homo,
642 3744 698 3790 ut
725 3734 976 3790 dominus
996 3750 1184 3790 eorum
1205 3777 1219 3801 ,
1247 3735 1298 3790 in
1322 3737 1425 3791 hoc
1450 3735 1518 3790 ab
1545 3736 1661 3805 ipso
1690 3738 1797 3792 Deo
1819 3747 2031 3793 exstru-

421 3837 545 3884 ctus
569 3839 680 3897 est,
715 3838 773 3883 ut
795 3827 1044 3885 dominus
1071 3842 1192 3884 esse
1218 3837 1429 3899 posset,
1457 3827 1586 3884 dum
1616 3830 1742 3885 sita
1772 3829 2027 3887 Domino.

2130 3264 2271 3334 quod
2343 3262 2545 3329 ﬁnxit,
2623 3264 2688 3319 ad
2766 3265 3049 3338 imaginem
3132 3267 3225 3325 Dei
3316 3271 3439 3326 fecit
3520 3273 3665 3329 illum
3706 3317 3721 3341 ,

2132 3355 2339 3421 scilicet
2420 3355 2640 3411 Christi.
2699 3343 2780 3411 ’Et
2856 3359 3046 3413 Sermo
3113 3362 3257 3416 enim
3377 3364 3513 3420 Deus
3554 3407 3568 3431 ,
3635 3370 3725 3438 qni

2133 3449 2185 3501 in
2258 3446 2436 3519 efﬁgie
2512 3449 2601 3503 Dei
2655 3450 2976 3505 constitutus
3020 3491 3036 3516 ,
3121 3450 3221 3526 (g)
3302 3469 3407 3510 non
3484 3459 3725 3528 rapinam

2131 3543 2451 3597 exisﬁmavit
2487 3542 2678 3612 pariari
2707 3540 2787 3615 (7)
2832 3543 2960 3598 Deo.
3001 3543 3076 3599 Ita
3109 3546 3269 3602 limus
3299 3549 3420 3617 ille,
3448 3550 3559 3622 jam
3598 3563 3724 3610 tunc

2133 3634 2418 3705 imaginem
2465 3634 2691 3689 induens
2720 3634 2918 3690 Christi
2961 3634 3125 3694 futuri
3156 3640 3206 3696 in
3232 3655 3417 3710 carne,
3449 3660 3556 3699 n::n
3604 3656 3793 3702 tan-.t

2133 3735 2242 3781 tum
2274 3726 2365 3780 Dei
2395 3740 2530 3794 Opus
2575 3734 2710 3792 crat,
2739 3726 2834 3781 sed
2860 3738 2915 3782 et
2943 3729 3156 3800 pignus.
3211 3732 3329 3799 Quo
3369 3752 3512 3792 nunc
3559 3738 3721 3806 facit,

2134 3821 2198 3877 ad
2239 3819 2607 3876 infuscandam
2636 3820 2896 3891 originem
2920 3824 3118 3892 carnis,
3149 3841 3344 3885 nomen
3392 3840 3547 3888 terra:
3592 3849 3724 3894 ven-

1676 3939 2061 3996 LECTIONES
2097 3938 2185 3995 VA
2195 3931 2513 3991 RIANTES.

483 4034 555 4096 (ι)
590 4035 962 4098 Vituperatione
983 4031 1265 4086 laudatione
1287 4033 1475 4098 dipulsa
1496 4031 1650 4086 Rhea.
1671 4032 1783 4087 cod.
1808 4031 1943 4086 Pith.

483 4097 556 4157 (‘2)
591 4097 938 4157 l’rtejudieatur
963 4098 1114 4147 Rhea.

504 4108 556 4173 Ξ)
590 4108 938 4173 ljrtejnuteatur
950 4108 1114 4173 'itlaea.

483 4105 556 4223 qq
591 4105 938 4171 tjraejuuieatur
963 4105 1114 4147 aueo.

481 4164 557 4286 ὅ)
589 4157 1235 4274 Βὲἳιέἓαὲἰ⁴ιὶζ¹²ίυ¹ῗέεῗῖ¹έερηι.

491 4403 956 4476 CAP.V.—(a)lta
973 4421 1064 4476 nos
1081 4401 1616 4476 rhetoricariMiuime
1630 4401 2016 4476 libcmer_anti-

418 4478 512 4552 qui
554 4479 740 4552 Patres
763 4473 1112 4552 philosophiae
1130 4485 1187 4552 et
1203 4475 1521 4544 eloquentia:
1545 4474 1687 4527 rivos
1713 4473 2013 4552 vertebant,

417 4546 555 4621 quos
584 4546 843 4621 tnotlestia
874 4546 1468 4621 sua’continebmttaac
1509 4555 1787 4621 [)rOjtterea
1830 4546 2014 4621 :S‘imou

418 4614 608 4694 titagus
630 4619 694 4694 (ll
725 4636 928 4694 recogn.
945 4614 1219 4694 Clem.)
1244 4615 1577 4694 etdulianus,
1603 4614 2017 4694 etnporpbyrius

418 4684 559 4761 apu'd
583 4684 891 4757 Eusebium,
912 4684 1235 4759 ohjiciebant
1249 4684 1571 4761 Christianis
1594 4684 1943 4761 philosonhia:
1964 4694 2019 4740 et

418 4756 744 4834 eloquentia:
785 4756 1136 4839 imperitiam;
1168 4760 1261 4839 sed
1305 4773 1464 4839 quam
1509 4756 1660 4839 falso,
1693 4756 2019 4839 convincunt

418 4829 813 4899 elegantissima
844 4829 898 4887 et
924 4831 1276 4887 disertissima
1323 4829 1539 4884 Patrum
1580 4830 1877 4899 volumina,
1926 4829 2015 4899 qui

418 4851 503 4889 Cle
541 4851 813 4889 zmllSSIma
844 4851 898 4887 ει
924 4851 1276 4887 urserussuna
1324 4851 1539 4884 rutrum
1581 4851 1835 4881 vutumttta

418 4909 487 4960 ab
505 4851 779 4960 {haereticis
798 4904 968 4959 coacti
1001 4903 1153 4973 plena
1184 4901 1382 4973 ﬂuenta
1409 4900 1687 4973 fuderunt;
1708 4898 1835 4953 Lac.

491 4977 568 5049 (b)
595 4968 1150 5049 Coi'pu'sculttnt,:qttod
1179 4972 1370 5049 malum
1399 4971 1626 5049 denique.
1654 4968 1789 5049 Puto
1815 4973 2015 5049 Aucto-

419 5042 841 5118 rem'respicere
871 5047 935 5099 ad
965 5042 1245 5100 Marcionis
1277 5043 1507 5098 hzrresin
1535 5060 1550 5097 :
1581 5042 1775 5118 quippe
1801 5042 1888 5110 qui
1907 5084 1921 5107 ,
1951 5056 2017 5095 eo

418 5121 539 5189 ipso
567 5112 679 5189 quo'
696 5118 932 5194 diccbat,
965 5130 1160 5194 Qt‘tl‘lllls
1189 5121 1491 5194 creatunra
1523 5112 1683 5194 man
1714 5113 1820 5165 Deo
1850 5123 1899 5166 et
1948 5127 2014 5166 ex

416 5183 641 5245 materia
690 5189 866 5248 mala,
911 5183 1168 5242 indirecte
1216 5183 1570 5240 concludebat
1616 5183 1774 5237 ctiam
1820 5197 2015 5252 corpus

421 5262 619 5315 malum
649 5274 790 5315 esse.
821 5259 1018 5315 Verum
1043 5259 1279 5327 apertius
1306 5271 1430 5312 eum
1459 5269 1699 5311 errorem
1729 5261 1908 5324 postea
1930 5268 2015 5309 se-

418 5332 525 5387 cuti
554 5342 676 5387 sunt
703 5330 1000 5386 Manicha'i.
1035 5329 1169 5386 Pu.

491 5402 567 5473 (c)
600 5401 668 5459 Ut
692 5402 977 5473 Menandro
1004 5410 1051 5456 et
1082 5402 1261 5473 Marco
1286 5399 1471 5471 placet.
1495 5395 1731 5468 Angelos
1759 5392 2012 5473 mundum

417 5465 667 5547 creasse,
697 5483 753 5530 et
780 5472 1002 5547 proinde
1022 5473 1181 5547 etiam
1211 5465 1494 5526 humanam
1518 5465 1764 5547 carnem.
1794 5465 2013 5547 Menan-

414 5547 500 5603 dri
533 5546 630 5602 l’uit
676 5561 797 5620 cum
837 5544 1060 5620 Simone
1098 5543 1253 5620 Mago
1294 5543 1674 5620 suo-magistro
1715 5543 2015 5620 communis

416 5620 669 5684 haeresis,
694 5616 851 5672 sicuti
875 5630 1037 5685 supra
1064 5607 1244 5685 videre
1273 5624 1355 5669 est
1382 5611 1477 5668 lib.
1510 5607 1573 5664 de
1593 5607 1889 5678 Prwscript.
1919 5608 2014 5660 ad-

414 5705 588 5762 versas
609 5684 875 5762 hereticos
903 5684 1022 5762 cap.
1068 5684 1155 5741 46.
1184 5684 1359 5762 ΡΑΙ.-
1435 5754 1447 5762 Δ
1542 5760 1549 5762 A
1616 5748 1666 5762 __
1700 5740 1770 5762 ,η
1838 5759 1848 5762 _

491 5759 573 5832 (d)
603 5758 670 5814 Ut
695 5758 909 5832 famula,
932 5748 1082 5832 jussu
1105 5765 1152 5811 et
1181 5754 1589 5832 itnperio.Acttte
1616 5748 1702 5805 hic
1726 5748 2009 5831 Tertullia-

413 5824 562 5897 nus,
582 5824 730 5900 qnaSi
752 5829 862 5899 jam
894 5824 1020 5884 tunc
1050 5828 1103 5883 in
1129 5842 1309 5884 rerum
1338 5824 1609 5882 creatione
1631 5834 1723 5879 eas
1749 5824 1890 5893 ipsas
1919 5824 2002 5876 iu-

2182 4031 2256 4155 25)
2293 4027 2539 4078 Ductabat
2559 4028 2702 4076 Pam.
2730 4027 2881 4078 Fraa.
2907 4028 3121 4084 decebat
3140 4030 3292 4087 Rhea.
3317 4038 3533 4094 dictabat
3555 4041 3660 4095 alii.

2207 4095 2258 4155 6)
2293 4092 2467 4155 Sermo
2487 4103 2600 4139 caro
2617 4090 2770 4155 Fran,
2798 4093 2942 4155 Pam.

2207 4090 2258 4155 6')
2293 4092 2467 4155 Sermo
2487 4103 2600 4139 caro
2617 4090 2770 4155 Fran,
2798 4093 2942 4155 Pam.

2042 4193 2094 4254 Β
2181 4150 2250 4220 (η
2286 4155 2382 4204 Par
2406 4150 2558 4204 Rhea.
2580 4154 2710 4216 paria
2736 4153 2898 4205 Geten.
2925 4168 3094 4220 parem
3118 4172 3231 4212 esse
3254 4159 3360 4214 alii.

1785 4306 1970 4364 (1031.“
1982 4304 2345 4364 iCNTARlUS.

2120 4409 2441 4477 augurarer,
2494 4414 2589 4477 seu
2639 4399 2927 4477 instrueret
2976 4399 3114 4457 Deus
3164 4406 3440 4477 servituti,
3490 4410 3724 4473 hominis

2121 4469 2364 4551 imperio.
2402 4469 2638 4539 Etjussu
2671 4470 2993 4551 faeta-sunt;
3029 4486 3183 4551 secus
3210 4474 3402 4551 homo.
3426 4469 3518 4551 qui
3552 4469 3724 4541 dumi:

2122 4541 2221 4599 nus
2250 4545 2454 4629 futurus
2478 4551 2645 4624 esset,
2671 4558 2773 4595 non
2809 4541 3032 4629 imperio
3063 4543 3260 4612 factus,
3294 4550 3388 4629 sed
3419 4541 3483 4606 ad
3529 4555 3721 4629 imagi-

2122 4632 2241 4670 nem
2296 4615 2418 4675 Dei,
2451 4613 2538 4682 qui
2566 4613 2840 4683 imperans
2874 4622 2954 4667 est
2993 4654 3007 4676 ,
3039 4627 3280 4672 summus
3312 4621 3477 4676 factus
3522 4638 3604 4680 est
3637 4613 3720 4683 ἵει)

2120 4688 2235 4755 ipso
2251 4686 2503 4766 Domino.
2535 4682 2664 4737 Nam
2687 4697 2807 4766 esse
2830 4684 3112 4751 imaginem
3140 4686 3233 4766 Dei
3258 4688 3527 4766 hominem
3553 4739 3564 4758 ,
3589 4682 3718 4766 jnx;

2122 4754 2171 4833 ta
2207 4757 2420 4833 aliquos
2450 4754 2658 4833 Patres,
2689 4754 2959 4833 inurerqm
3009 4759 3245 4833 ominum
3275 4760 3502 4833 imperio
3548 4754 3713 4825 stetit.

2118 4824 2350 4883 Isidorus
2378 4828 2555 4881 Polus.
2587 4826 2680 4880 lib.
2710 4824 2797 4891 lll,
2820 4825 2978 4895 epist.
3008 4827 3096 4883 95.
3123 4827 3255 4885 Lac.

2191 4921 2268 4990 (c)
2303 4917 2487 4981 Homo,
2524 4919 2575 4990 id
2604 4926 2677 4971 est
2711 4917 2883 4990 limus.
2921 4936 2939 4968 ί
2979 4918 3171 4986 Adam,
3203 4920 3385 4990 homo,
3440 4927 3552 4983 sire
3611 4942 3718 4987 tero

2120 4988 2302 5054 tenus,
2334 5000 2427 5044 aut
2453 4988 2834 5059 indigena,\°el
2868 4998 3002 5042 terra
3033 4992 3214 5058 rubra,
3253 5012 3272 5045 ι
3319 4988 3395 5050 ait
3423 4997 3484 5053 Β.
3519 5000 3714 5059 Hiero-

2121 5077 2332 5135 nymus,
2357 5063 2420 5115 de
2452 5058 2608 5113 Nom.
2641 5058 2798 5112 Hebr.
2832 5058 2964 5113 Enn.

2189 5152 2514 5233 CAP.VI.—
2528 5150 2592 5221 (Γ)
2606 5149 2835 5233 Christus
2848 5150 3161 5233 cogitabatur
3181 5154 3330 5211 homo
3355 5163 3559 5231 futurus
3579 5167 3717 5233 quod

2118 5236 2163 5305 et
2190 5226 2379 5305 limus,
2404 5236 2449 5276 et
2471 5232 2810 5305 carosernto,
2836 5221 2973 5305 quod
2998 5232 3043 5275 et
3066 5234 3208 5305 terra
3225 5221 3372 5305 tunc:
3403 5232 3527 5288 Hatc
3553 5221 3714 5305 aper-

2121 5297 2251 5351 tiora
2287 5295 2534 5347 videntur
2559 5291 2988 5365 distinctionibus
3013 5294 3266 5365 adhibitis
3289 5338 3305 5365 ,
3340 5310 3396 5354 ut
3436 5305 3485 5356 in
3533 5291 3717 5361 ex'em-

2119 5368 2249 5444 plari
2269 5365 2548 5421 Pithceano
2571 5361 2824 5416 :Christas
2853 5361 3167 5444 cogitabatur
3187 5361 3337 5423 homo
3357 5375 3558 5441 futurus
3578 5378 3719 5444 quod

2117 5431 2162 5493 et
2192 5439 2340 5493 limus
2368 5445 2416 5491 et
2443 5451 2594 5498 caro;
2622 5448 2786 5486 sermo
2810 5431 2945 5499 quod
2975 5442 3020 5484 et
3042 5444 3175 5489 terra
3203 5448 3339 5493 tunc.
3357 5431 3495 5499 'litc.

2189 5531 2267 5604 (ε)
2298 5529 2417 5604 Non
2448 5529 2680 5604 rapinam
2707 5523 3228 5604 tiaristinmt'itnpariari
3259 5530 3386 5585 Deo.
3436 5536 3565 5590 Nam
3619 5542 3710 5598 hci

2116 5613 2172 5660 et
2196 5594 2573 5676 Domini,__hoe
2602 5595 2884 5676 estRPatris
2909 5603 2979 5676 et_
3007 5594 3228 5676 Filiines
3270 5617 3423 5676 ςυςιμο
3444 5594 3713 5676 “Mum;

2117 5684 2219 5740 es"
2252 5664 2655 5747 inquitcwgor.
2677 5666 2902 5745 Baeticus
2921 5664 3021 5747 Ilii).
3038 5667 3106 5747 de
3123 5664 3279 5733 Fide;
3296 5664 3489 5747 deinde
3505 5664 3710 5747 adjicit;

2119 5733 2217 5801 Det.
2240 5733 2384 5799 enim
2415 5733 2671 5821 voluntas
2686 5748 2738 5792 et
2764 5733 3082 5803 cujuslibet,
3114 5751 3218 5791 non
3247 5748 3421 5797 tamen
3454 5745 3541 5799 Dei
3570 5733 3589 5814 ξ

2115 5819 2253 5873 riare
2278 5830 2381 5869 non
2409 5822 2603 5885 ροτρεῑ.
2635 5811 2750 5865 llic.
3571 5811 3579 5814 τ
3616 5811 3631 5821 -
3772 5826 3779 5829 .
