4042 6288
381 344 492 405 805

1526 353 1615 411 DE
1654 351 2231 415 RESURRECTIONE
2267 357 2537 418 CARNIS.

3574 369 3680 427 806

384 463 550 519 maris
600 478 765 536 grana
798 464 1113 533 candentia;
1163 481 1269 523 non
1298 467 1542 541 plumbo,
1576 482 1683 525 non
1714 485 1844 535 mre,
1873 486 1980 525 non
2007 471 2062 534 Α
2086 466 2392 540 deputatur,
2432 489 2655 534 consors
2705 485 2759 535 et
2800 478 3109 539 cohaeredes
3138 481 3428 544 invenitur.
3462 483 3519 544 Si
3547 493 3685 544 temo
3707 494 3739 527 ³

384 553 554 624 ferro,
586 554 660 628 (a)
690 572 757 613 ne
787 568 1010 629 argento
1034 573 1247 631 quoque
1287 560 1613 633 oblaquees;
1645 562 1741 618 sed
1766 562 1980 619 electis-

385 649 526 706 simo
576 658 630 705 et
656 651 873 722 insuper
897 653 1282 723 operosissimo
1309 653 1604 711 descrobes
1636 670 1801 724 auro;
1841 655 1981 711 vinis

388 746 514 801 item
543 744 623 819 (1)
649 755 704 801 ct
747 748 1034 819 unguentis
1077 749 1480 820 pretiosissimis
1515 750 1816 824 quibusque
1856 767 1981 808 vas-

386 838 630 894 culorum
660 840 807 910 prius
832 843 1237 913 congruentiam
1280 858 1472 910 cures;
1504 843 1729 915 proinde
1757 843 1829 917 (b)
1861 860 1983 916 per-

385 933 540 991 fectae
581 933 660 1008 (2)
705 936 988 1007 lerruginis
1020 935 1107 1009 (5)
1140 936 1332 1008 gladiis
1385 937 1693 1008 vaginarum
1731 937 1983 1009 adaeques

386 1026 703 1100 dignitatem
735 1046 750 1086 :
779 1030 921 1086 Deus
951 1045 1080 1086 vero
1117 1031 1313 1086 animae
1343 1046 1455 1087 sua:
1502 1033 1743 1087 umbram
1763 1074 1778 1100 ,
1820 1032 1981 1103 spiri—

388 1130 475 1179 tus
527 1122 608 1178 sui
635 1137 846 1192 auram,
891 1124 1001 1179 oris
1045 1125 1129 1180 sui
1157 1138 1401 1195 operam,
1433 1125 1698 1180 vilissimo
1726 1122 1795 1198 (ε)
1823 1125 1981 1181 alicui

386 1215 719 1272 commiserit
773 1216 999 1287 capulo,
1063 1225 1117 1273 et
1159 1216 1378 1290 indigne
1436 1216 1750 1274 collocando
1797 1218 1981 1289 utique

385 1306 740 1364 damnaverit.
771 1304 1069 1365 Collocavit
1096 1320 1303 1376 autem,
1354 1325 1421 1364 an
1453 1309 1632 1380 potius
1673 1310 1899 1366 inseruit
1927 1320 1982 1367 et

387 1401 678 1459 immiscuit
719 1403 902 1473 carni,
946 1411 1094 1459 tanta
1125 1402 1341 1475 quidem
1383 1403 1769 1470 concretione,
1822 1412 1877 1459 ut
1904 1404 1985 1459 in-

386 1503 595 1550 certum
647 1494 834 1550 haberi
886 1496 1058 1566 possit
1112 1504 1362 1575 utrumne
1406 1511 1533 1553 caro
1585 1497 1860 1564 animam,
1916 1512 1986 1552 an

386 1600 611 1641 carnem
664 1586 843 1640 anima
882 1587 1249 1655 circumferat;
1307 1596 1556 1645 utrumne
1597 1588 1789 1643 animae
1833 1602 1983 1656 caro,

391 1694 462 1735 an
502 1679 677 1734 anima
719 1678 1080 1753 appareat(4)
1111 1682 1279 1737 carni.
1323 1680 1430 1737 Sed
1472 1688 1527 1736 et
1553 1680 1630 1753 (5)
1672 1680 1841 1753 magis
1871 1680 1987 1735 ani—

2087 564 2366 635 poralium,
2421 581 2519 624 cur
2560 585 2665 626 non
2695 580 2750 627 et
2775 574 3146 631 aeternorum?

2208 714 2212 719 .
2676 660 2906 721 CAPUT
2937 664 3069 721 VIII.

2161 750 2369 809 Ethatc
2416 754 2656 826 quidem,
2702 758 2850 814 velut
2877 759 2946 815 dc
2992 760 3199 831 publica
3235 762 3406 819 forma
3435 763 3683 824 humanm

2086 842 2406 900 conditionis
2442 846 2494 901 in
2556 846 2865 919 suffragium
2925 849 3004 923 (9)
3053 854 3201 909 carni
3250 858 3678 925 procuraverim.

2093 934 2378 992 Videamus
2420 953 2561 995 nunc
2591 939 2659 996 de
2700 942 2914 1013 propria
2943 943 3107 999 etiam
3132 944 3411 1002 christiani
3444 951 3682 1006 nominis

2088 1024 2279 1094 for-ina,
2307 1040 2503 1099 quanta
2547 1031 2673 1087 huic
2701 1032 3033 1103 substantiae,
3067 1035 3273 1093 frivolae
3323 1053 3388 1094 ac
3413 1040 3643 1097 sordidae
3664 1083 3680 1107 ,

2087 1119 2226 1190 apud
2257 1120 2425 1176 Deum
2450 1125 2799 1194 prterogativa
2830 1125 2903 1181 sit
2933 1145 2945 1181 :
2979 1135 3032 1182 et
3053 1128 3097 1183 si
3121 1128 3390 1186 sufﬁceret
3417 1132 3513 1199 illi,
3539 1136 3680 1203 quod

2088 1214 2230 1269 nulla
2254 1215 2473 1270 omnino
2497 1218 2675 1272 anima
2700 1218 2925 1275 salutem
2954 1223 3128 1290 possit
3153 1223 3393 1294 adipisci,
3426 1226 3529 1282 nisi
3555 1227 3685 1285 dum

2087 1313 2168 1359 est
2198 1303 2313 1379 (10)
2349 1305 2401 1361 in
2455 1321 2618 1365 carne
2656 1309 2982 1367 crediderit:
3014 1312 3150 1369 adeo
3191 1330 3318 1372 caro
3369 1318 3557 1375 salutis
3601 1331 3685 1377 cst

2089 1397 2272 1452 cardo.
2340 1398 2580 1477 Denique
2630 1400 2766 1472 (11)
2815 1418 2939 1459 cum
2998 1405 3176 1460 anima
3232 1406 3343 1463 Deo
3400 1410 3681 1482 allegitur,

2236 1500 2320 1546 est
2522 1482 2696 1590 efﬁcit
2735 1504 2791 1549 ut
2828 1497 3006 1590 anima
3046 1497 3200 1570 allegi
3233 1502 3420 1570 possit.
3469 1503 4035 1590 Scilicetymm

2096 1582 2366 1654 (12)earo
2393 1583 2644 1654 abluitur,
2695 1597 2754 1643 ut
2798 1589 2977 1644 anima
3020 1592 3383 1661 emaculetur;
3416 1610 3543 1652 caro
3586 1614 3688 1653 un-

2090 1677 2253 1747 gitur,
2307 1685 2363 1732 ut
2404 1678 2582 1734 anima
2625 1693 3000 1750 consecretur;
3050 1698 3177 1740 caro
3220 1687 3480 1757 signatur,
3527 1700 3586 1746 ut
3633 1702 3686 1747 et

386 1788 539 1831 mam
562 1774 738 1830 invehi
766 1785 926 1846 atque
950 1774 1211 1832 dominari
1238 1775 1564 1833 credendum
1593 1784 1697 1841 est,
1729 1784 1789 1831 ut
1815 1775 1984 1847 magis
2014 1785 2064 1846 Β
2092 1771 2270 1825 anima
2307 1772 2601 1839 multiatur;
2644 1788 2771 1829 eam
2802 1790 2991 1832 manus
3017 1778 3356 1849 impositionc
3396 1783 3687 1842 adumbra-

386 1866 502 1923 Dco
529 1867 848 1938 proximam.
901 1867 1015 1924 Hoc
1043 1882 1258 1940 quoque
1286 1868 1352 1925 ad
1386 1856 1612 1939 gloriam
1642 1868 1818 1924 carnis
1848 1883 1986 1923 exu-

312 1996 317 2005 -
386 1960 564 2024 Iterat,
617 1960 759 2032 quod
805 1962 1106 2032 proximam
1145 1962 1257 2018 Deo
1305 1970 1360 2019 et
1400 1962 1668 2028 continet,
1715 1969 1769 2016 et
1816 1960 1985 2031 ipsius

386 2052 768 2109 dominationis
804 2065 1108 2136 compotem
1137 2063 1379 2125 praestat.
1408 2054 1577 2122 Quem
1604 2055 1748 2111 enim
1779 2064 1983 2112 natura:

386 2160 570 2210 usum,
596 2161 754 2217 quem
788 2146 970 2202 mundi
997 2146 1252 2216 fructum,
1294 2162 1451 2219 quem
1476 2147 1864 2203 elementorum
1895 2161 1984 2201 sa-

386 2254 600 2311 porem,
636 2253 741 2295 non
772 2254 866 2310 per
894 2253 1113 2295 carnem
1159 2241 1337 2295 anima
1376 2239 1717 2310 depascitur?
1762 2237 1986 2310 quidni?

386 2348 487 2405 per
531 2349 691 2405 quam
732 2334 879 2389 omni
934 2334 1290 2390 instrumento
1324 2349 1540 2390 sensum
1587 2333 1717 2389 {ulla
1753 2341 1836 2390 est
1883 2333 1981 2405 (6),

388 2427 527 2495 visu,
559 2426 762 2494 auditu,
787 2436 965 2498 gustu,
992 2426 1240 2493 odoratu,
1270 2434 1549 2493 contactu;
1604 2440 1697 2496 per
1721 2440 1877 2496 quam
1905 2424 1989 2480 di-

300 2576 307 2589 ,
387 2521 508 2575 vina
554 2529 819 2591 potestate
844 2533 1089 2591 respersa
1119 2527 1221 2586 est,
1247 2519 1377 2575 nihil
1406 2536 1511 2574 non
1538 2533 1793 2575 sermone
1823 2519 1985 2589 perli-

322 2651 367 2687 ι
386 2615 535 2671 ciens
577 2615 660 2671 vel
690 2613 849 2669 tacite
880 2595 1179 2684 praimisso.
1212 2612 1277 2667 Et
1304 2628 1484 2668 sermo
1518 2612 1662 2668 enim
1689 2612 1758 2668 de
1784 2626 1986 2683 organo

387 2706 568 2763 carnis
612 2715 729 2773 est;
777 2717 921 2763 artes
950 2722 1047 2778 per
1083 2721 1335 2771 carnem;
1368 2707 1566 2771 studia,
1616 2708 1859 2779 ingenia,
1894 2726 1988 2781 per

387 2814 639 2864 carnem;
667 2790 865 2870 opera,
898 2799 1132 2870 negotia,
1165 2796 1339 2854 ot’ﬁcia
1360 2839 1375 2864 ,
1410 2812 1503 2867 per
1527 2813 1743 2855 carnem
1778 2818 1793 2854 :
1826 2810 1987 2872 atque

387 2889 524 2946 adeo
551 2890 633 2965 (ά)
682 2900 850 2947 totum
882 2891 1059 2945 vivere
1086 2890 1278 2946 animae
1325 2888 1504 2944 carnis
1548 2899 1650 2957 est,
1678 2888 1746 2961 (ε)
1777 2901 1835 2946 ut
1880 2907 1985 2947 non

387 2983 571 3039 vivere
612 2983 807 3037 animm
846 2981 975 3037 nihil
1024 2981 1166 3036 aliud
1221 2981 1311 3047 sit,
1359 2995 1521 3051 quam
1547 2996 1577 3036 a
1608 2995 1771 3038 carne
1798 2982 1987 3039 dever—
2026 3026 2031 3031 .

2091 1875 2198 1932 tur,
2234 1875 2289 1920 ut
2339 1874 2394 1922 et
2436 1867 2614 1922 anima
2642 1867 2832 1938 Spiritu
2878 1869 3241 1939 illuminetur;
3287 1889 3412 1931 caro
3458 1892 3684 1949 corpore

2090 1966 2146 2013 et
2173 1959 2430 2030 sanguine
2473 1957 2670 2015 Christi
2713 1960 2966 2030 vescitur,
3001 1972 3058 2017 ut
3100 1972 3155 2019 et
3191 1966 3366 2021 anima
3399 1968 3509 2024 Deo
3539 1972 3679 2042 sagi-

2092 2049 2365 2123 netur(f).
2414 2050 2530 2106 Non
2580 2062 2806 2121 possunt
2850 2067 2977 2125 ergo
3028 2058 3267 2126 separari
3307 2059 3359 2113 in
3412 2063 3682 2130 mercede,

2091 2156 2225 2211 quas
2273 2156 2438 2213 opera
2484 2143 2776 2215 conjungit.
2829 2143 2961 2200 Nam
2996 2155 3051 2202 et
3089 2148 3349 2205 sacriﬁcia
3378 2150 3490 2208 Deo
3513 2162 3685 2223 grata,

2090 2234 2513 2291 conﬁictationes
2539 2235 2660 2292 dico
2692 2237 2907 2306 animm,
2929 2238 3153 2310 jejunia,
3186 2251 3243 2297 et
3268 2257 3417 2299 seras
3437 2253 3492 2301 et
3510 2247 3689 2303 aridas

2090 2344 2264 2396 escas,
2296 2338 2352 2385 et
2379 2328 2457 2403 (θ)
2487 2331 2812 2402 appendices
2841 2332 3001 2403 hujus
3036 2333 3196 2391 ofﬁcii
3226 2337 3435 2404 sordes,
3468 2355 3595 2396 caro
3620 2343 3688 2399 de

2090 2421 2309 2492 proprio
2360 2437 2460 2479 suo
2500 2422 2840 2480 incommodo
2893 2425 3153 2482 instaurat
3204 2428 3345 2501 (15).
3398 2431 3688 2503 Virginitas

2089 2527 2299 2585 quoque
2325 2523 2379 2569 et
2410 2512 2659 2583 viduitas,
2693 2524 2748 2572 et
2777 2516 2855 2588 (Ii)
2895 2517 3137 2577 modesta
3188 2521 3240 2576 in
3265 2523 3473 2579 occulto
3506 2528 3689 2581 matri-

2089 2606 2255 2660 monii
2299 2604 2674 2673 dissimulatio,
2728 2618 2782 2665 et
2826 2625 2929 2665 una
2978 2612 3164 2667 notitia
3231 2617 3368 2684 ejus,
3416 2615 3483 2671 de
3533 2616 3689 2672 bonis

2092 2699 2272 2755 carnis
2302 2699 2411 2755 Deo
2441 2698 2729 2776 adolentur
2757 2701 2892 2773 (14).
2925 2704 3039 2775 Age
3062 2704 3195 2775 jam,
3225 2707 3352 2777 quid
3375 2708 3443 2763 de
3480 2724 3542 2764 ea
3565 2725 3690 2766 sen-

2094 2794 2183 2862 tis,
2215 2807 2338 2848 cum
2369 2793 2433 2864 (i)
2468 2808 2564 2864 pro
2588 2793 2820 2851 nominis
2846 2795 2951 2852 ﬁde
2976 2796 3027 2851 in
3064 2797 3301 2854 medium
3338 2810 3608 2868 extracta,
3636 2813 3691 2859 et

2094 2886 2219 2943 odio
2263 2886 2476 2957 publico
2507 2888 2772 2959 exposita,
2805 2888 3086 2957 decertat;
3145 2906 3265 2948 cum
3298 2893 3351 2948 in
3382 2894 3689 2950 carceribus

2093 2990 2414 3045 maceratur,
2468 2981 2743 3036 teterrimo
2787 2981 2921 3036 lucis
2972 2984 3155 3047 exilio,
3207 2985 3429 3054 penuria
3466 2988 3688 3051 mundi.

390 3088 542 3134 tere:
574 3078 652 3132 sic
683 3077 841 3133 etiam
887 3077 1057 3148 ipsum
1099 3076 1234 3131 mori
1269 3076 1446 3131 carnis
1496 3085 1597 3142 est,
1642 3076 1796 3147 cujus
1832 3079 1987 3134 etvi-
2014 3095 2062 3161 ρ
2094 3074 2380 3145 squalore,
2432 3072 2684 3146 pmdore,
2739 3076 3065 3133 contumelia
3124 3078 3329 3145 victus;
3387 3096 3455 3136 ne
3499 3095 3692 3149 somno

387 3186 534 3227 vere.
566 3170 750 3235 Porro,
786 3169 831 3225 si
883 3171 1125 3225 universa
1155 3184 1250 3242 per
1287 3184 1506 3225 carnem
1548 3169 1826 3240 subjaceut
1869 3173 1982 3228 ani-

388 3276 512 3329 mre,
537 3261 683 3317 carni
701 3276 911 3332 quoque
939 3261 1247 3331 suhjnceanl
1268 3260 1370 3332 (7),
1392 3276 1490 3331 per
1515 3262 1656 3333 quod
1680 3266 1845 3319 utaris
1876 3264 1975 3338 (8),

389 3367 611 3408 necesse
636 3363 740 3408 est.
772 3353 845 3407 ita
873 3369 1019 3420 caro,
1046 3352 1173 3408 dum
1203 3353 1445 3409 ministra
1467 3364 1523 3410 et
1559 3355 1758 3413 famula
1786 3358 1982 3416 animm

2083 3169 2299 3246 quidem
2346 3168 2549 3234 libera,
2599 3169 2796 3240 quippe
2845 3171 2975 3242 ipsis
3022 3172 3182 3227 etiam
3213 3173 3477 3231 cubilibus
3513 3176 3693 3232 vincta

2084 3268 2324 3339 ipsisque
2372 3262 2682 3318 stramentis
2732 3262 3034 3330 lancinata;
3077 3279 3200 3321 cum
3236 3263 3350 3338 jam
3389 3276 3446 3322 et
3491 3266 3543 3322 in
3572 3268 3693 3324 lucc

2084 3360 2229 3415 omni
2263 3356 2333 3431 (j)
2379 3363 2766 3411 tormentorum
2810 3356 3212 3414 machinatione
3248 3357 3511 3425 laniatur;
3569 3372 3692 3414 cum

1633 3451 2011 3511 LECTIONES
2047 3451 2462 3511 VARIANTES.

450 3517 528 3643 (1)
549 3519 690 3571 Vinis
706 3520 828 3570 item
850 3532 945 3569 non
971 3518 1194 3587 leguntur
1213 3516 1265 3569 in
1285 3516 1421 3570 Pitlt.
1447 3516 1602 3571 then.

474 3582 502 3630 2
548 3582 835 3643 Perspeetae
856 3583 1011 3643 Fran.
1053 3580 1277 3643 perfecte
1301 3580 1455 3634 Rhea.

474 3580 525 3645 2)
548 3582 835 3644 Perspeetae
856 3580 1039 3645 Γναῃῖ
1053 3580 1277 3645 perfecte
1301 3580 1455 3634 Rhea.

475 3642 522 3706 ὅ]
554 3642 832 3706 Ferrugine
840 3645 883 3694 is
912 3642 1064 3696 Rheni

478 3704 529 3759 41
554 3704 735 3758 Pareat
748 3704 900 3759 Rhea.
926 3706 1080 3758 Seml.

472 3769 524 3822 5)
551 3770 653 3822 Etsi
676 3773 822 3820 Pam.
849 3769 1002 3820 Fran.

456 3830 532 3893 (ϐ)
564 3833 815 3883 Fulciatur
838 3830 991 3884 Rhea.

451 3893 525 3961 (7)
550 3896 817 3960 Subjacent
834 3894 943 3960 Βία.
980 3904 1094 3945 Ven.
1116 3893 1268 3947 Seml.
1296 3895 1484 3946 Forsan
1503 3895 1774 3961 subiaceat.
1799 3896 1924 3947 Eon.

2158 3522 2231 3588 (8)
2257 3523 2376 3588 Cum
2398 3535 2460 3588 eo
2481 3522 2635 3588 utaris
2655 3521 2776 3588 add.
2801 3523 2940 3588 Ifam.
2978 3521 3087 3588 Rig.
3123 3533 3237 3573 Ven.

2178 3581 2232 3653 9)
2248 3585 2501 3653 81111111ςὶ11
2515 3581 2669 3653 Rhea.
2697 3582 2846 3635 Seml.

2186 3643 2262 3701 ID)
2280 3649 2369 3699 Est
2390 3643 2540 3697 οῑηὶιι.
2564 3643 2669 3695 alii.

2183 3706 2262 3773 11)
2289 3710 2364 3761 De
2389 3722 2483 3773 qua
2516 3706 2667 3773 illum.

2184 3768 2260 3824 12)
2285 3773 2384 3824 Sed
2410 3768 2463 3822 et
2476 3768 2627 3824 then.
2651 3772 2794 3820 Pam.

2184 3829 2263 3887 15)
2288 3836 2591 3885 Instauratur
2608 3829 2760 3884 Rhea.

2158 3840 2239 3896 (l5
2288 3840 2591 3885 Instauratur
2608 3840 2760 3884 Rhea.

2158 3840 2264 3965 (Hi
2288 3897 2562 3948 Adolantur
2584 3894 2739 3948 Rhea.
2774 3894 2926 3945 Seml.

1767 3981 2331 4040 COMMENTARIUS.

387 4078 713 4150 superdule
728 4078 1017 4150 vestierunt.
1046 4075 1229 4146 Itaque
1250 4074 1545 4150 Septimius
1561 4074 1815 4150 pellicias
1848 4077 1989 4131 tuni-

388 4146 484 4235 ca's
514 4158 667 4235 cutes
692 4147 856 4204 fuisse
885 4156 1100 4213 censet,
1130 4162 1256 4213 non,
1282 4156 1342 4201 ut
1370 4146 1742 4213 Valentiniani,
1772 4162 1987 4203 carnem
2018 4182 2021 4185 ‹

387 4219 902 4365 ῳθὲἲῖὒξιὲίῃεηιο
917 4306 1118 4365 quoque
1142 4290 1427 4365 oblagttees.
1460 4288 1533 4343 Ita
1563 4297 1710 4365 recte
1733 4289 1992 4345 divinavit

390 4359 676 4433 legendum
697 4359 1007 4424 Rhenanus.
1029 4359 1120 4433 qui
1144 4359 1275 4416 illud
1288 4359 1562 4433 oblaqnees
1584 4360 1987 4433 interpretatur,

388 4430 574 4499 idest,
605 4434 929 4500 eireumdes,
954 4430 1158 4504 cingas,
1195 4430 1472 4504 includas,
1497 4442 1555 4486 ut
1582 4432 1654 4486 sit
1680 4446 1715 4504 a_
1745 4432 1863 4487 lacu
1893 4431 1991 4487 de-

2096 4086 2305 4155 mortua
2331 4083 2412 4131 est
2430 4116 2444 4140 ,
2473 4073 2597 4155 ideo
2626 4086 2746 4155 eum
2775 4087 2977 4155 organa
3005 4075 3184 4155 carnis
3209 4079 3503 4155 materialia
3528 4083 3699 4155 impa-

2094 4149 2328 4212 diuntnr,
2356 4153 2533 4215 torpet
2552 4146 2751 4217 anima,
2780 4153 2838 4198 ut
2860 4145 2933 4217 nil
2956 4147 3166 4216 operari
3195 4151 3382 4217 possit.
3409 4151 3534 4207 Haec
3554 4145 3696 4211 enim

2093 4220 2179 4275 lex
2210 4220 2322 4273 sive
2350 4218 2581 4273 societas
2607 4216 2709 4271 lata
2730 4225 2830 4279 est,
2860 4215 3144 4273 dnnisunt
3170 4215 3333 4276 unita:
3354 4236 3480 4277 caro
3510 4236 3563 4279 ct
3584 4231 3698 4280 ani-

2096 4306 2201 4354 ma,
2222 4301 2276 4345 ut
2295 4289 2408 4344 hcce
2426 4289 2625 4358 absque
2650 4286 2892 4341 subsidio
2910 4287 3052 4344 illius
3078 4291 3151 4344 nil
3176 4291 3395 4348 efﬁciat.
3428 4294 3695 4352 Praeterea

2094 4360 2459 4433 Tertullianus
2492 4374 2586 4429 per
2614 4358 2774 4433 vivere
2814 4366 2868 4413 et
2907 4359 3063 4433 vitam
3093 4363 3278 4417 anima:
3322 4362 3413 4420 hic
3441 4367 3692 4433 intelligit

2094 4431 2525 4488 informationem
2558 4430 2751 4483 animae
2771 4471 2787 4496 ,
2816 4438 2870 4501 et
2900 4431 3061 4484 vitam
3089 4447 3251 4501 quam
3279 4445 3495 4492 caussat
3525 4430 3694 4494 infor-

389 4506 611 4582 ductnm
636 4506 858 4582 verbum
886 4499 1148 4582 oblaqiieo,
1177 4502 1475 4582 cujusmodi
1503 4501 1719 4582 e_t_qu0d
1748 4504 1990 4582 sequitur
2012 4521 2069 4582 D
2096 4505 2331 4582 ma_ti_one
2351 4517 2463 4582 sua
2485 4502 2538 4555 in
2570 4513 2785 4582 corpus.
2821 4499 2950 4582 Lac.

389 4578 674 4641 descrobes,
708 4580 761 4632 id
812 4584 930 4643 est,
958 4572 1196 4641 inseras,
1225 4572 1255 4628 a
1281 4572 1457 4629 scrobe
1477 4614 1491 4637 ,
1521 4572 1575 4627 id
1622 4581 1703 4628 est
1745 4588 1775 4627 a
1810 4572 1985 4630 fevea.

390 4648 490 4704 Est
514 4661 689 4704 autem
711 4647 1013 4703 adnotanda
1044 4647 1201 4717 Angl.
1230 4661 1332 4717 mis.
1361 4644 1606 4700 Vaticani
1634 4645 1847 4715 antiqua
1876 4645 1988 4701 lec-

393 4721 491 4786 tio,
520 4721 787 4791 farraginis
811 4734 905 4791 pro
935 4716 1228 4791 farraginis.
1270 4716 1407 4791 Pan.

470 4786 552 4864 (li)
575 4786 842 4864 Pii-[cclcc
866 4786 1137 4864 farraginis
1149 4788 1413 4864 gladium.
1449 4786 1540 4864 Sic
1583 4787 1989 4843 emendavimus

390 4876 458 4918 ex
482 4858 764 4917 Pithmaiio
790 4858 1179 4929 codicefquod’
1195 4860 1351 4914 a'ntea
1385 4858 1658 4928 legebatur
1677 4900 1693 4923 ,
1718 4868 1989 4929 perspecta:

392 4934 683 5006 farraginis.
721 4932 1015 5006 Perfectam
1046 4931 1366 5006 ferruginem
1399 4930 1526 4984 dicit
1551 4929 1806 5006 perfectae
1838 4931 1991 5006 boni-

394 5000 748 5060 iatis't'errum
772 5047 786 5064 .
812 5003 986 5070 'cnjus
1011 5011 1093 5057 est
1127 5002 1271 5057 acies
1303 5016 1447 5056 mera
1472 5018 1487 5068 ;
1517 5000 1617 5056 nec
1640 5000 1816 5056 solum
1845 5002 1989 5071 inge-

393 5075 488 5131 nio
518 5091 669 5131 vena:
700 5084 982 5145 pt'mstans,
1011 5073 1104 5145 sed
1132 5084 1184 5128 ct
1229 5074 1448 5145 factura,
1492 5072 1765 5145 SBtl_DQII32
1796 5072 1990 5129 nobili-

397 5155 540 5211 tate,
567 5146 650 5202 cui
673 5143 904 5201 subinde.
928 5144 1166 5199 candens
1197 5143 1550 5213 immergitur.
1581 5143 1701 5200 Βία.

476 5216 547 5291 (c)
591 5219 755 5273 Alicui
787 5217 1093 5291 commiserit
1123 5216 1327 5291 capulo.
1354 5213 1563 5291 corpus
1589 5214 1840 5285 capulum
1870 5214 1990 5269 ani-

395 5304 502 5345 ma:
527 5286 714 5356 iocat,
749 5289 798 5343 id
827 5297 910 5344 est
937 5287 1351 5356 receptaculum.
1397 5286 1570 5339 ﬂues.

479 5361 556 5433 (d)
581 5355 762 5433 Totum
776 5361 936 5414 vivere
949 5355 1134 5433 animm
1153 5358 1321 5411 carnis
1351 5367 1439 5433 est.
1469 5357 1756 5433 Verissime
1773 5355 1993 5433 dietum,

279 5446 299 5459 ν
397 5427 635 5488 (111111881
667 5432 810 5485 unita
838 5432 1049 5499 corpori
1078 5434 1274 5493 anima,
1303 5429 1425 5496 quia
1456 5427 1583 5481 nihil
1612 5435 1865 5499 operatur
1896 5427 1999 5499 nisi

399 5519 498 5576 per
513 5518 709 5574 organa
732 5498 1060 5576 carnis_,iitnn
1090 5498 1380 5576 itttcllectio
1401 5499 1679 5576 ipsa,_qu;e
1702 5498 2005 5576 ipsius.ch-

400 5567 478 5630 ἦ]ιί
520 5567 722 5629 anima:
750 5572 1018 5644 peculium
1050 5581 1161 5644 est,
1193 5585 1297 5625 non
1322 5571 1374 5644 tit
1405 5567 1503 5624 nisi
1533 5570 1657 5644 cum
1687 5567 2000 5644 dependen-

406 5648 476 5703 tia
505 5639 809 5714 specierum
841 5643 1194 5698 matcrialium
1224 5652 1277 5697 et
1307 5639 1710 5714 phantasmatis.
1743 5639 1875 5714 Lac:

488 5711 565 5789 (ὁ)
614 5717 685 5772 Ut
724 5732 826 5771 non
853 5715 1013 5789 vivere
1038 5714 1239 5789 anima:
1264 5712 1338 5767 nil
1366 5711 1507 5766 aliud
1546 5714 1643 5779 sit,
1678 5722 1781 5789 etp.
1831 5711 2004 5789 Etiam

412 5778 517 5846 hoc
545 5778 749 5844 dictum
776 5785 1013 5841 auctoris
1038 5785 1128 5838 illo
1156 5798 1316 5839 sensu
1346 5798 1531 5839 verum
1559 5793 1660 5838 est.
1700 5778 1868 5848 Nam,
1900 5782 2006 5838 nisi

414 5876 513 5934 per
538 5858 834 5918 ministeria
864 5855 1160 5926 corporalia
1188 5854 1263 5911 nil
1289 5863 1540 5925 operatur
1574 5854 1748 5910 anima
1781 5864 1835 5911 et
1860 5853 2009 5910 velut

2165 4575 2321 4630 CAP.
2351 4572 2488 4628 VIII.
2515 4569 2690 4647 ς-(ῒ)
2713 4569 2847 4647 Caro
2885 4572 3129 4647 abluitur,
3162 4589 3283 4647 caro
3308 4577 3548 4647 ungitur,
3579 4596 3699 4636 caro

2091 4647 2346 4719 signatur,
2376 4653 2479 4719 etc.
2511 4642 2880 4719 Strictimltoc
2898 4642 3341 4719 locorecensuit,
3362 4642 3459 4719 sed
3479 4642 3665 4719 apposi
3686 4684 3702 4695 -

2094 4713 2300 4772 tissime
2313 4716 2605 4788 declaravit
2621 4713 2975 4788 Baptismum,
2992 4713 3333 4788 Unct_ionent,
3354 4713 3698 4788 Signaculunt

2095 4789 2289 4853 crucis,
2333 4787 2583 4842 Manuum
2631 4783 3067 4852 impositionem,
3110 4783 3522 4843 Eucharistiam.
3577 4792 3697 4847 Rm.

2171 4858 2247 4931 (g)
2311 4855 2824 4931 Appendices__hujus
2867 4856 3043 4931 oﬂicii:
3078 4856 3219 4931 Alibi
3263 4857 3396 4931 dixit
3440 4860 3701 4918 horrorem

2098 4926 2283 4986 cineris
2309 4926 2367 4984 εί
2384 4926 2784 5001 asperitndincm
2811 4930 2971 5001 sacci.
3008 4926 3212 5001 Quibus
3238 4929 3399 5001 etiam
3433 4931 3703 5001 addebant

2099 5003 2214 5085 haec
2239 4996 2546 5124 bacilliarﬁa,
2577 4996 2836 5061 illuviem,
2859 4996 3232 5067 imhalnitiem,
3260 5000 3699 5071 itnperl'undicm,

2099 5088 2381 5124 mettrtatn.
2510 5080 2580 5124 IG.

2099 5074 2381 5129 incuriam.
2462 5074 2580 5126 th.

2172 5142 2253 5215 (h)
2296 5134 2530 5215 Modesta
2568 5140 2855 5215 inocculto
2883 5139 3193 5194 matrimonii
3219 5141 3576 5215 dissimulatio.
3609 5145 3698 5200 Si-

2099 5211 2318 5287 gniﬁcat
2350 5214 2462 5284 ipsa
2496 5211 2819 5265 matrimonii
2848 5219 3078 5287 secreta,
3108 5227 3227 5287 qum
3268 5212 3513 5283 libro,ad
3561 5216 3706 5270 1]πο-

2100 5282 2207 5341 ῦεηι
2248 5284 2320 5351 ll,
2363 5282 2526 5353 penes
2563 5289 2776 5353 sanctos
2821 5294 2942 5336 esse
2984 5282 3262 5353 aitgol‘ﬁcia
3289 5282 3487 5351 sexus,
3514 5300 3578 5341 ac
3604 5288 3704 5341 de-

2103 5358 2233 5412 bere
2262 5351 2383 5410 cuai
2416 5353 2622 5426 honore
2668 5352 2835 5422 ipsius
2880 5351 3563 5426 necessitatisLtamquam
3608 5360 3706 5412 sub

2106 5428 2275 5484 oculis
2307 5426 2434 5487 Dei,
2464 5422 2708 5477 modeste
2728 5436 2792 5476 ac
2815 5422 3090 5476 moderate
3119 5424 3357 5492 transigi.
3422 5422 3559 5483 'Ric.

2180 5495 2242 5571 (i)
2278 5495 2392 5571 Pro
2434 5494 2651 5571 nominis
2698 5492 2817 5571 ﬁde.
2869 5492 2983 5571 Non
3041 5493 3208 5571 semel
3255 5494 3647 5571 adnotavimus
3677 5515 3706 5552 τι

2107 5562 2441 5625 Teriulliano
2459 5565 2589 5620 etB.
2612 5564 2878 5635 Cypriano
2895 5562 3148 5635 usitatum
3168 5579 3349 5635 nomen
3364 5581 3459 5633 pro
3474 5569 3708 5623 christia-

2105 5658 2170 5696 no
2194 5640 2413 5693 nomine.
2435 5638 2522 5692 Sic
2538 5633 2700 5692 etiam
2707 5676 2720 5702 ,
2734 5648 2853 5702 cap.
2872 5633 2962 5699 l0,
2978 5634 3243 5701 suppliciis
3260 5637 3478 5693 nominis
3503 5655 3709 5694 caussa:

2108 5709 2505 5768 Tcrtullianicze
2535 5718 2662 5762 sunt
2685 5705 2844 5761 etiam
2876 5719 3059 5759 voces.
3101 5702 3237 5758 PMI.

2186 5781 2249 5854 (j)
2310 5779 2699 5854 Torntentorum
2742 5775 3117 5854 machinatione
3162 5774 3405 5854 laniatur.
3452 5776 3709 5854 Fertilem

2109 5862 2163 5911 et
2189 5845 2530 5924 ingeniosam
2554 5859 2905 5921 tyrannomm
2945 5845 3204 5902 saevitiam
3232 5845 3285 5901 in
3306 5845 3711 5907 adinveniendis
