4042 6288
454 328 561 393 807

1877 334 2340 400 TERTULLIANI

3638 344 3735 407 808

457 456 689 530 denique
730 457 1004 531 suppliciis
1050 465 1315 531 erogatur,
1352 456 1504 514 enisa
1559 455 1788 514 reddere
1832 456 2049 514 Christo
2075 456 2127 519 Λ
2154 457 2472 530 benignitas,
2501 461 2692 532 gratia,
2725 460 3115 528 misericordia,
3154 461 3329 520 omnis
3355 462 3434 520 vis
3463 462 3555 520 Dei
3575 463 3728 522 bene-

458 553 654 620 vicem,
708 553 989 609 moriendo
1027 566 1123 622 pro
1163 553 1302 623 ipso,
1332 559 1387 608 et
1431 549 1647 623 quidem
1680 564 1777 622 per
1806 550 2049 608 eamdem

460 658 675 699 crucem
719 659 884 714 saepe,
941 643 1141 700 nedum
1170 658 1265 714 per
1299 644 1563 699 atrociora
1599 657 1813 714 quoque
1838 643 2049 714 ingenia

458 735 775 805 poenarum?
819 734 929 790 Nec
980 733 1068 788 illa
1101 732 1408 789 beatissima
1442 743 1496 788 et
1536 733 1942 803 gloriosissima,
1970 733 2048 805 (α)

456 844 577 899 qum
610 836 787 898 potest
814 826 953 899 apud
994 826 1266 889 Christum
1316 826 1600 881 Dominum
1628 840 1818 896 parere
1848 823 1925 897 (I)
1950 825 2047 880 de-

457 918 572 974 bito
616 927 786 984 tanto,
833 928 892 974 ut
936 917 1042 974 hoc
1066 918 1240 973 solum
1271 916 1462 973 debeat
1490 918 1538 972 ei
1579 916 1719 986 quod
1750 916 1799 971 ei
1851 916 2049 973 debere

458 1009 713 1078 desierit;
761 1010 861 1067 hoc
888 1011 1057 1084 magis
1095 1011 1305 1075 vineta,
1350 1010 1490 1080 quod
1522 1008 1598 1081 (2)
1643 1009 1905 1065 absoluta.

1081 1101 1306 1159 CAPUT
1336 1102 1428 1158 IX.

528 1197 711 1269 Igitur,
757 1209 813 1254 ut
840 1208 1077 1261 retexam
1123 1214 1282 1271 quam
1338 1199 1479 1255 Deus
1524 1196 1773 1252 manibus
1824 1197 1936 1253 suis
1981 1196 2048 1252 ad

453 1292 741 1363 imaginem
775 1292 866 1347 Dei
906 1293 1118 1358 struxit,
1150 1289 1402 1364 quamde
1428 1306 1526 1346 suo
1563 1288 1759 1345 adﬂatu
1795 1287 1861 1344 ad
1893 1288 2044 1344 simi-

453 1386 736 1442 litudinem
769 1402 879 1442 sua:
909 1386 1209 1443 vivacitatis
1252 1386 1524 1452 animavit,
1577 1398 1735 1455 quam
1769 1383 2042 1448 incolatui,

396 1492 424 1512 ·
449 1479 669 1547 fructui,
698 1477 1013 1545 dominatui,
1049 1480 1207 1535 tutius
1234 1494 1347 1535 sua:
1372 1478 1700 1551 Operationis
1734 1479 2044 1549 praeposuit,

450 1586 611 1642 quam
634 1572 986 1627 sacramentis
1021 1571 1131 1626 suis
1175 1570 1577 1643 disciplinisque
1605 1570 1814 1626 vestivit
1846 1586 1858 1623 :
1891 1566 2045 1641 cujus

453 1664 747 1720 munditias
797 1656 963 1729 amat,
1015 1664 1168 1733 cujus
1210 1664 1588 1734 castigationes
1627 1662 1838 1734 probat,
1895 1650 2047 1733 enjns

368 1778 426 1799 -ο
451 1758 732 1827 passiones
751 1756 851 1812 sibi
877 1755 1170 1827 adpretiat;
1204 1756 1438 1812 haeccine
1455 1772 1558 1812 non
1585 1764 1827 1828 resurget
1849 1756 2045 1811 totiens

449 1851 584 1907 Dei?
609 1851 779 1919 Absit,
808 1850 947 1906 absit
970 1849 1069 1924 (ὅ),
1088 1851 1297 1906 utDeus
1316 1862 1566 1906 manuum
1590 1866 1806 1907 suarum
1826 1866 2043 1922 operam

452 1947 651 2019 ingenii
674 1947 755 2002 sui
787 1962 990 2014 curam,
1016 1946 1242 2002 adﬂatus
1263 1947 1345 2002 sui
1365 1948 1627 2019 vaginam,
1656 1946 1728 2020 (ὁ)
1754 1946 2045 2004 molitionis

450 2056 566 2095 sua:
607 2040 869 2111 reginam,
905 2038 1240 2097 liberalitatis
1266 2053 1378 2094 sua:
1405 2039 1699 2107 hazredem,
1733 2036 1801 2112 (ε)
1833 2038 2045 2108 religio-

451 2135 537 2190 nis
550 2150 659 2190 sum
679 2135 1037 2204 sacerdotem,
1068 2133 1359 2190 testimonii
1375 2133 1455 2188 sui
1477 2133 1722 2200 militem,
1746 2129 1823 2204 (ά)
1842 2129 2044 2186 Chris;i

452 2226 538 2280 sui
568 2240 830 2293 sororem,
857 2224 909 2280 in
940 2233 1199 2280 aeternum
1220 2223 1476 2279 destituat
1507 2222 1810 2279 interitum!
1836 2222 2043 2276 Bonum

451 2319 620 2374 Deum
654 2320 928 2385 novimus;
976 2314 1044 2391 (e)
1077 2317 1249 2373 solum
1304 2316 1563 2388 optimum
1612 2331 1643 2371 a
1697 2315 1910 2373 Christo
1933 2315 2048 2387 ejus

455 2412 535 2486 (4)
593 2413 969 2479 addiscimus;
1017 2413 1106 2484 qui
1168 2412 1511 2467 dilectionem
1576 2410 1868 2478 mandans,
1924 2418 2049 2481 post

452 2519 627 2572 suam,
662 2507 712 2559 in
754 2506 1077 2576 proximum,
1124 2503 1285 2559 faciet
1310 2514 1364 2560 et
1417 2503 1530 2574 ipse
1581 2502 1723 2575 quod
1755 2502 2044 2575 praecepit:

452 2599 637 2669 diliget
656 2614 894 2666 carnem,
916 2606 993 2653 tot
1012 2596 1185 2654 modis
1200 2598 1301 2653 sibi
1327 2598 1650 2669 proximam,
1671 2598 1771 2654 etsi
1790 2598 2049 2666 inﬁrmam

455 2691 667 2765 (Matth.
692 2691 992 2763 XXVI“)
1015 2709 1029 2755 ;
1056 2691 1149 2747 sed
1181 2693 1336 2746 virtus
1380 2691 1746 2761 iuiuﬁrmitate
1789 2691 2048 2761 perficitur

458 2784 527 2856 (II
557 2784 701 2853 Cora,
732 2784 845 2850 XII,
877 2785 957 2856 9);
991 2785 1091 2841 etsi
1133 2782 1494 2853 imbecillam;
1527 2785 1616 2840 sed
1642 2784 1894 2839 medicum
1947 2802 2048 2840 non

452 2882 761 2949 desiderant,
810 2882 908 2936 nisi
957 2882 1091 2937 male
1122 2868 1373 2946 _Itabeutes
1421 2880 1644 2955 (Matth.
1690 2879 1891 2954 XXll);
1946 2885 2048 2938 etsi

449 2976 821 3044 inhonestam;
860 2975 926 3050 (ι’)
955 2977 1053 3033 sed
1094 2965 1524 3031 inlzonestioribus
1550 2979 1796 3042 maiorem
1825 2976 2043 3030 circum-

450 3069 632 3123 damus
661 3069 898 3125 honorem
922 3068 988 3141 (11
1013 3068 1157 3134 Con,
1181 3066 1331 3141 XII);
1360 3069 1460 3125 etsi
1485 3069 1778 3139 perditam;
1810 3070 1904 3126 sed
1932 3087 2043 3142 ego,

2157 551 2280 620 tiea,
2326 552 2595 610 vacuisset
2624 553 2727 626 (5).

2797 644 3023 703 CAPUT
3051 646 3120 702 X.

2227 735 2403 793 Tenes
2438 734 2780 809 Scripturas,
2825 738 3022 811 quibus
3073 752 3199 795 caro
3242 739 3561 809 infuscatur;
3615 748 3728 801 tene

2154 827 2336 895 etiam,
2367 827 2557 899 quibus
2585 829 2921 885 inlustratur.
2951 830 3131 903 Legis,
3161 846 3283 889 cum
3309 833 3387 906 (6)
3415 847 3541 889 caro
3562 833 3726 904 depri-

2155 920 2536 993 miturzadige
2561 920 2768 992 oculos,
2816 932 2870 978 et
2922 938 3044 980 cum
3070 924 3151 997 (7)
3173 940 3299 982 caro
3346 924 3613 983 relevatur
3639 928 3728 1003 (8).

2158 1015 2334 1069 Omnis
2372 1030 2492 1070 caro
2522 1018 2716 1087 finitum
2746 1015 2871 1089 (Is.,
2902 1015 3066 1089 XLI);
3090 1031 3193 1072 non
3222 1019 3323 1073 hoc
3346 1017 3424 1091 (9)
3442 1019 3609 1074 solum
3624 1032 3731 1089 pro.

2154 1108 2419 1165 nuntiavit
2449 1109 2662 1176 Esaias;
2690 1111 2784 1166 sed
2812 1119 2867 1166 et
2898 1129 2910 1165 :
2942 1110 3024 1184 (g)
3048 1110 3228 1166 Omnis
3247 1128 3367 1167 caro
3397 1112 3579 1168 ridebit
3603 1114 3731 1168 sata-

2153 1211 2262 1256 tare
2293 1199 2382 1255 Dei
2416 1200 2623 1275 (Ibid).
2655 1201 2879 1258 Notatur
2909 1203 2960 1257 in
2990 1202 3183 1260 Genesi
3206 1202 3390 1260 dicens
3410 1204 3726 1277 Deus(Geu.,

2154 1294 2247 1367 Vl)
2274 1313 2287 1350 :
2325 1294 2445 1351 Non
2458 1294 2677 1350 ntancbit
2695 1295 2923 1368 Spiritus
2938 1312 3078 1351 meus
3096 1297 3151 1352 in
3171 1298 3461 1354 housiuibus
3483 1300 3608 1366 istis,
3622 1300 3730 1371 quia

2151 1404 2269 1442 caro
2295 1395 2445 1453 sunt;
2474 1387 2569 1443 sed
2592 1397 2647 1443 et
2673 1387 2891 1443 auditur
2906 1402 3002 1458 per
3024 1387 3229 1445 Juelem
3245 1387 3433 1461 (Joel.,
3457 1389 3547 1464 II):
3567 1389 3729 1459 Emme

2151 1478 2271 1534 dam
2289 1480 2354 1537 de
2382 1479 2582 1551 Spiritu
2594 1495 2704 1534 meo
2730 1479 2782 1533 in
2799 1495 2997 1534 omnem
3020 1495 3244 1534 carnem.
3274 1481 3594 1552 Apostolum
3619 1497 3731 1554 quo-

2150 1587 2256 1643 quo
2272 1587 2337 1628 ne
2354 1572 2422 1628 de
2437 1586 2543 1627 uno
2559 1572 2701 1643 stylo
2722 1572 2889 1639 noris,
2913 1588 3018 1643 quo
3034 1587 3249 1629 carnem
3266 1574 3583 1647 plerumque
3601 1591 3730 1632 eom~

2153 1665 2544 1738 pungiLNam,
2580 1666 2681 1721 etsi
2713 1673 2873 1736 negat
2907 1665 3147 1721 habitare
3188 1666 3312 1724 boni
3359 1667 3642 1740 quicquam
3685 1669 3731 1725 in

2151 1774 2314 1815 carne
2343 1773 2476 1826 sua;
2508 1760 2607 1815 etsi
2654 1756 2900 1813 adﬁrmat
2942 1774 3035 1814 eos
3058 1758 3146 1828 qui
3178 1760 3231 1813 in
3261 1773 3426 1815 carne
3450 1760 3588 1827 sint,
3634 1761 3732 1817 Deo

2151 1853 2361 1923 placere
2392 1866 2502 1907 non
2532 1866 2709 1923 posse,
2748 1851 2873 1923 quia
2912 1851 3257 1921 concupiscat
3302 1850 3563 1910 adversus
3590 1854 3733 1926 spiri—

2150 1954 2298 2012 tum;
2331 1952 2405 2013 et,
2452 1944 2498 1999 si
2550 1959 2653 2014 qua
2684 1944 2785 1999 alia
2826 1945 2898 1999 ita
2941 1945 3117 2014 ponit,
3140 1952 3198 1999 ut
3226 1944 3408 2001 carnis
3437 1960 3545 2002 non
3572 1956 3734 2003 tamen

2148 2038 2475 2105 subStantia,
2509 2037 2604 2093 sed
2642 2047 2794 2094 actus
2826 2038 3177 2094 inhonoretur
3206 2058 3219 2095 :
3249 2030 3497 2096 dicemus
3532 2041 3735 2113 quidem

2145 2130 2273 2186 alibi
2314 2129 2446 2185 nihil
2474 2130 2688 2201 pr0prie
2725 2130 2874 2185 carni
2922 2131 3234 2199 exprobrari
3261 2141 3536 2203 oportere,
3568 2133 3666 2189 nisi
3688 2134 3735 2188 in

2150 2227 2345 2284 animae
2394 2224 2851 2296 suggillationem,
2895 2240 3015 2296 qua:
3045 2239 3262 2282 carnem
3300 2226 3602 2283 ministerio
3644 2227 3736 2285 sibi

2090 2372 2115 2383 -
2154 2321 2352 2392 subigit
2377 2316 2515 2394 (10).
2544 2317 2741 2374 Verum
2758 2318 2975 2377 interim
2998 2318 3078 2392 (It)
3092 2332 3147 2376 et
3168 2320 3220 2375 in
3238 2319 3535 2378 illisliteris
3555 2322 3737 2379 Paulus

2154 2421 2253 2479 est,
2288 2426 2409 2467 cum
2460 2412 2709 2482 stigmata
2761 2410 2963 2467 Christi
3016 2412 3069 2467 in
3121 2426 3347 2484 corpore
3398 2430 3498 2470 suo
3537 2423 3736 2486 portat;

2153 2520 2273 2561 cum
2304 2504 2416 2578 (Ii)
2435 2514 2698 2573 nostrum,
2724 2513 2781 2560 ut
2800 2504 2893 2561 Dei
2914 2505 3192 2575 templum,
3217 2505 3394 2561 vitiari
3422 2516 3600 2575 vetat;
3629 2522 3738 2564 cum

2152 2612 2379 2668 corpora
2425 2608 2608 2653 neatra
2654 2597 2894 2653 membra
2943 2594 3142 2652 Christi
3191 2596 3358 2665 facit;
3406 2614 3535 2656 cum
3572 2612 3742 2658 monet

2155 2689 2346 2745 tollere
2366 2698 2420 2744 et
2438 2687 2779 2760 magniﬁcare
2805 2688 2973 2744 Deum
3000 2689 3051 2744 in
3070 2703 3295 2760 corpore
3308 2698 3520 2747 nostro.
3552 2691 3738 2765 Itaque,

2150 2783 2195 2838 si
2239 2782 2544 2853 ignominia:
2589 2782 2766 2838 carnis
2800 2782 3250 2839 resurrectionem
3282 2784 3400 2854 ejus
3450 2786 3736 2857 expellunt,

2150 2894 2247 2933 cur
2294 2891 2398 2931 non
2429 2875 2717 2948 dignitates
2757 2875 2935 2947 potius
2988 2875 3281 2933 inducent?
3329 2877 3599 2945 Quoniam
3643 2880 3740 2936 Deo

2152 2971 2324 3041 magis
2351 2971 2601 3043 congruit
2645 2970 2697 3026 in
2728 2971 2959 3026 salutem
2991 2970 3255 3042 redigere,
3281 2964 3425 3043 quod
3456 2974 3741 3046 reprobarit

2150 3065 2441 3133 interdum,
2496 3080 2654 3136 quam
2688 3064 2741 3119 in
2772 3062 3123 3136 perditionem
3154 3063 3386 3134 dedere,
3419 3066 3565 3139 quod
3592 3067 3740 3123 etiam

449 3160 643 3230 inquit,
688 3160 799 3214 veni
826 3169 882 3214 ut
927 3131 1063 3232 quod
1110 3131 1258 3231 periit
1277 3131 1498 3215 solvunt
1513 3161 1700 3232 faciam
1735 3131 1913 3234 (Lua,
2073 3131 2118 3195 (ἶ
2151 3131 2435 3230 aliquando
2466 3131 2579 3230 (1-2)
2610 3131 2870 3229 probavit.

448 3257 550 3313 etsi
577 3244 956 3327 peccatricem;
988 3256 1082 3313 sed
1115 3259 1250 3312 malo
1278 3258 1422 3324 mihi,
1453 3257 1641 3328 inquit,
1672 3259 1886 3312 salutent
1931 3272 2048 3328 pec-

448 3349 653 3415 catoris,
675 3366 827 3422 quam
845 3358 1058 3403 mortem
1079 3348 1319 3423 (Ezech.,
1343 3348 1534 3421 XVIII)
1553 3365 1578 3415 ;.
1596 3349 1695 3404 etsi
1715 3348 2040 3415 damnatam;

451 3441 548 3497 sed
575 3439 1100 3515 cgo,inquit(Deut.,
1148 3439 1389 3515 XXXII),
1440 3443 2044 3519 percutiam,etsaunbo.

449 3534 585 3601 Quid
613 3551 673 3589 ea
701 3535 995 3605 exprobras
1020 3534 1189 3598 carni,
1219 3549 1337 3604 qua:
1371 3535 1535 3591 Deutn
1566 3544 1898 3605 exapectant,
1926 3552 2046 3608 quae

451 3629 505 3683 in
533 3629 696 3684 Deum
726 3637 961 3699 sperant,
992 3643 1109 3698 ‘lnm
1139 3629 1472 3682 honorantur
1494 3629 1693 3695 abillo,
1714 3629 1904 3699 quibus
1922 3631 2046 3685 sub-

449 3722 631 3779 venit?
673 3722 854 3777 Ausim
886 3714 1084 3786 dicere,
1118 3721 1162 3775 si
1194 3720 1307 3776 ha-c
1342 3720 1500 3783 carni
1547 3736 1651 3787 non
1682 3719 2041 3789 accidissent,

2773 3248 3002 3306 CAPUT
3026 3249 3119 3306 XI.

2228 3344 2514 3417 llucusque
2540 3342 2609 3401 de
2639 3344 2914 3414 praeconio
2935 3345 3112 3399 carnis
3133 3342 3389 3399 adversus
3410 3345 3672 3412 inimicos,
3693 3354 3741 3400 et

2156 3437 2506 3493 nihilominus
2528 3436 2881 3491 amicissimos
2905 3435 3041 3505 ejus.
3073 3433 3243 3490 Nemo
3270 3437 3411 3491 enim
3441 3428 3547 3493 tam
3567 3454 3741 3492 carna-

2108 3528 2131 3551 ³
2155 3530 2278 3585 liter
2305 3528 2454 3594 vivit,
2505 3542 2665 3598 quam
2697 3526 2786 3598 qui
2826 3535 3019 3597 negant
3053 3526 3229 3585 carnis
3274 3530 3735 3586 resurrectionem.

2157 3622 2420 3694 Negantes
2446 3621 2588 3677 enim
2622 3620 2739 3691 ejus
2769 3619 2888 3691 (I5)
2920 3634 3154 3692 poenam,
3178 3619 3486 3691 despiciunt
3511 3633 3565 3680 et
3594 3625 3739 3681 disci-

2153 3720 2375 3792 plinam.
2420 3718 2496 3773 De
2541 3716 2737 3787 quibus
2787 3716 3086 3771 luculenter
3128 3725 3181 3773 et
3213 3714 3272 3790 (i)
3304 3716 3609 3781 Paracletus
3655 3734 3739 3791 per

1660 3835 2038 3895 LECTIONES
2065 3834 2483 3897 VARIANTES.

533 4019 581 4082 :2)
605 4022 709 4077 Quo
732 4021 876 4071 Pam.
903 4019 1056 4082 Frau.

442 4093 451 4123 ξ
510 4078 583 4132 (δ’)
611 4082 743 4128 Absit
768 4080 930 4132 semet.
953 4078 1104 4131 Rhea.

533 4140 581 4203 I)
610 4142 725 4203 Ejus
741 4141 867 4192 abest
889 4155 921 4191 a
1118 4140 1268 4191 Seml.

507 4201 580 4265 (5)
607 4201 888 4265 V'ncat'isset
908 4201 1012 4253 alii.

509 4263 581 4331 (ti)
603 4266 804 4331 Quando
825 4263 977 4331 Rhea.

508 4327 581 4396 (7)
608 4327 809 4389 Quando
839 4329 993 4382 alien.

441 3959 453 4013 ἒ
542 3956 582 4021 Ι)
613 3956 707 4005 Pat‘
727 3968 837 4006 esse
858 3956 957 4005 Lat.
986 3956 1177 4017 pariare
1201 3950 1424 4004 Ciuccon.

533 4020 581 4082 :2)
605 4022 709 4077 Quo
732 4021 876 4071 Pam.
904 4019 1056 4067 Frau.

442 4093 451 4123 ξ
532 4084 563 4131 5
611 4082 743 4128 Absit
768 4080 930 4132 semet.
953 4078 1104 4131 Rhea.

533 4089 583 4203 1)
610 4142 725 4203 Ejus
741 4141 867 4192 abest
889 4155 921 4191 a
1118 4140 1268 4191 Seml.

2067 4290 2122 4350 D

2235 3952 2285 4014 8)
2306 3949 2574 4014 Revelatur
2597 3946 2702 3998 alii.

2236 4010 2287 4067 9)
2307 4010 2412 4062 Hoc
2435 4010 2563 4067 abest
2585 4026 2617 4061 α
2640 4014 2783 4063 Pam.
2805 4013 2955 4063 Frau.

2214 4071 2316 4137 (to)
2337 4075 2545 4137 Subjicit
2564 4071 2668 4137 alii.

2243 4133 2315 4203 ll)
2336 4133 2520 4203 Corpus
2542 4133 3007 4203 add._Rhcn._Sctnt.

2240 4197 2317 4263 1‘2)
2343 4197 2614 4263 Aliquando
2636 4199 2767 4263 deest
2791 4197 2943 4263 Rite»,

2214 4259 2317 4328 (15)
2337 4259 2452 4326 Ejus
2475 4262 2605 4314 deat
2629 4259 2782 4313 Rhea.
2801 4259 2953 4313 Scml.

1805 4391 2361 4453 COMMENTARIUS.

450 4510 961 4584 suppliciisgtangit.
1012 4508 1090 4584 De
1134 4505 1293 4584 variis
1333 4505 1442 4563 illis
1486 4514 1541 4562 et
1570 4504 1819 4565 inauditis
1871 4509 2043 4580 ptenis

451 4577 713 4639 videndus
742 4577 1023 4637 Eusebius.
1047 4577 1123 4636 Ls
1157 4580 1250 4634 Pa.
1836 4584 1839 4587 ‘

528 4653 604 4729 (τι)
647 4653 775 4721 Qua:
787 4653 1134 4729 _pote_st_apud
1159 4647 1719 4729 Christum_Dominum
1746 4666 1922 4721 parere
1950 4651 2043 4706 de-

450 4721 551 4781 bito
582 4721 742 4779 tanta.
782 4724 871 4780 Sic
910 4724 1107 4778 habent
1147 4721 1507 4791 exemplaria:
1541 4736 1639 4774 nec
1669 4733 1796 4791 puto
1834 4732 2044 4777 mutan-

447 4798 573 4853 dum
601 4811 721 4852 esse
747 4797 1055 4866 quicquam,
1075 4794 1174 4849 etsi
1198 4792 1443 4866 maluerit
1469 4791 2033 4866 Ciaccnnittspariare.

444 4866 750 4938 Appellanti
765 4862 1015 4922 creditori
1034 4873 1183 4929 paret
1196 4862 1564 4938 debitor,_cnm
1579 4872 1653 4938 sat
1665 4862 1852 4938 isfztciit
1874 4863 1900 4919 .1
1909 4864 2038 4920 ubet

444 4933 546 5011 qui
565 4938 747 5008 exigit,
778 4945 929 5007 paret
948 4939 1036 5059 alii
1064 4943 1280 5006 prmstat
1301 4933 1724 5016 quodpromisit.
1772 5006 1781 5016 .
1808 4935 1924 4989 Itin.

498 5009 648 5059 CAP.
673 5005 919 5059 Κίρ-(1))
939 5033 954 5059 ι
999 5006 1219 5059 olitiom's
1240 5020 1345 5059 sum
1357 5020 1600 5059 reamam.
1623 5004 1924 5059 Molilmncn

498 5004 919 5078 CAPJXQ—(h)
939 5004 1219 5061 Malitionis
1240 5020 1345 5078 sua:
1357 5006 1600 5078 regiuam.
1623 5004 1943 5059 hlolilinncm
1964 5007 2036 5061 di-

444 5082 515 5135 cit
531 5075 878 5141 creationem.
894 5075 1102 5134 Creavit
1122 5086 1297 5132 autem
1315 5075 1451 5130 Deus
1475 5075 1744 5131 hominem
1766 5087 2031 5148 tamquam

445 5167 627 5217 regem
656 5151 890 5203 omnium
922 5165 1039 5217 quae
1067 5149 1118 5204 in
1152 5157 1313 5217 terra,
1345 5162 1461 5215 qua:
1493 5150 1542 5202 in
1572 5148 1723 5203 mari.
1774 5146 1892 5203 Itto.

522 5220 917 5295 muliebr/iouis
960 5235 1091 5295 ιιιωῇ
1108 5219 1435 5275 sacerdotem.
1492 5218 1700 5274 Laudes
1744 5230 1797 5275 ct
1840 5219 2039 5289 gratias

441 5290 805 5349 innimlantctn
851 5291 982 5345 Dco.
1062 5290 1179 5345 Rm.

515 5364 594 5435 (d)
634 5362 822 5435 Christi
847 5363 924 5435 sui
954 5378 1196 5417 sororem.
1221 5361 1352 5435 Quia
1375 5371 1622 5435 cognatm
1641 5374 1695 5435 et
1719 5359 2037 5435 cottgencris

445 5432 758 5489 ctn'n‘carne
784 5434 1001 5500 Christi,
1037 5451 1138 5487 non
1172 5441 1227 5487 ιιι
1255 5432 1493 5503 plerique
1519 5433 1890 5487 haereticorum
1920 5432 2038 5486 illo-

447 5522 586 5571 rmn,
619 5502 876 5558 adversus
900 5520 1033 5574 quos
1060 5503 1379 5574 digladiatnr
1401 5502 1607 5567 auctor,
1637 5503 1891 5575 putabant
1915 5520 2036 5556 rar-

449 5592 571 5631 nem
605 5575 798 5631 Christi
827 5575 1046 5630 diversa:
1074 5575 1292 5630 rationis
1323 5575 1506 5637 fuisse,
1539 5587 1623 5628 ant
1657 5576 2035 5639 phantasticm,

451 5655 545 5700 ant
572 5644 929 5718 sidereze,aut
952 5647 1220 5707 animalis,
1250 5655 1341 5700 ant
1368 5648 1678 5718 spiritualis,
1715 5647 1782 5701 de
1812 5659 2040 5716 quorum

452 5716 746 5789 Itmres'tltns
773 5716 861 5771 lib.
888 5718 1117 5789 preteeti.
1197 5718 1323 5775 Lac.

522 5783 596 5858 (e)
634 5784 813 5843 Solum
842 5783 1087 5861 optimum
1127 5805 1160 5847 a
1196 5789 1397 5846 Christo
1443 5789 1580 5860 ejus,
1628 5796 1733 5847 etc.
1779 5786 1909 5860 Oper
1924 5785 2042 5844 ibus

2145 4508 2330 4578 gratia!
2358 4506 2591 4578 optimus
2610 4506 2748 4579 Dens
2778 4505 2990 4579 agnitus
3016 4514 3120 4563 est.
3149 4505 3345 4579 Contra
3371 4507 3734 4566 Marcionistas

2145 4577 2304 4635 etiam
2333 4577 2531 4652 dictum
2570 4586 2651 4652 est
2682 4577 2780 4633 hoc
2799 4577 2828 4646 ,“
2847 4581 2933 4650 qui
2978 4593 3098 4633 cum
3129 4578 3264 4652 duos
3291 4579 3421 4652 deos
3452 4582 3734 4652 distingue-

2146 4662 2284 4713 rent,
2315 4651 2470 4705 deum
2505 4649 2701 4703 malum
2729 4648 3050 4715 creatorem,
3081 4659 3133 4704 et
3161 4648 3321 4705 deum
3350 4651 3572 4715 bonum,
3600 4648 3733 4707 Iiunc

2149 4722 2402 4779 dicebant
2458 4720 2621 4775 fuisse
2661 4722 2824 4775 Deum
2854 4718 2918 4776 ad
2946 4735 3103 4791 quem
3129 4718 3373 4776 Christus
3403 4725 3731 4791 pertinebat,

2149 4804 2206 4848 et
2234 4808 2327 4863 per
2355 4791 2623 4848 Christum
2656 4800 2835 4846 notam
2866 4794 2981 4860 ejus
3008 4793 3319 4849 bonitatem.
3397 4791 3530 4850 Lac.

2218 4863 2281 4937 (f)
2322 4863 2429 4937 Sed
2458 4863 2877 4937 inlicitos-tioribus
2903 4864 3144 4934 majorem
3172 4865 3544 4937 circimtdamus
3581 4864 3734 4919 Itona-

2142 4934 2270 4990 rem.
2309 4935 2438 5060 (flia!
2464 4950 2583 4989 cum
2618 4935 2880 4989 nominari
2925 4949 3143 4990 necesse
3170 4944 3280 5002 est,
3312 4934 3572 4992 honorem
3602 4952 3732 5009 pm:-

2142 5006 2232 5060 iari
2264 5020 2324 5060 so
2350 5020 2520 5060 emus.
2594 5005 2715 5060 Rm.

2134 5006 2232 5062 fari
2264 5005 2520 5061 solemus.
2594 5005 2715 5060 Rm.

2203 5078 2355 5133 CAP.
2395 5077 2460 5132 X.
2484 5074 2650 5147 —-(g)
2682 5075 2861 5129 Omnis
2882 5092 3002 5131 caro
3036 5075 3218 5132 ridebit
3253 5077 3475 5134 salutare
3509 5077 3623 5133 Dei.
3647 5077 3732 5132 In—

2143 5148 2218 5203 I'ra
2245 5165 2362 5217 cap.
2393 5147 2484 5215 59,
2514 5152 2715 5202 credent
2749 5147 2832 5202 hac
2860 5149 3150 5220 Scriptura:
3179 5149 3367 5220 iisdem
3397 5165 3533 5220 pene
3560 5149 3733 5220 verbis

2145 5220 2394 5291 citantur.
2426 5220 2639 5289 Legitur
2652 5227 2826 5273 autem
2844 5217 2893 5274 id
2908 5217 3197 5291 semiudum
3214 5219 3302 5274 LX
3314 5220 3378 5287 X,
3399 5217 3497 5290 pro
3512 5235 3578 5274 eo
3594 5218 3729 5291 quod

2147 5291 2335 5345 beatus
2368 5288 2725 5361 Hieranymns
2756 5292 2913 5344 vertit
2937 5290 3233 5355 dumtaxat,
3280 5304 3325 5344 et
3355 5288 3535 5345 videbit
3570 5288 3731 5361 omnis

2141 5379 2260 5416 caro
2281 5363 2466 5431 pariter
2484 5377 2503 5414 :
2530 5360 2686 5430 quam
2711 5370 2990 5431 utramque
3008 5362 3288 5417 lectionem
3303 5362 3488 5417 eodem
3518 5360 3724 5417 recide-

2141 5449 2201 5488 re
2221 5475 2236 5501 ,
2272 5434 2491 5503 pulchre
2520 5432 2739 5503 deducit
2764 5433 2885 5503 Leo;
2900 5433 2966 5487 de
2994 5431 3184 5485 Castro
3211 5434 3262 5487 in
3294 5433 3500 5486 Isaiam.
3535 5432 3612 5487 Ls
3637 5434 3726 5503 I’n.

2218 5501 2299 5575 (lt)
2342 5504 2407 5559 Et
2445 5505 2498 5557 in
2528 5502 2632 5558 illis
2661 5503 2818 5575 literis
2849 5501 3049 5575 Paulus
3074 5503 3309 5575 est._Iloc
3332 5512 3435 5575 est,
3465 5511 3519 5556 et
3551 5503 3604 5557 in
3628 5502 3730 5558 illis

2141 5572 2432 5631 Scrinium
2458 5572 2774 5629 testimoniis
2800 5573 2942 5628 Pauli
2968 5589 3066 5628 vox
3094 5573 3325 5627 auditur.
3393 5573 3514 5629 Rm.

2212 5644 2367 5701 CAP.
2400 5644 2491 5700 XI.
2520 5675 2593 5686 ——
2621 5646 2687 5714 (i)
2732 5645 3027 5699 l’aracletus
3067 5660 3155 5712 per
3200 5646 3581 5714 prophetidem,
3624 5648 3725 5698 etc.

2143 5716 2477 5773 Paracletum
2499 5725 2652 5771 vocat
2691 5715 2923 5772 Montani
2951 5715 3224 5786 spiritum,
3252 5716 3339 5786 cui
3362 5715 3471 5786 jam
3500 5719 3730 5786 haeserat

2144 5798 2351 5859 auctor,
2375 5802 2497 5844 eum
2525 5785 2667 5844 hunc
2691 5794 2971 5844 tractatum
2983 5785 3229 5859 scripsit.
3248 5785 3427 5842 Prisca
3451 5800 3580 5844 vero
3600 5785 3728 5842 alias
