4042 6288
444 327 552 387 815

1424 325 1629 383 LIBER
1679 327 1767 383 DE
1804 324 2385 384 RESURRECTIONE
2423 324 2687 385 CARNIS.

3641 329 3748 387 814

448 455 650 503 curarit
699 444 800 521 (t),
833 462 898 501 an
942 460 1047 503 non
1094 446 1277 518 utique
1307 443 1390 519 (2)
1423 444 1683 516 judicium
1727 446 2052 501 resurrectio
2079 449 2131 510 Α
2157 445 2272 500 sine
2296 444 2491 500 elleetu
2540 446 2822 516 cogitatus,
2854 444 3030 500 carnis
3073 452 3157 501 est
3194 453 3366 502 actus.
3409 445 3516 504 sed
3547 448 3645 504 etsi
3697 450 3749 505 in

449 550 737 611 expunget.
774 539 900 595 llaec
922 542 1024 595 erit
1056 549 1162 594 tota
1184 555 1395 607 caussa,
1414 540 1520 593 imu
1548 540 1841 594 necessitas
1872 554 2050 593 resur-

451 634 707 689 rectionis
742 629 850 704 (a);
884 633 1368 702 congruentissima
1392 632 1592 686 scilicet
1622 631 1733 685 Deo
1762 628 2051 685 destinatio

447 723 675 795 judicii:
725 722 793 777 de
820 723 974 791 cujus
1013 722 1366 793 dispositione
1412 721 1684 790 dispicias,
1734 736 1799 775 an
1843 722 2052 790 utrique

451 814 768 870 substantia:
800 813 1047 870 humana:
1077 813 1432 885 dijudicanda:
1458 828 1683 868 censura
1715 812 1893 868 divina
1925 829 2055 882 pric-

449 908 643 975 sideat,
670 918 776 962 tam
818 906 1013 962 anima:
1060 923 1220 978 quam
1259 918 1313 961 et
1342 905 1512 961 carni.
1542 904 1697 973 Quod
1745 906 1887 960 enim
1917 919 2050 959 con-

447 1009 606 1072 gruet
670 998 930 1069 judicari,
994 998 1095 1052 hoc
1152 1005 1423 1067 competet
1488 995 1649 1051 etiam
1720 995 2049 1051 resuscitari.

453 1093 685 1149 Dicimus
734 1090 950 1162 plenum
1021 1091 1194 1161 primo
1255 1088 1660 1160 perfectumque
1725 1086 2051 1143 credendum

444 1186 702 1258 judicium
764 1184 896 1250 Dei,
961 1192 1017 1237 ut
1060 1183 1301 1237 ultimum
1329 1181 1438 1251 jam
1490 1193 1649 1251 atque
1685 1180 1881 1235 exinde
1925 1195 2050 1250 per-

453 1287 667 1350 pctuum
728 1294 741 1330 :
804 1285 862 1330 ut
905 1277 984 1330 sic
1014 1290 1225 1346 quoque
1268 1275 1491 1342 justum,
1530 1274 1655 1328 dum
1703 1289 1807 1327 non
1861 1275 1913 1327 in
1953 1272 2053 1326 ali-

450 1388 556 1443 quo
602 1372 898 1428 minus:ut
940 1371 1018 1426 sie
1059 1385 1271 1440 quoque
1334 1369 1442 1423 Deo
1496 1368 1746 1438 dignum,
1788 1367 1912 1420 dum
1957 1383 2052 1436 pro

452 1474 595 1521 tanta
670 1466 787 1534 ejus
866 1464 1148 1534 patientia,
1228 1462 1442 1533 plenum
1510 1471 1668 1532 atque
1707 1459 2047 1531 perfection:

448 1559 629 1629 itaque
666 1557 745 1630 (5)
777 1556 1158 1627 plenitudinem
1201 1554 1689 1626 perfectionemque
1704 1553 1911 1625 judieii,
1946 1569 2049 1607 non

452 1652 551 1706 nisi
605 1651 672 1705 de
738 1650 898 1703 totius
954 1648 1187 1703 hominis
1254 1645 1729 1717 repraesentatione
1780 1654 2047 1700 tonstare.

450 1744 642 1813 Totum
709 1758 869 1813 porro
932 1740 1203 1795 hominem
1263 1755 1328 1795 ex
1394 1738 1670 1804 utriusque
1740 1737 2052 1792 substantia:

2154 538 2397 601 cerebro,
2426 538 2509 593 vel
2542 538 2591 592 in
2624 537 2801 594 medio
2840 538 3260 608 superciliorum
3297 538 3631 607 discriminc,
3665 541 3750 597 vel

2157 633 2244 687 ubi
2279 634 2365 688 ubi
2396 632 2511 704 (10)
2528 631 2859 703 philoSOphis
2888 632 3079 703 placet,
3098 633 3464 704 principalitas
3491 649 3749 690 sensuum

2154 736 2464 782 consecrata
2488 736 2594 791 est,
2618 726 2758 798 quod
2777 727 3162 798 lit-gemonicon
3177 726 3494 797 appellatur,
3523 728 3606 799 (ιι)
3624 742 3750 783 caro

2155 812 2440 876 crit-omne
2467 820 2659 876 anima:
2684 820 3084 891 cogitatorium.
3116 819 3396 891 Nunquam
3424 822 3599 875 anima
3631 822 3751 878 sine

2154 928 2316 969 carne
2340 922 2443 978 est,
2472 912 2723 982 quamdiu
2750 912 2803 968 in
2842 928 3004 970 Carne
3030 921 3130 970 est.
3161 913 3302 968 Nihil
3346 929 3452 969 non
3494 930 3617 970 eum
3661 915 3749 971 illa

2156 1006 2427 1075 agit,sine
2456 1021 2557 1076 qua
2609 1021 2713 1059 non
2764 1015 2867 1059 est.
2897 1004 3091 1072 Quarre
3141 1004 3318 1061 adhuc
3368 1022 3434 1059 an
3482 1007 3747 1076 Cogitatus

2155 1113 2368 1168 quoque
2387 1112 2479 1168 per
2504 1112 2718 1152 carnem
2742 1096 3186 1152 administrentur
3216 1096 3355 1170 (11),
3385 1098 3474 1169 qui
3505 1113 3601 1169 per
3626 1114 3749 1155 car-

2155 1205 2278 1243 nem
2309 1189 2661 1245 dinoscuntur
2680 1190 3034 1245 extrinsecus.
3065 1189 3282 1246 Volutet
3309 1190 3508 1261 aliquid
3548 1192 3747 1257 anima,

2155 1281 2333 1335 vultus
2381 1291 2632 1352 operatur
2675 1280 2924 1335 indicium
2966 1279 3080 1353 (1‘2)
3135 1298 3148 1334 :
3200 1281 3362 1338 facies
3392 1283 3747 1339 intentionum

2155 1374 2395 1427 omnium
2416 1373 2693 1443 speculum
2733 1382 2818 1427 est
2854 1372 2945 1444 (ε).
2980 1374 3180 1443 Negent
3219 1374 3476 1429 factorum
3526 1378 3753 1433 societa-

2157 1475 2285 1531 tem,
2314 1466 2399 1520 cui
2450 1481 2645 1537 negare
2699 1481 2805 1521 non
2864 1476 3087 1537 possunt
3133 1466 3508 1536 cogitatorum.
3566 1470 3627 1525 Et
3674 1470 3750 1526 illi

2156 1557 2370 1627 quidem
2389 1557 2782 1629 delinquentias
2812 1558 2993 1613 carnis
3017 1572 3333 1615 enumerant
3364 1576 3378 1614 :
3406 1542 3535 1632 ergo
3561 1578 3752 1634 pecca-

2159 1652 2259 1705 trix
2299 1651 2567 1707 tenebitur
2592 1651 2872 1721 supplicio.
2906 1650 3014 1706 Nos
3035 1667 3164 1706 vero
3198 1654 3357 1707 etiam
3381 1654 3605 1710 virtu'es
3635 1671 3753 1711 ear-

2159 1743 2240 1797 nis
2280 1744 2609 1813 Oppoltlmlls
2641 1762 2653 1798 :
2686 1760 2815 1815 ergo
2836 1755 2889 1799 et
2916 1744 3051 1799 bene
3075 1754 3293 1815 operata
3328 1746 3592 1801 tenebitur
3617 1763 3754 1819 prie-

449 1836 796 1891 Concretione
849 1833 928 1905 (4)
980 1848 1166 1903 parere
1216 1830 1331 1904 (5);
1387 1830 1692 1900 idcircoque
1743 1829 1792 1882 in
1826 1837 2049 1899 utraque
2079 1844 2126 1905 Β
2160 1837 2265 1891 min
2309 1838 2374 1891 Et
2401 1838 2445 1891 si
2477 1841 2651 1893 anima
2696 1847 2777 1892 est
2825 1855 2943 1909 qua:
2978 1839 3086 1909 agit
3132 1847 3185 1894 et
3216 1840 3439 1909 impellit
3466 1843 3516 1896 in
3548 1843 3749 1909 omnia,

447 1927 834 1992 exhibendum,
887 1941 1046 1995 quem
1102 1934 1269 1978 totum
1319 1930 1565 1992 oporteat
1613 1920 1844 1988 judicari
1903 1937 1916 1969 :
1959 1920 2048 1989 qui

449 2020 549 2074 nisi
602 2028 764 2081 totus,
815 2016 998 2087 utique
1051 2032 1155 2071 non
1211 2014 1422 2070 vixerit.
1476 2012 1658 2080 Qualis
1680 2026 1807 2080 ergo
1830 2012 2046 2074 vixerit,

386 2130 425 2156 σν
448 2112 610 2167 talem
635 2109 889 2180 judicari,
914 2107 1034 2179 quia
1067 2109 1132 2162 de
1163 2124 1226 2162 cu
1257 2107 1397 2177 qttod
1426 2106 1639 2165 vixerit.
1689 2102 2046 2173 habeatjudt.

447 2204 579 2259 cari.
615 2202 731 2257 Vita
761 2211 844 2255 est
871 2203 1015 2256 enim
1048 2215 1206 2255 causa
1232 2198 1457 2269 judicii;
1491 2214 1584 2267 per
1615 2204 1693 2251 tot
1722 2196 2048 2251 substantias

448 2293 837 2367 dispungenda,
865 2311 958 2364 per
981 2302 1111 2365 quot
1132 2301 1187 2347 et
1214 2292 1394 2347 functa
1421 2302 1525 2347 est.

1048 2385 1276 2442 CAPUT
1325 2385 1440 2442 XV.

519 2487 630 2555 Age
646 2483 779 2553 jam,
810 2481 1058 2538 scindant
1083 2482 1378 2537 adversarii
1412 2482 1581 2537 nostri
1620 2481 1797 2538 carnis
1826 2481 2048 2538 animin-

444 2593 553 2649 que
578 2585 886 2632 cnntcxtum
907 2619 923 2643 ,
956 2578 1101 2647 prius
1132 2576 1185 2630 in
1217 2574 1337 2630 vita:
1364 2576 1857 2644 adminiStratione,
1889 2588 1946 2632 ut
1978 2579 2045 2632 ita

445 2672 678 2728 audeant
721 2671 973 2727 scindere
1026 2670 1156 2725 illttd
1201 2671 1363 2725 etiam
1408 2670 1611 2725 invitm
1659 2672 2049 2727 remuneratio-

447 2784 533 2822 ne.
568 2766 642 2835 (b)
672 2765 879 2836 Negant
926 2780 1209 2834 operarum
1265 2761 1345 2836 (6)
1376 2763 1709 2828 societatem,
1746 2775 1798 2818 ut
1855 2767 2048 2820 merito

345 2861 658 2929 "possint
693 2858 851 2913 etiam
905 2855 1208 2910 mercedem
1256 2871 1471 2925 negare.
1506 2853 1619 2909 Non
1663 2855 1732 2910 sit
1782 2855 2048 2928 particeps

443 2954 499 3007 in
525 2950 788 3007 sententia
808 2952 964 3017 ‘caro,
994 2950 1039 3005 si
1070 2964 1174 3004 non
1206 2948 1364 3003 fuerit
1390 2960 1443 3003 et
1476 2950 1527 3003 in
1559 2950 1908 3005 caussa.Sola
1935 2952 2050 3006 aui-

445 3061 531 3100 ma
563 3052 865 3111 revocetur,
893 3041 937 3097 si
966 3042 1079 3098 sola
1108 3040 1321 3097 decedit
1350 3039 1442 3112 (c).
1488 3041 1702 3097 Atenim
1732 3057 1840 3097 non
1877 3044 2048 3114 magis

442 3139 557 3194 sola
579 3138 811 3203 decedit,
854 3152 1016 3209 quam
1054 3137 1167 3192 sola
1199 3136 1503 3191 decucurrit
1544 3136 1673 3191 illud
1716 3136 1857 3192 unde
1885 3137 2045 3193 dece-

442 3230 521 3285 dit
553 3247 565 3285 :
598 3230 759 3285 vitam
788 3229 927 3284 hanc
952 3228 1090 3283 dico.
1127 3229 1279 3283 Adeo
1306 3236 1485 3282 autem
1531 3244 1637 3282 non
1685 3227 1796 3283 sola
1825 3227 1905 3301 (7)
1933 3229 2048 3283 ani-

444 3340 529 3378 ma
564 3323 808 3394 transigit
838 3324 1021 3387 vitam,
1053 3332 1107 3376 ut
1136 3338 1235 3377 nec
1263 3325 1549 3390 cogitatus,
1577 3321 1703 3377 licet
1722 3323 1886 3388 solos,
1920 3322 2047 3379 licet

444 3432 553 3472 noa
586 3416 650 3470 ad
676 3414 921 3471 etl‘eetum
949 3412 1027 3487 (8)
1061 3430 1154 3482 per
1183 3429 1398 3469 carnem
1431 3413 1713 3479 deductos,
1740 3415 2045 3470 auferamus

442 3525 473 3564 a
501 3508 729 3579 collegio
753 3508 952 3563 carnis.
990 3505 1262 3577 Siquidem
1285 3508 1667 3579 Mﬂtbfl
1693 3522 1813 3562 cum
1845 3520 2040 3579 carne,

1284 3575 1575 3585 ...αι’-..ι’-

443 3611 496 3654 et
521 3615 613 3670 per
635 3614 849 3655 carnem
879 3599 1053 3668 agitur
1079 3599 1147 3652 ab
1167 3596 1541 3675 anima,‘quod
1560 3600 1737 3669 agitur
1768 3598 1820 3653 in
1849 3598 2055 3675 corde.

444 3693 593 3749 Hanc
632 3692 861 3763 denique
901 3692 1080 3747 carnis
1123 3693 1379 3762 speciem,
1407 3708 1584 3749 arcem
1633 3693 1848 3757 anima},
1877 3693 2039 3749 etiam

379 3787 703 3842 "Dominus
747 3786 798 3840 in
858 3785 1249 3856 sugillationem
1316 3786 1642 3856 cogitantum
1695 3786 1774 3857 (9)
1837 3795 2037 3842 taxat:

446 3880 583 3950 Quid
604 3880 832 3951 cogitatis
875 3880 929 3933 iu
957 3878 1192 3933 cordibus
1222 3880 1395 3934 vestris
1422 3896 1637 3951 nequam
1663 3878 1742 3949 (Μ
1751 3880 1877 3935 utth.
1907 3878 2041 3951 IX)?

439 3983 496 4028 ct
521 3991 535 4026 :
561 3972 659 4040 Qui
689 3972 1005 4036 conspexerit
1036 3972 1295 4026 mulierem
1321 3972 1388 4025 ad
1430 3973 1906 4044 concupiscendum,
1923 3973 2040 4042 jam

441 4065 747 4120 adulteravit
768 4065 822 4119 iu
843 4064 995 4119 corde
1009 4062 1224 4135 (Matth.
1255 4062 1343 4135 ν).
1379 4064 1529 4121 Adeo
1553 4076 1607 4122 et
1634 4066 1754 4121 sine
1777 4080 1942 4135 opere
1983 4074 2039 4120 et

2155 1930 2329 1984 carnis
2378 1929 2692 2000 obsequium
2724 1941 2827 1995 est,
2864 1932 3030 1986 Deum
3078 1946 3181 1985 non
3224 1932 3343 1987 licet
3371 1944 3463 1988 aut
3492 1933 3747 2005 injustmu

2149 2021 2383 2089 judiccm
2413 2023 2578 2085 credi,
2611 2032 2702 2077 aut
2727 2024 2954 2078 inertem
2989 2041 3000 2076 :
3032 2023 3309 2094 iujustunt,
3341 2026 3385 2079 si
3414 2027 3615 2082 sociam
3652 2027 3751 2082 bo-

2154 2129 2343 2169 nornm
2373 2131 2595 2185 operum
2632 2133 2662 2169 a
2691 2117 2928 2186 prtemiis
2961 2126 3142 2183 arcet;
3174 2117 3424 2183 inertem,
3456 2119 3500 2173 si
3546 2120 3748 2176 sociam

2154 2208 2414 2262 malorum
2444 2224 2472 2260 a
2495 2208 2769 2278 suppliciis
2794 2218 3038 2263 secernat
3063 2226 3076 2262 :
3108 2223 3229 2263 cum
3262 2209 3492 2265 humana
3524 2226 3751 2268 censura

2152 2314 2217 2353 co
2241 2298 2524 2367 porreetior
2548 2298 2828 2363 habeatur,
2862 2314 2969 2369 quo
2998 2300 3158 2354 etiam
3193 2299 3469 2356 ministros
3511 2302 3633 2359 facti
3662 2320 3757 2359 cu-

2146 2391 2341 2463 jusque
2362 2392 2623 2462 deposcit,
2652 2407 2750 2447 nec
2777 2408 3031 2463 parcens,
3063 2409 3161 2450 nec
3189 2394 3435 2451 invidens
3463 2396 3585 2465 illis,
3616 2414 3753 2470 quo-

2152 2486 2327 2538 minus
2348 2500 2469 2539 cmn
2499 2485 2827 2553 auctoribus,
2856 2495 2948 2539 aut
2972 2500 3165 2556 pusum,
3194 2495 3285 2541 aut
3304 2488 3751 2559 gratiteconnnu-

2153 2580 2336 2636 niccnt
2365 2579 2615 2635 fructum.

2747 2673 2975 2731 CAPUT
3012 2674 3151 2733 XVI.

2225 2766 2329 2823 Sed
2367 2782 2486 2823 cum
2520 2767 2803 2837 imperium
2831 2767 3044 2835 animm,
3073 2768 3387 2838 obsequium
3406 2773 3552 2827 carni
3576 2773 3760 2831 distri-

2152 2861 2385 2922 buimus.
2418 2860 2857 2931 prospiciendum
2889 2871 2996 2925 est,
3023 2875 3092 2915 ne
3118 2871 3173 2916 et
3201 2861 3301 2917 hoc
3343 2864 3444 2917 alia
3472 2880 3757 2936 argumen-

2154 2952 2353 3006 tatione
2397 2951 2729 3012 subvertant,
2768 2958 2827 3004 ut
2871 2951 3039 3005 velint
3086 2967 3300 3006 carnem
3355 2953 3434 3009 sic
3472 2955 3525 3010 in
3575 2956 3754 3014 ofﬁcio

2155 3046 2350 3099 animm
2371 3043 2661 3107 collocare.
2678 3057 2781 3097 non
2812 3044 2961 3112 quasi
2986 3042 3304 3110 ministram,
3332 3061 3398 3100 tte
3419 3062 3483 3100 ex
3514 3048 3752 3122 boc(15)

2152 3137 2351 3193 sociam
2376 3145 2637 3207 cogantur
2661 3150 2974 3206 agnoscere.
3002 3135 3188 3190 Dicent
3215 3138 3356 3192 enim
3406 3140 3677 3197 ministros
3699 3155 3754 3199 et

2074 3237 2118 3299 ρ
2152 3228 2328 3285 socios
2357 3228 2553 3282 habere
2588 3227 2867 3281 arbitrium
2900 3226 3236 3282 ministrandi
3288 3238 3452 3300 atque
3483 3233 3749 3299 sociaudi,

2151 3331 2204 3377 et
2238 3329 2551 3390 poteStatem
2580 3334 2693 3373 suae
2727 3318 3017 3373 voluntatis
3060 3320 3110 3374 in
3144 3328 3426 3391 utrumque
3447 3366 3459 3386 ,
3506 3324 3752 3382 homines

2149 3412 2354 3467 scilicet
2381 3422 2435 3466 et
2457 3412 2603 3481 ipsos
2631 3426 2646 3476 ;
2674 3410 2875 3465 idcirco
2902 3426 3023 3465 eum
3052 3412 3360 3468 auctoribus
3387 3417 3574 3471 merita
3604 3434 3753 3474 com-

2126 3505 2445 3581 ‘municare,
2473 3504 2668 3573 quibus
2692 3517 2910 3571 Operam
2943 3507 3553 3573 sponteacconnnodaut
3584 3509 3698 3581 (14)
3732 3529 3748 3577 ;

2146 3614 2361 3655 Carnem
2410 3605 2609 3662 autem,
2636 3595 2765 3649 nihil
2796 3595 3121 3665 Sapientem;
3153 3597 3282 3651 nihil
3307 3600 3626 3657 sentientem
3657 3617 3753 3673 per

2146 3690 2509 3760 semetipsam,
2529 3705 2633 3744 non
2652 3688 2806 3751 velle,
2838 3704 2943 3744 non
2971 3688 3113 3745 nolle
3134 3690 3200 3745 de
3215 3705 3312 3746 suo
3334 3691 3642 3763 habentem,
3667 3695 3719 3769 (f
3732 3695 3752 3769 )

2144 3784 2262 3839 vice
2294 3781 2471 3854 potius
2488 3780 2685 3836 vasculi
2703 3794 2965 3850 apparere
2981 3782 3197 3851 anima),
3221 3793 3278 3840 ut
3304 3784 3741 3856 instrumentum,
3781 3801 3813 3827 ι

2145 3891 2253 3932 non
2285 3886 2343 3929 ut
2386 3874 2761 3929 ministerium.
2794 3872 2978 3945 Itaque
3027 3876 3221 3932 anima:
3268 3880 3438 3936 solius
3481 3870 3746 3952 judicium

2146 3967 2454 4040 praesidere,
2485 3967 2710 4039 qualiter
2738 3982 2831 4021 usa
2872 3966 2942 4023 sit
2970 3969 3186 4025 vasculo
3216 3973 3424 4041 carnis;
3474 3976 3749 4035 vasculum

2139 4077 2267 4119 vero
2286 4062 2457 4133 ipsum
2481 4075 2587 4116 non
2607 4074 2727 4116 esse
2748 4061 3027 4118 sententiae
3042 4063 3333 4123 obnoxium
3358 4083 3373 4124 :
3395 4070 3519 4140 quia
3541 4085 3640 4128 nec
3664 4086 3755 4130 ca-

1681 4200 2064 4261 LECTlONES
2103 4201 2192 4258 VA
2202 4196 2522 4256 RIANTES.

530 4317 577 4370 1)
611 4303 819 4370 Curaret
833 4312 987 4368 Rhea.
1010 4315 1161 4366 Seml.

525 4374 576 4445 :2)
611 4380 782 4445 itaque
807 4374 1136 4445 Seml._1_the_u.
1162 4376 1207 4428 id
1229 4390 1428 4441 quoque
1450 4382 1593 4431 Pam.

525 4440 576 4494 5i
612 4440 887 4494 Perfectum
908 4440 1030 4493 add.
1058 4443 1202 4491 Pam.
1228 4440 1375 4492 trait.

525 4441 567 4492 5'
612 4441 887 4494 Perfectum
908 4441 1030 4493 add.
1058 4443 1179 4491 Pam

611 4505 1005 4617 Congreﬁatione
1028 4502 1179 4557 Rheu.

523 4570 555 4632 ὅ
597 4568 776 4632 ’ξω-πε
846 4572 938 4632 ιιι,-

2066 4401 2071 4407 ’
2168 4401 2284 4489 liti

2228 4313 2280 4377 8)
2314 4312 2571 4377 Adfectum
2594 4311 2748 4364 Rhen.
2824 4368 2827 4371 _

2227 4375 2295 4440 9)
2313 4375 2683 4440 suggillatione
2694 4378 2958 4439 cogitatum
2981 4380 3125 4432 Pam.

2344 4436 2602 4490 Ubisetnel
2620 4436 2776 4490 Rheni
2799 4439 2949 4490 Seml.

2231 4501 2306 4554 11)
2340 4502 2750 4551 Administrantur
2773 4501 2923 4553 Rhea.
2951 4504 3101 4554 Seml.

597 4561 776 4638 νιβανέτί
793 4561 938 4638 ῐιιιεη
2058 4570 2114 4632 ι)
2204 4561 2306 4638 (ig)
2340 4562 2583 4638 {udicium
2602 4561 2753 4638 Rhea.
2780 4564 2934 4638 Serui.

502 4622 577 4763 (ϐ)
610 4630 826 4695 Operam
850 4625 955 4680 alii.

527 4693 579 4757 7)
611 4692 780 4744 Solum
804 4689 956 4744 Rhea.
974 4688 1128 4743 Seml.
1158 4690 1357 4745 Obertlt.

2199 4622 2305 4754 (15)
2341 4626 2415 4677 Ne
2442 4633 2494 4676 et
2516 4622 2667 4677 theu.
2693 4625 2849 4678 Seml.

2224 4687 2301 4754 14)
2335 4687 2755 4741 Accommodariut
2776 4684 2928 4742 Rheu.
2948 4689 3100 4742 Seml.

1790 4792 2349 4852 COMMENTARIUS.

514 4944 590 5020 (π)
620 4943 1083 5020 Cougrueutissima
1129 4942 1319 4996 scilicet
1365 4940 1474 5020 Deo
1520 4939 1808 5020 destinatio.
1824 4938 2033 5020 judicii.

443 5010 872 5089 Ita'li‘geud’um,
902 5014 1165 5089 siquidem
1195 5014 1468 5089 Jirafeetlit
1519 5010 2034 5089 iudiciumiuhomi-

442 5107 554 5145 item
588 5082 858 5153 destinare,
888 5098 939 5142 et
970 5082 1104 5141 infra
1139 5102 1151 5137 :
1186 5082 1416 5151 Denique
1436 5083 1543 5137 lucc
1586 5084 1678 5137 erit
1709 5082 1838 5135 ratio
1864 5083 1915 5135 in
1946 5082 2031 5136 ul-

443 5162 619 5216 timum
641 5162 793 5230 ﬁnem
822 5156 1273 5230 destinatijurlicii.
1302 5156 1474 5209 linea.

511 5225 663 5287 CAP.
690 5230 808 5286 XV.
831 5260 901 5271 -
932 5231 1012 5297 (b)
1044 5225 1244 5298 Negeut
1280 5242 1553 5296 aperurum
1590 5225 1897 5289 societatem,
1921 5230 2026 5279 etc.

442 5304 596 5360 Ratio
626 5303 782 5372 hujus
807 5302 997 5369 capitis
1023 5301 1298 5372 desumpta
1331 5308 1414 5353 est
1440 5312 1505 5351 ex
1539 5298 1678 5372 bono
1704 5306 1756 5349 et
1781 5310 1955 5372 teqno,
1980 5303 2035 5348 et

442 5366 901 5446 (tottgrtitt,':tc_ttsi
933 5382 1056 5446 sunt
1084 5371 1173 5424 illa
1217 5366 1483 5446 quotquot
1523 5368 1599 5446 de
1638 5366 2032 5421 resurrectione

441 5438 616 5515 cartiis
648 5453 766 5515 post
786 5441 1172 5515 Tertullianum
1193 5438 1549 5515 scripserunt.
1582 5438 1709 5515 Lac.

512 5508 992 5591 (r)Soladeccdit.
1036 5508 1433 5591 Dccetlcre'non
1491 5511 1704 5591 accipit,
1757 5524 1850 5577 pro
1887 5508 2027 5591 inte-

440 5581 578 5642 rire'
615 5590 876 5648 omnino,
931 5600 1053 5639 nam
1126 5584 1302 5637 anima
1373 5581 1689 5637 immortalis
1761 5581 2031 5648 persistit,

439 5659 533 5714 sed
577 5675 674 5728 pro
723 5658 957 5713 deiicere
989 5657 1057 5711 ab
1095 5655 1194 5709 hac
1225 5656 1329 5709 vita
1360 5652 1680 5724 depcudcuti
1726 5651 2035 5705 ministeriis

441 5733 636 5787 carnis.
672 5729 803 5785 Lac.

505 5800 588 5939 ad)
611 5801 742 5860 Caro
764 5800 857 5854 erit
879 5814 1025 5852 otuuc
1048 5798 1233 5853 auimw
1258 5794 1630 5868 cogitatorium.
1655 5791 2037 5864 Cogitatorium

537 5872 837 5939 'ettulliano
857 5868 1234 5931 dicitur‘locus
1261 5869 1313 5927 in
1340 5880 1589 5939 corpore,
1621 5865 1734 5925 sive
1764 5878 1883 5939 pars
1920 5876 2037 5923 cor-

437 5887 470 5940 ει
505 5865 837 5943 Tertulliano
857 5868 1234 5931 dicitur‘locus
1261 5865 1589 5943 incorpore,
1621 5865 1734 5925 sive
1764 5878 1883 5939 pars
1920 5876 2041 5923 cor-

2141 4938 2289 5017 poris
2312 4934 2397 5017 ubi
2429 4935 2601 5017 anima
2632 4935 2848 5017 cogitat.
2879 4935 3002 4991 Rto.

2212 5006 2289 5081 (c)
2322 5006 2853 5081 Faciesintentionum
2878 5009 3106 5081 omnium
3126 5013 3386 5075 speculum
3414 5025 3502 5072 est.
3532 5015 3587 5073 In
3621 5021 3736 5077 vul-

2140 5089 2194 5133 ttt
2223 5078 2400 5132 notari
2445 5078 2619 5132 solent
2655 5078 2817 5130 animi
2864 5078 3213 5146 atl‘eetioues;
3246 5086 3382 5139 adeo
3415 5096 3469 5141 tit
3497 5090 3731 5148 tristitia.
3803 5088 3809 5093 ’

2140 5150 2404 5214 him-itas,
2429 5164 2599 5214 amor,
2628 5148 2808 5219 odium
2838 5136 3035 5218 aliique
3065 5136 3307 5209 allectus
3326 5136 3732 5219 lacile

2135 5222 2527 5291 (tijudieentttr;
2557 5218 2696 5291 unde
2744 5236 2769 5291 a
2798 5219 3009 5273 valendo
3040 5223 3240 5278 vultum
3270 5228 3520 5282 dixerunt
3545 5218 3736 5289 Gram?

2139 5289 2539 5369 niiuicizftuiini
2585 5289 2732 5369 signa
2754 5290 2812 5342 in
2837 5291 3285 5369 vultu‘ohscrvari
3326 5300 3437 5369 ipse
3460 5302 3620 5357 etiam
3647 5304 3735 5359 di-
3766 5310 3771 5315 ’

2138 5366 2221 5443 xit
2259 5362 2476 5443 Tullius.
2513 5362 2562 5415 in
2607 5361 2851 5443 llisottetit
2898 5380 2910 5413 τ
2962 5360 3149 5443 Oculi,
3177 5360 3496 5443 supercilia,
3554 5376 3730 5443 frons,

2137 5436 2305 5489 rullus
2359 5433 2574 5502 denique
2619 5440 2783 5493 totus,
2838 5448 3003 5484 sermo
3064 5433 3272 5503 quidam
3327 5433 3508 5495 tacitus
3553 5433 3732 5500 utentis

2136 5516 2229 5562 est.
2260 5505 2335 5560 LE
2362 5504 2457 5559 Ρη.

2210 5573 2534 5657 (ᾺΡᾹᾏἮ.
2557 5570 2888 5657 -.(1)Δ1²ὶιέ
2910 5573 3295 5657 ρριὶιιδγαξεςιιὶ
3330 5597 3594 5657 apparere.
3628 5589 3737 5657 Ap-

2140 5663 2350 5723 parerc,
2380 5647 2428 5723 id
2457 5656 2557 5723 est,
2583 5642 2917 5723 ministrare,
2938 5642 3201 5723 fanntlari,
3225 5642 3503 5715 inser'vit‘c,
3528 5664 3582 5709 ct
3611 5642 3699 5713 est:
3716 5701 3731 5723 ,

2144 5716 2202 5795 ut
2229 5719 2493 5795 Asconius
2514 5716 2693 5795 docet,
2726 5716 2955 5795 minoris
2985 5716 3050 5795 ad
3077 5719 3364 5795 majorem;
3395 5724 3536 5777 mute
3580 5716 3735 5795 appal

2147 5792 2336 5864 ritores
2358 5788 2484 5843 dicti
2530 5790 2784 5852 viatores,
2816 5786 2905 5856 qui
2938 5785 3206 5864 judicibns
3244 5801 3439 5858 pra'sto
3490 5785 3736 5864 sunt,“

2137 5860 2286 5937 jnssa
2314 5872 2576 5938 nutusque
2605 5873 2790 5918 eorum
2816 5867 3145 5931 exspectant.
3166 5858 3334 5919 ﬂuctv.
