4042 6288
286 296 393 357 819

1690 292 1776 348 TE
1786 290 2150 349 RTULLIANI

3488 294 3596 352 820

206 448 251 474 ς
289 415 522 471 edictum
537 413 632 473 Dei
657 414 874 487 pendet,
896 411 1222 472 resurrectio
1238 418 1601 467 mortuorum.
1623 409 1735 463 Duo
1758 425 1879 462 ver-
1909 410 1955 469 Α
1986 409 2136 461 sorti.
2170 407 2285 463 Jaui
2317 407 2531 479 quidem
2554 450 2569 475 ,
2598 424 2663 465 eo
2693 409 2809 480 ipso
2835 409 2979 483 quod
3017 410 3344 471 resurrectio
3371 414 3593 471 caducze

291 507 355 562 ba
380 509 645 580 expedita,
675 509 875 576 decisa,
901 504 1268 576 detersa.lpsa
1288 506 1629 567 conveniam,
1657 505 1766 575 ipsa
1788 504 1887 557 dis-

293 603 490 657 cittiam
513 645 527 666 ,
546 606 629 658 cui
653 617 712 658 se
737 602 1049 658 substantitc
1072 600 1341 655 addieant.
1372 600 1503 653 Cum
1527 599 1686 654 audio
1708 614 1886 653 resur-

290 694 579 749 rectionem
637 695 836 750 homini
886 694 1196 761 imminere,
1245 708 1480 762 qua-ram
1533 707 1753 747 necesse
1804 701 1885 746 est

293 784 417 857 quid
447 784 563 857 ejus
592 787 789 842 cadere
816 787 1063 842 sortitqu
1098 787 1185 849 sit.
1240 783 1514 855 Siquidem
1541 786 1671 840 nihil
1707 800 1885 840 resiir-

286 892 411 948 gere
436 880 787 949 exspectabit,
808 881 907 935 nisi
933 879 1074 951 quod
1100 888 1224 934 ante
1270 878 1577 933 succiderit.
1607 879 1705 946 Qui
1731 880 1883 949 igna-

291 979 373 1025 rat
393 986 611 1027 carnem
635 973 828 1028 cadere
852 989 945 1041 per
976 985 1200 1028 mortem
1221 1014 1235 1038 ,
1273 980 1444 1042 potest
1471 988 1587 1027 eam
1610 988 1705 1026 nec
1735 983 1882 1026 stau-

289 1072 393 1115 tem
429 1078 588 1118 nosse
610 1079 708 1135 per
735 1065 915 1119 vitam.
942 1063 1277 1120 Sententiam
1300 1065 1389 1118 Dei
1425 1073 1611 1119 natura
1638 1080 1881 1134 pronun-

292 1155 380 1208 tiat
406 1170 419 1208 :
441 1153 601 1210 Terra
631 1173 683 1212 es
706 1198 719 1220 ,
777 1166 822 1211 et
852 1159 905 1212 in
937 1167 1125 1213 terram
1151 1158 1266 1213 ibis.
1308 1157 1375 1212 Et
1413 1159 1500 1229 qui
1533 1173 1638 1213 non
1671 1160 1878 1214 audivit

291 1246 405 1315 (1),
458 1247 625 1304 videt.
680 1247 832 1307 Nulla
887 1264 1034 1305 mors
1061 1266 1165 1306 non
1218 1250 1370 1306 ruina
1412 1251 1773 1307 membrorum
1796 1260 1885 1307 est

289 1338 394 1414 (2).
443 1340 591 1397 llanc
634 1344 878 1412 corporis
920 1352 1120 1398 sortem
1160 1342 1414 1399 Dominus
1430 1358 1642 1415 quoque
1663 1358 1885 1413 exures-

290 1432 390 1498 Sit,
435 1449 556 1490 cum
597 1434 676 1505 (5)
710 1436 822 1505 ipsa
876 1435 1171 1507 substantia
1231 1436 1483 1491 indutus:
1516 1436 1746 1501 Diruite,
1803 1438 1883 1491 iu-

286 1526 395 1596 quit
428 1524 607 1587 (loau.
630 1523 727 1600 ll),
759 1528 1001 1598 templum
1018 1528 1176 1595 istud,
1192 1539 1237 1582 et
1258 1544 1348 1599 ego
1368 1528 1499 1582 illud
1529 1527 1695 1582 triduo
1716 1544 1885 1584 resus-

291 1617 479 1675 citabo.
521 1617 767 1674 Ostendit
806 1620 950 1675 enim
991 1621 1142 1690 cujus
1189 1622 1258 1675 sit
1309 1620 1476 1685 dirui,
1525 1620 1678 1690 cujus
1721 1620 1875 1686 elidi,

286 1710 439 1779 Cujus
488 1711 700 1782 jacere,
752 1711 867 1782 ejus
922 1711 998 1784 (4)
1050 1725 1104 1767 et
1160 1711 1385 1767 relerari
1442 1712 1542 1783 (5),
1589 1721 1643 1766 et
1695 1726 1874 1767 resus-

284 1804 436 1861 citari
472 1823 485 1859 :
518 1821 838 1877 quamquam
864 1806 1164 1862 etanimam
1193 1804 1564 1864 circumferret
1601 1805 1680 1880 (b)
1712 1806 1883 1877 trepi-

286 1898 500 1951 dantem
524 1913 695 1968 usque
707 1897 773 1952 ad
798 1910 1048 1964 mortem,
1066 1898 1159 1954 sed
1193 1914 1297 1953 non
1314 1899 1596 1954 cadentem
1623 1916 1715 1969 per
1736 1915 1884 1953 tuor-

292 1999 420 2044 tcut.
457 1990 591 2059 Quia
612 1990 957 2063 etScriptura
987 2010 1000 2046 :
1032 1992 1108 2047 De
1132 2009 1373 2064 corpore,
1395 1993 1592 2081 inquit,
1620 2009 1713 2047 suo
1745 1993 1885 2047 diate-

1995 499 2069 552 rei
2092 509 2204 564 est,
2241 501 2287 553 id
2313 503 2627 568 estcaruis,
2656 503 2843 557 eadem
2880 505 2983 559 erit
3008 506 3061 558 el
3102 507 3154 560 in
3196 506 3413 562 nomine
3440 524 3585 573 mor-

1994 592 2067 646 tui
2126 611 2138 646 :
2183 594 2304 662 quia
2336 594 2551 648 eadqu
2581 596 2775 670 reiest.
2822 599 3177 663 resurrectio,
3235 616 3353 668 qua:
3399 601 3597 655 dicitur

1992 695 2349 741 tuertuorum.
2383 689 2471 743 Sic
2499 698 2549 742 ct
2573 704 2669 758 per
2687 690 2953 744 Abraham
2979 702 3179 759 patrem
3207 691 3363 762 fidei,
3389 693 3595 749 ditium.

1992 776 2368 833 fiuuiliaritatii
2422 781 2592 835 virum
2614 821 2627 843 ,
2661 781 2936 837 discimus.
2968 783 3248 840 Postulaus
3268 786 3410 840 enim
3438 785 3595 842 Sara:

1990 872 2276 927 luunandzc
2309 873 2483 928 locum
2510 874 2577 928 de
2625 874 2747 929 filiis
2790 875 2922 930 Chet
2952 875 2997 950 (l
3024 875 3067 949 1)
3109 895 3122 931 :
3167 877 3298 933 Date
3327 895 3477 950 ergo,
3507 878 3596 934 iu-

1988 968 2097 1036 quil
2126 966 2279 1038 (Gen.
2298 967 2505 1039 XXIII).
2527 970 2650 1023 mihi
2686 973 3279 1045 possessionemsepulcri
3303 975 3555 1029 vobiscum
3577 1017 3595 1043 ,

1988 1070 2031 1113 et
2062 1060 2279 1114 huutabo
2319 1072 2572 1116 mortuum
2609 1080 2775 1117 meum
2815 1064 2834 1137 (
2847 1065 2952 1137 15),
2983 1082 3198 1122 carnem
3235 1069 3457 1125 scilicet.
3484 1069 3597 1126 Nc-

1987 1167 2090 1221 que
2116 1154 2254 1207 enim
2284 1154 2476 1208 anima:
2502 1154 2787 1211 humauda:
2834 1159 3066 1228 spatium
3114 1159 3504 1227 desiderasset.
3542 1173 3602 1220 et

1986 1243 2035 1298 si
2057 1243 2233 1299 anima
2249 1246 2489 1300 mortalis
2511 1247 2846 1311 crederetur,
2871 1250 2987 1305 etsi
3018 1260 3264 1307 mortuus
3287 1252 3389 1308 dici
3414 1270 3596 1310 mere.

1987 1347 2151 1392 retur.
2184 1338 2335 1407 Quod
2367 1341 2410 1392 si
2462 1351 2702 1395 mortuus
2726 1355 2918 1411 corpus
2963 1354 3063 1409 est,
3085 1359 3369 1416 corporum
3387 1347 3597 1402 eritre-

1986 1434 2276 1499 surrectio,
2299 1448 2420 1488 cum
2449 1433 2642 1489 dicitur
2685 1445 3036 1491 mortuorum.

2575 1526 2803 1585 CAPUT
2842 1527 2986 1584 XIX.

2058 1616 2128 1671 Et
2157 1616 2270 1671 lucc
2311 1617 2491 1686 itaque
2518 1616 2781 1685 diSpeetio
2804 1621 2939 1674 tituli
2964 1663 2977 1684 ,
3002 1631 3056 1677 et
3083 1623 3333 1692 praeconii
3380 1624 3550 1692 ipsius
3576 1666 3594 1693 ,

1990 1709 2149 1764 fidem
2207 1710 2389 1778 utique
2429 1710 2726 1766 defendens
2782 1712 3206 1780 vocabulorum,
3279 1716 3410 1773 illuc
3469 1716 3592 1790 (16)

1992 1801 2255 1872 prolicere
2283 1800 2531 1870 debebit,
2562 1812 2620 1857 ut
2644 1804 2688 1858 si
2730 1804 2854 1872 quid
2879 1803 2993 1879 (l7)
3037 1821 3160 1876 pars
3174 1806 3385 1862 diversa
3417 1809 3601 1865 turbat

1992 1895 2210 1951 obtentu
2247 1894 2534 1966 figurarum
2563 1907 2610 1951 et
2639 1899 2981 1972 zeuigmatum
3000 1942 3014 1965 ,
3046 1899 3408 1957 manifestiora
3434 1919 3589 1972 qure-

1995 2003 2099 2057 que
2137 1987 2495 2056 praevaleant,
2522 1999 2574 2041 et
2601 1989 2667 2043 de
2699 1968 2916 2045 inccr'tis
2944 1991 3172 2046 certiora
3223 1995 3595 2062 praeses-ibant.

288 2091 388 2133 rat.
422 2083 596 2152 Atque
631 2083 764 2137 adeo
791 2099 919 2139 caro
939 2093 1041 2150 est,
1066 2100 1182 2154 qum
1199 2095 1371 2139 morte
1394 2067 1686 2149 sithruitur,
1721 2093 1887 2140 1111111-
1916 2067 1963 2127 Β
1992 2083 2141 2140 Nacti
2164 2087 2308 2142 enim
2336 2088 2548 2157 quidam
2585 2088 3035 2144 solemnissimam
3068 2090 3264 2161 eloquii
3292 2090 3593 2162 proliheiiei

289 2172 416 2243 inde
440 2188 467 2226 a
503 2174 742 2231 cadendo
764 2176 989 2233 cadaver
1011 2180 1344 2233 renuntietur
1374 2179 1475 2252 (7).
1494 2178 1682 2233 Anima
1698 2194 1881 2250 porro,

293 2279 393 2319 nec
434 2267 691 2321 \‘nCabttlo
717 2267 886 2334 cadit,
910 2270 1031 2338 quia
1057 2284 1154 2325 uec
1182 2269 1362 2324 habitu
1396 2270 1521 2325 ruit.
1552 2271 1748 2339 Atquin
1770 2272 1883 2340 ipsa

288 2368 403 2421 est,
450 2373 570 2429 qua:
619 2359 825 2414 ruinam
867 2361 1079 2430 corpori
1130 2360 1321 2424 infert,
1382 2377 1502 2415 cum
1531 2361 1707 2417 emata
1752 2369 1881 2417 est:

286 2451 425 2506 sicut
456 2451 567 2521 ipsa
595 2462 708 2519 est,
731 2468 850 2523 qua:
872 2453 1001 2509 illud
1034 2453 1102 2509 de
1131 2463 1271 2508 terra
1298 2454 1576 2509 suseitahit
1617 2455 1880 2525 ingressa.

289 2539 403 2595 Non
432 2551 606 2612 potest
634 2542 859 2609 cadere,
888 2560 1007 2615 qua:
1037 2543 1593 2615 suscitavitingressa.
1640 2544 1754 2600 Non
1784 2561 1880 2614 po-

288 2640 395 2688 test
425 2633 506 2703 (8)
526 2649 861 2705 rucrc,qua:
916 2636 1067 2691 elidit
1111 2636 1189 2708 (9)
1236 2652 1471 2708 egressa.
1529 2638 1743 2693 Aretius
1802 2638 1883 2693 di-

285 2741 404 2781 cam
424 2768 439 2793 ,
460 2744 524 2781 uc
548 2728 597 2781 in
614 2743 858 2782 somnum
883 2728 1094 2798 quidem
1112 2728 1252 2784 cadit
1274 2730 1451 2783 anima
1472 2746 1591 2784 cum
1620 2745 1872 2801 corpore.

287 2834 355 2872 ne
402 2828 510 2873 tum
541 2819 753 2890 quidem
787 2822 1042 2875 sternitur
1090 2836 1210 2876 cum
1267 2837 1451 2877 carne.
1508 2821 1716 2876 Etenim
1764 2821 1878 2894 (l0)

224 2940 266 2969 ,ι
285 2911 516 2980 agitatur
545 2902 814 2967 insomnis
839 2924 890 2968 et
912 2913 1224 2985 jactitatur;
1265 2914 1561 2981 quiesceret
1589 2925 1799 2980 autem,
1834 2918 1876 2971 si

281 3002 521 3075 jaccret;
555 3003 860 3074 ctjaceret,
887 3006 931 3060 si
961 3006 1175 3061 caderet
1207 3006 1343 3080 (11).
1376 3007 1449 3062 Ita
1481 3024 1576 3063 nec
1600 3010 1651 3063 in
1682 3009 1874 3063 verita-

292 3104 396 3151 tem
431 3095 546 3169 (12)
590 3099 779 3154 mortis
833 3098 1005 3165 cadit,
1051 3117 1168 3168 qua:
1215 3117 1311 3157 nec
1352 3103 1400 3155 in
1448 3103 1727 3174 imaginem
1759 3102 1873 3177 (15)

283 3188 400 3254 ejus
476 3190 602 3243 ruit.
657 3191 899 3258 Sequens
974 3208 1113 3247 nunc
1173 3195 1486 3249 voeabultnn
1564 3190 1873 3251 mortuorum

279 3294 431 3349 atque
457 3280 783 3351 dispice,cui
810 3284 1121 3339 substantia
1155 3284 1350 3339 insidat
1391 3303 1402 3337 :
1440 3268 1762 3355 quamquam
1820 3291 1869 3343 in

278 3371 620 3428 hacmaleria
663 3375 1037 3438 admittamus,
1076 3375 1340 3431 interdum
1370 3377 1445 3449 (a)
1482 3380 1857 3435 mortalitatem

1990 2178 2237 2249 formam,
2270 2182 2538 2253 allegoriei
2566 2191 2619 2236 et
2645 2182 2850 2253 figurati
2878 2183 3222 2254 plerumque,
3258 2199 3363 2236 nou
3410 2195 3593 2240 tamen

1987 2286 2222 2343 semper,
2239 2274 2689 2328 resurrectionem
2710 2289 2921 2343 quoque
2936 2290 3040 2327 mm
3059 2285 3270 2329 tuorum
3293 2274 3585 2330 manifeste

1994 2366 2364 2419 annuntiatam
2385 2408 2398 2430 ,
2430 2365 2483 2419 in
2508 2365 2874 2435 imaginariam
2905 2364 3350 2436 significationem
3380 2366 3590 2421 distor-

1987 2466 2183 2528 quent;
2215 2469 2587 2513 asseverantes
2624 2458 2791 2527 ipsam
2821 2460 2980 2512 etiam
3011 2469 3238 2514 mortem
3269 2459 3590 2528 spiritaliter

1990 2550 2409 2621 intelligendam.
2433 2550 2547 2606 Non
2578 2552 2720 2606 enim
2750 2550 2887 2606 hanc
2903 2566 3022 2606 esse
3054 2552 3265 2618 iuvero,
3293 2569 3410 2621 qua:
3437 2553 3506 2607 sit
3530 2554 3589 2608 in

1986 2638 2192 2699 medio,
2228 2638 2502 2695 dissidiuiu
2528 2639 2705 2692 carnis
2748 2647 2908 2707 atque
2949 2636 3174 2692 animm:
3205 2637 3297 2691 sed
3334 2637 3592 2709 ignorau—

1985 2728 2110 2783 tiam
2138 2728 2252 2790 Dei.
2287 2744 2381 2799 per
2405 2744 2562 2799 quam
2594 2729 2751 2781 homo
2774 2740 3014 2782 mortuus
3052 2729 3191 2788 Deo,
3250 2744 3354 2781 non
3410 2731 3592 2786 minus

1983 2822 2034 2876 iu
2068 2837 2249 2877 errore
2294 2823 2522 2890 jicuerit
2562 2838 2716 2891 quam
2748 2822 2799 2874 iu
2840 2822 3111 2891 sepulcro.
3169 2822 3348 2893 Itaque
3397 2824 3590 2900 et.(b)

1985 2914 2429 2968 resurrectionem
2445 2929 2560 2966 eam
2579 2914 2945 2967 vitulicatnlam
2968 2954 2982 2980 ,
3027 2930 3128 2984 qua
3150 2915 3270 2985 quis
3302 2914 3443 2969 adita
3466 2916 3594 2989 (ts)

1983 3007 2206 3059 veritate.
2236 3007 2598 3061 rethuiimatus
2628 3018 2675 3062 et
2700 3007 3054 3062 reriritieatus
3086 3009 3222 3073 Deo,
3257 3010 3578 3080 ignorantia:

1985 3108 2157 3152 morte.
2177 3097 2437 3158 tiiSCllSSJ,
2467 3098 2611 3153 velut
2638 3099 2703 3152 de
2726 3099 2971 3168 sepulcro
2995 3113 3131 3155 vetet
3149 3102 3191 3153 is
3213 3102 3443 3156 hominis
3460 3120 3589 3156 eru-

1981 3194 2155 3265 perit:
2185 3194 2305 3264 quia
2336 3202 2390 3247 cl
2422 3193 2676 3247 Dominus
2710 3194 2931 3248 Senibus
2985 3206 3032 3248 et
3072 3194 3373 3250 Pharismos
3405 3199 3591 3266 sepul-

1979 3289 2085 3342 cris
2118 3287 2377 3341 tit-albulis
2417 3286 2533 3359 (19)
2584 3288 2982 3357 mla-quaverit.
3028 3288 3234 3344 Exinde
3284 3305 3449 3360 ergo,
3494 3305 3588 3345 re-

1979 3381 2363 3435 sui-rectionem
2391 3379 2492 3433 fide
2519 3394 2857 3445 consecutos,
2885 3396 3004 3435 eum
3029 3381 3258 3434 Domino
3286 3394 3405 3435 esse
3424 3423 3437 3445 ,
3461 3397 3588 3437 cum

224 3484 251 3505 ν
279 3466 471 3519 anima-
493 3467 751 3536 assignari
779 3467 847 3521 ab
897 3468 1170 3524 haereticis
1203 3488 1215 3524 :
1248 3477 1304 3523 111
1331 3511 1343 3530 .
1374 3471 1416 3522 si
1444 3471 1617 3524 auitna
1640 3470 1879 3524 mortalis
1907 3461 1950 3524 C
1987 3487 2108 3524 cum
2166 3472 2215 3524 in
2250 3470 2567 3541 baptismate
2622 3470 2738 3544 (³20)
2821 3470 3112 3525 induerint.
3184 3466 3296 3525 Hoc.
3350 3469 3591 3542 denique

280 3560 722 3613 resurrectionem
738 3571 1084 3614 consecutura
1102 3570 1200 3615 cst.
1220 3560 1581 3631 pl';t‘jUtiiCillltt
1601 3564 1664 3616 sit
1680 3571 1730 3616 et
1751 3575 1828 3616 cat
1844 3592 1872 3604 -

289 3652 340 3705 ni
365 3668 467 3706 ttou
489 3652 663 3706 minus
685 3655 894 3708 mortali
920 3654 1365 3709 resurrectionem
1383 3656 1874 3725 eotnmunicaturte.

285 3743 388 3801 Sed
443 3759 580 3799 nunc
633 3745 931 3815 proprietas
982 3747 1223 3802 rocabuli
1278 3747 1591 3803 vindicanda
1638 3759 1717 3803 es:
1768 3763 1880 3803 suae

1987 3564 2197 3632 ingenio
2219 3564 2375 3617 etiam
2393 3564 2443 3616 in
2474 3562 2755 3633 colloquiis
2781 3579 2923 3632 saipe
2946 3571 3157 3618 nostros
3184 3563 3432 3634 decipere
3453 3579 3589 3620 con-

1985 3666 2225 3721 suerunt,
2242 3656 2390 3725 quasi
2419 3665 2472 3710 et
2490 3655 2585 3725 ipsi
2608 3655 3053 3709 resurrectionem
3074 3655 3253 3709 carnis
3274 3654 3585 3712 admittant.

1992 3748 2107 3813 Vat,
2142 3748 2414 3817 inquiunt,
2444 3748 2534 3818 qui
2563 3763 2665 3803 non
2689 3749 2738 3801 iu
2772 3745 2870 3801 hac
2893 3763 3055 3802 carne
3086 3747 3443 3802 rosuri-exerit
3475 3762 3587 3805 :ne

1526 3862 1905 3923 LECTIONES
1944 3862 2360 3922 VARIANTES.

338 3978 409 4039 (1)
444 3979 586 4031 Audit
613 3979 764 4033 Rhea.
791 3965 939 4032 Seml.

360 4043 411 4119 ξ)
447 4043 534 4119 ΕΜ.
555 4043 683 4119 abest
706 4057 737 4119 a
759 4043 910 4119 Rhea.
937 4042 1087 4095 Semt.

788 4109 1048 4234 ἔθ’νεη.
1077 4167 1225 4218 Semt.

361 4229 412 4280 ὅ)
448 4229 674 4280 111ονυ11111
708 4239 822 4279 I'en.

340 4291 409 4356 (6)
438 4292 755 4344 Circumfcrat
772 4291 922 4344 Rhea.
953 4293 1075 4341 Par.

338 4357 411 4411 (7)
446 4356 742 4405 Enuntictur
765 4358 887 4405 Par.
915 4363 1030 4405 Jun.

338 4357 386 4411 t7
446 4357 742 4405 Enuntictur
765 4358 887 4405 Par.
915 4363 1030 4405 Jun.

323 4357 655 4490 (δέ-βησαν,
682 4432 794 4481 qua:
816 4418 1066 4468 suscitavit
1092 4417 1330 4480 ingressa.
1373 4415 1483 4466 Non
1522 4421 1688 4480 [otest
1718 4416 1865 4468 omitt.

271 4482 601 4608 R’i’élylgl'ieit.
614 4540 767 4595 ΙίΙιεηο
781 4541 945 4608 μεθἠιέ

333 4601 432 4669 (10)
473 4601 705 4658 Sédenim
728 4603 882 4659 thn.
903 4601 1054 4657 Sentl.

1890 4522 1945 4583 D

2069 3983 2147 4045 tl)
2187 3983 2249 4033 Et
2264 3983 2483 4045 jacerct,
2501 3982 2541 4030 si
2564 3981 2767 4045 caderet
2786 3980 2917 4032 abest
2935 3994 2966 4031 a
2980 3981 3134 4033 Itheu.
3160 3982 3301 4035 sentt.

2069 4041 2143 4097 ΡΞ)
2178 4041 2400 4097 Veritate
2423 4042 2575 4095 Rhea.
2604 4041 2756 4094 Sentl.

2068 4104 2141 4169 13)
2177 4108 2397 4169 Imagiue.
2423 4104 2575 4158 Rhcn.
2598 4104 2741 4169 senti.

2067 4165 2145 4233 14)
2180 4165 2312 4220 Heli]
2330 4165 2482 4219 Rhen.
2511 4165 2671 4233 Setnl.
2689 4167 2857 4218 eodem
2878 4182 3039 4221 sensu.

2064 4231 2140 4297 15)
2175 4233 2416 4297 Montium
2435 4246 2595 4297 meum
2613 4231 2722 4297 Itig.
2756 4234 2878 4282 Ven.

2065 4294 2136 4344 16)
2175 4294 2282 4344 Illic
2307 4304 2456 4344 Iu‘ran.

2058 4353 2139 4417 17)
2178 4357 2282 4417 Qua
2306 4355 2458 4407 Rhea.
2484 4355 2625 4405 Seml.
2651 4353 2845 4417 Oberth.

2036 4361 2113 4418 (t't'
2178 4361 2282 4417 Qua
2306 4361 2458 4407 Rhea.
2484 4361 2625 4405 Seml.
2651 4361 2704 4407 01

2036 4361 2140 4482 (18)
2174 4420 2346 4482 Addita
2368 4417 2521 4482 Rhea.
2551 4416 2704 4482 Seml.

2036 4478 2138 4547 (111)
2176 4480 2427 4547 Dealliatis
2444 4481 2573 4532 abest
2596 4478 2759 4547 a_Rig.
2792 4483 2917 4533 Ven.

2034 4543 2143 4610 (20)
2177 4543 2294 4595 Cum
2318 4545 2554 4608 baptisma
2578 4540 2733 4595 11111ιηῖ
2760 4557 2871 4595 cum
2895 4555 3004 4595 eam
3028 4543 3317 4608 baptismate
3335 4543 3409 4595 vet
3447 4546 3576 4611 bap-

1968 4607 2111 4657 tismo
2133 4614 2245 4657 Jun.

1634 4709 2191 4768 COMMENTARIUS.

268 4827 539 4895 plicatioui
585 4825 829 4897 Rigaltii,
873 4825 973 4880 nisi
1026 4824 1167 4897 quod
1220 4823 1431 4897 album,
1475 4821 1708 4877 tabulam
1737 4838 1856 4897 seu

263 4894 504 4960 Chartam
533 4894 716 4966 puram
749 4905 805 4951 et
842 4894 1061 4951 nitidam
1088 4895 1255 4957 fuisse
1276 4895 1457 4950 docuit
1485 4909 1569 4947 me
1620 4894 1862 4950 eruditus

261 4969 540 5038 Cujaeius,
573 4984 678 5023 non
704 4983 830 5022 vero
864 4968 1094 5022 tabulam
1134 4967 1306 5021 literis
1358 4966 1490 5019 albis
1519 4974 1757 5019 notatam
1804 4976 1860 5020 ut

263 5042 471 5097 censuit
499 5040 849 5108 Theophilus.
900 5038 1001 5105 Qui
1065 5038 1303 5094 chartam
1332 5038 1473 5091 illam
1505 5051 1598 5091 εαξη
1624 5037 1857 5091 tabulam

268 5127 332 5167 ex
355 5113 458 5165 alia
482 5115 641 5166 etiam
666 5110 886 5165 materia
904 5111 1206 5181 corrupisse
1219 5109 1715 5181 com-incehatur,in
1738 5125 1858 5181 eum

265 5185 406 5238 actio
426 5191 542 5237 erat
572 5181 908 5249 pecuniaria,
943 5196 1039 5236 seu
1075 5181 1367 5252 popularis.
1400 5180 1666 5252 thtcrttttt
1697 5180 1858 5234 etiam

261 5253 306 5307 is
323 5256 532 5309 actione
548 5252 969 5307 extraordinaria
988 5250 1322 5321 puniebatur,
1347 5265 1498 5320 paena
1521 5250 1648 5319 legis
1664 5253 1860 5308 Corne-

260 5325 345 5379 lia:
366 5324 435 5380 de
455 5323 621 5395 falsis.
660 5323 713 5378 Id
734 5323 926 5395 collige
952 5339 1018 5378 ex
1045 5323 1083 5378 1.
1117 5325 1300 5395 siquis
1332 5324 1382 5395 id
1414 5321 1554 5395 quod
1599 5320 1858 5379 l).deJu-

264 5395 398 5453 risu.
430 5406 482 5448 et
516 5394 548 5449 Ι.
587 5410 709 5462 pen.
747 5394 807 5448 I).
842 5393 877 5447 Ι.
909 5395 1123 5450 Cornel.
1155 5395 1223 5448 dc
1247 5394 1335 5449 fal.
1357 5393 1435 5449 LE
1465 5394 1556 5447 Pii.

333 5464 409 5538 (a)
441 5463 807 5519 Mortalitatetn
829 5466 1016 5520 anima:
1055 5466 1307 5537 assignari
1352 5465 1415 5519 ab
1438 5464 1713 5538 hmreticis,
1749 5474 1854 5538 etc.

261 5534 360 5604 Qui
390 5534 832 5591 immortalitatem
872 5534 1227 5601 substituunt,
1258 5552 1372 5591 rem
1419 5535 1487 5589 tle
1536 5552 1637 5599 qua
1683 5534 1857 5604 agitur

261 5609 483 5665 minime
504 5607 862 5663 considerant.
900 5607 1036 5664 Puto
1059 5609 1201 5663 enim
1220 5607 1610 5662 Tertulliauum
1641 5606 1855 5659 Ita-reti-

264 5694 356 5743 eos
381 5678 500 5733 illos
528 5690 737 5746 notare,
762 5680 852 5750 qui
885 5682 936 5735 in
966 5679 1161 5737 Arabia
1186 5681 1356 5734 exorti
1380 5688 1503 5734 sunt
1528 5677 1854 5750 temporihus

261 5749 539 5829 Origeuis,
571 5752 660 5829 qui
679 5747 885 5829 animas
909 5766 1030 5807 cum
1058 5750 1553 5829 ct_)_rp_0ribus_situ_ul
1581 5747 1853 5829 corrumpi

255 5832 306 5877 et
330 5821 547 5879 interire
574 5823 843 5891 dicebant,
872 5838 932 5879 ac
949 5838 1072 5879 eum
1101 5821 1288 5877 iisdem
1315 5821 1594 5876 animabus
1615 5820 1665 5872 in
1687 5820 1846 5874 \ituut

1968 4824 2201 4901 reditura
2229 4840 2477 4901 corpora.
2495 4827 2822 4885 Eusebiusid
2848 4831 3013 4884 refert
3034 4828 3170 4885 Hist.
3196 4828 3367 4897 Eccl.,
3388 4830 3481 4888 lib.
3508 4832 3567 4901 6.

1968 4912 2084 4965 cap.
2129 4897 2217 4953 '50.
2245 4897 2319 4952 LE
2357 4898 2455 4952 Pa.
2562 4938 2573 4943 -

2037 4967 2190 5023 CAP.
2221 4968 2365 5023 XIX.
2399 4968 2472 5042 (ὁ)
2522 4969 2963 5026 Resurrectianem
3016 4989 3125 5027 eam
3174 4973 3561 5033 vindicandam.

1964 5037 2130 5115 Nugae
2144 5051 2267 5115 sunt
2286 5051 2341 5095 et
2367 5037 2694 5115 sophismata
2713 5043 2905 5115 quibus
2924 5045 3213 5099 utebantur
3234 5044 3567 5115 llytuenteus

1964 5120 2029 5189 et;
2068 5109 2305 5165 Philetas
2330 5112 2529 5189 ,_iiqu_e
2566 5111 2802 5189 haeretici
2865 5116 2952 5181 qui
3015 5109 3327 5189 spiritaliter
3367 5117 3565 5189 ipsum

1963 5182 2113 5235 etiam
2130 5193 2338 5236 mortem
2356 5184 2737 5252 intelligendam
2761 5182 3157 5241 asseverabant.
3186 5182 3563 5245 Ahutcbtittlut'

1961 5253 2140 5306 verbis
2161 5253 2401 5329 Apostoli
2428 5254 2579 5329 1111111.
2607 5253 2640 5309 6
2661 5271 2681 5329 ς
2700 5254 2777 5329 Att
2800 5257 3046 5329 ignoratis
3060 5260 3243 5327 fratres
3259 5299 3276 5323 ,
3298 5258 3419 5323 quia
3442 5260 3562 5329 qui-

1961 5340 2173 5393 cumque
2200 5326 2627 5391 baptizatisnums
2655 5327 2704 5379 in
2728 5326 2926 5382 (.‘Inisto
2947 5326 3071 5381 Jesu
3099 5369 3112 5391 ,
3144 5330 3194 5382 in
3217 5342 3373 5381 morte
3394 5326 3561 5393 ipsius

1962 5394 2205 5470 baptizati
2247 5412 2422 5470 smnus
2449 5396 2470 5449 ?
2502 5396 2795 5465 Cousepulti
2825 5398 2955 5470 enim
2997 5415 3176 5470 suptus
3200 5415 3312 5452 cunt
3347 5400 3436 5454 illo
3464 5418 3559 5470 per

1959 5465 2265 5533 baptismum
2295 5468 2346 5520 in
2372 5477 2602 5530 mortem,
2629 5477 2703 5532 ut,
2731 5469 2984 5539 quomodo
3005 5468 3233 5525 Christus
3275 5465 3559 5527 resurrexit

1959 5554 1992 5608 11
2013 5542 2224 5608 mortuis
2245 5579 2261 5602 ,
2293 5548 2395 5592 etc.
2427 5555 2545 5605 cap.
2577 5554 2693 5608 seq.
2720 5556 2781 5594 ea
2806 5541 3019 5594 refutat.
3069 5541 3142 5595 illi
3169 5551 3347 5594 autem
3371 5540 3551 5599 haere-

1960 5606 2068 5670 tici,
2100 5607 2447 5679 llymcnarum
2470 5609 2590 5664 dico
2618 5606 2671 5664 ct
2696 5610 3077 5679 Philetum,qui
3099 5627 3127 5665 a
3153 5611 3375 5673 raritate
3404 5614 3558 5668 exci-

1957 5678 2168 5750 derant,
2216 5681 2659 5735 resurrectionem
2685 5680 2793 5750 jam
2815 5678 3015 5737 factum
3035 5682 3365 5736 affirmabant
3409 5690 3554 5741 teste

1958 5749 2020 5804 B.
2052 5754 2087 5802 Α
2100 5750 2326 5818 postolo,
2365 5750 2420 5807 2.
2441 5752 2578 5806 Tim.
2609 5751 2665 5816 2,
2691 5749 3118 5818 procreationem
3145 5752 3435 5807 liberorum
3461 5769 3555 5811 re-

1957 5820 2342 5877 surrectionem
2362 5822 2719 5893 appellabant.
2750 5822 2825 5879 Le
2856 5824 2948 5878 Pa.
