4042 6288
301 214 413 273 823

1724 204 2189 271 TERTULLIANI

3518 209 3631 268 εει

229 349 451 420 "nem.
484 332 554 389 Et
578 333 759 403 utique
788 345 996 402 :eqnnm
1028 330 1117 395 sit,
1160 328 1300 401 quod
1342 338 1395 384 et
1433 311 1591 401 supra
1614 326 1905 401 demands-
1934 330 1980 389 Λ
2013 328 2065 382 in
2099 326 2335 382 veritatis
2364 326 2636 397 agnitione
2659 326 2943 397 prmsumi,
2973 335 3066 384 aut
3095 326 3160 383 ab
3184 342 3411 384 excessu
3441 329 3629 384 statim

307 427 504 490 vimus,
550 425 750 480 incerta
801 423 869 477 de
903 424 1084 489 certis,
1128 434 1179 476 et
1223 422 1449 479 obscura
1499 420 1566 475 de
1617 418 1913 475 lllﬂﬂlfCrliS

308 515 641 586 pra-judicari
684 532 697 569 :
745 514 828 570 vel
873 530 940 568 ne
985 513 1124 569 inter
1162 513 1484 569 discordiam
1518 523 1823 578 certorum,
1861 520 1912 567 et

304 609 650 670 incertorum,
700 606 1100 661 tnanil'estorum
1141 614 1197 661 et
1241 605 1613 672 obscurorum,
1658 604 1735 678 (ιι)
1784 604 1914 659 [idos

306 699 620 769 dissipetur,
650 699 849 753 veritas
879 697 1227 768 periclitetur,
1270 697 1382 766 ipsa
1434 696 1685 751 divinitas
1725 705 1782 751 ut
1833 695 1915 751 in—

308 798 562 846 constuts
615 789 942 845 dcnotetur:
989 798 1097 844 tum
1149 789 1226 859 (1)
1265 788 1407 861 quod
1462 789 1754 846 verisimile
1808 804 1918 844 non

304 894 408 948 ρει,
443 881 514 954 (b)
550 892 602 936 ut
635 896 697 936 ea
727 881 932 952 species
958 880 1303 948 sacramenti,
1351 876 1404 935 in
1449 896 1607 952 quam
1640 881 1772 941 ﬁdes
1803 889 1913 936 tota

306 973 679 1039 eummittitur,
711 974 761 1028 iu
798 989 957 1043 quam
989 974 1267 1044 disciplina
1313 982 1423 1028 tota
1453 974 1767 1041 connititur,
1800 989 1916 1028 am-

311 1066 469 1136 bigue
496 1064 805 1120 aununtiata
835 1064 941 1138 (2),
972 1076 1025 1120 et
1054 1066 1281 1121 obscure
1322 1067 1594 1135 proposita
1625 1052 1912 1122 videatur;

304 1156 518 1226 quando
538 1171 660 1225 spes
688 1157 1121 1223 resurrectionis,
1149 1157 1247 1212 nisi
1275 1158 1553 1213 manifesta
1582 1157 1651 1213 de
1678 1159 1916 1228 pericu'o

305 1258 358 1302 ct
389 1249 627 1317 prsentia,
660 1250 929 1303 neminem
959 1248 1024 1302 ad
1057 1249 1319 1315 ejusmodi
1370 1251 1665 1318 prtesertim
1696 1250 1912 1320 rel‘gio-

306 1355 452 1407 nem,
486 1341 699 1411 publico
714 1340 840 1396 odio
864 1350 919 1395 et
947 1340 1125 1396 hostili
1150 1341 1325 1412 elogio
1351 1342 1658 1409 obnoxiam,
1693 1358 1881 1411 persua

303 1431 476 1486 deret.
521 1432 731 1487 Nullum
782 1448 918 1506 Opus
970 1442 1178 1488 certum
1225 1442 1309 1488 est
1357 1435 1621 1491 mercedis
1671 1436 1911 1490 illCl'l‘ltl}.

180 1560 213 1603 λ,
306 1523 494 1579 Nullus
533 1526 691 1580 timor
731 1514 899 1598 iustus
929 1538 1012 1581 est
1040 1526 1259 1601 periculi
1292 1526 1458 1583 dubii.
1502 1529 1567 1582 Et
1594 1543 1800 1584 merces
1824 1544 1919 1584 au-

306 1627 412 1670 tem
454 1626 505 1671 et
556 1618 850 1685 periculum
904 1618 956 1671 in
1007 1619 1412 1675 resnrrertionis
1460 1620 1655 1689 pendet
1699 1631 1913 1675 eventu.

2021 423 2142 474 vine
2169 418 2448 474 vindicari.
2481 417 2614 474 Cum
2642 420 2784 474 enim
2814 427 2868 473 ct
2904 429 3140 488 tempora
3166 421 3326 476 totius
3359 422 3473 489 ειη-ἰ
3520 422 3745 489 iisan;

2015 513 2122 567 sint
2148 521 2487 567 sacrosancto
2513 512 2686 583 stylo,
2718 527 2816 567 nec
2853 512 3012 568 liceat
3039 528 3157 568 cam
3193 521 3316 568 ante
3350 514 3629 580 constitui,

2015 618 2173 675 quam
2205 602 2283 676 (7)
2314 602 2364 656 in
2403 603 2687 658 adventum
2716 602 2815 675 (8),
2849 597 3057 673 opinor,
3096 604 3325 668 Christi,
3380 602 3459 676 (f)
3503 612 3631 660 vota

2018 705 2201 754 nostra
2246 697 2516 766 suspirant
2565 697 2617 751 iu
2670 695 2749 770 (9)
2797 697 2996 752 sareu1i
3056 696 3213 767 huius
3255 712 3532 761 occasum,
3575 696 3631 752 in

2018 792 2298 846 transitura
2342 790 2523 845 tnuudi
2550 806 2763 861 quoque
2802 790 2866 845 ad
2913 790 3054 846 diem
3098 790 3304 844 Domini
3348 805 3627 860 magnum,

2017 882 2159 939 diem
2190 884 2284 938 ira:
2306 889 2359 937 et
2384 882 2771 947 retributionis,
2800 882 2942 937 diem
2967 882 3231 947 ultimum,
3251 892 3307 937 et
3331 883 3629 949 occultum,

1983 942 2331 965 v—-———-——

2018 991 2118 1032 nec
2148 976 2238 1032 ulli
2272 984 2467 1045 prmtcr
2493 990 2653 1046 quam
2682 972 2800 1048 (10)
2833 974 2973 1029 Patri
3004 983 3222 1039 notum,
3255 982 3310 1029 et
3349 984 3527 1029 tamen
3554 975 3630 1028 si—

2015 1068 2133 1140 gnis
2157 1076 2317 1139 atque
2333 1066 2616 1137 portentis,
2640 1075 2695 1121 et
2720 1066 3164 1121 concussionilms
3203 1066 3625 1136 elementorum,

2018 1168 2074 1215 et
2116 1157 2604 1213 conﬂictationibus
2647 1158 2920 1211 natiomnu
2972 1167 3347 1224 prtenntatnm.
3406 1158 3632 1215 Evolve.

2020 1268 2130 1320 rem
2161 1251 2489 1322 proplictias,
2521 1251 2566 1306 si
2596 1250 2852 1306 Dominus
2879 1250 2991 1320 ipse
3024 1253 3276 1306 tacu'sset
3309 1269 3322 1305 :
3353 1252 3453 1305 nisi
3483 1252 3629 1321 quod

2017 1351 2072 1398 et
2103 1342 2392 1415 prOpbetize
2426 1357 2525 1396 vox
2566 1353 2721 1397 erant
2763 1341 3014 1396 Domini:
3057 1343 3150 1396 sed
3198 1342 3318 1413 plus
3361 1353 3439 1396 est
3483 1343 3628 1415 (11),

2018 1437 2159 1508 quod
2192 1436 2310 1491 illas
2331 1450 2428 1491 suo
2454 1452 2549 1491 ore
2570 1436 2873 1505 consignat.
2905 1433 2986 1507 (g)
3011 1434 3377 1505 Interrogatus
3402 1451 3431 1489 a
3462 1435 3632 1491 disci-

2021 1530 2177 1599 pulis.
2201 1528 2416 1599 quando
2442 1539 2699 1584 eventura
2729 1539 2932 1593 eescnt,
2956 1543 3076 1599 qua:
3103 1528 3316 1583 interim
3341 1528 3410 1584 de
3444 1528 3631 1599 templi

2021 1623 2163 1678 exitu
2194 1630 2483 1693 eruperant
2525 1620 2662 1695 (l2).
2704 1620 2948 1676 ordinem
2982 1631 3303 1690 temporum,
3330 1623 3501 1690 primo
3537 1622 3635 1678 Ju-

302 1709 404 1766 Sed
442 1710 521 1780 ('5)
562 1710 661 1764 etsi
712 1710 1060 1780 temporalia,
1128 1722 1185 1766 ct
1255 1712 1462 1778 localia,
1515 1722 1570 1767 et
1616 1713 1912 1782 personalia
1945 1726 1991 1787 Β
2021 1714 2294 1773 daicorum
2325 1715 2574 1785 usquead
2598 1714 2866 1769 excidium
2894 1713 3470 1777 llicrusalem,dchinc
3489 1729 3636 1768 com-

310 1805 407 1860 Dei
435 1805 647 1860 decreta
675 1815 835 1875 atque
858 1804 1124 1875 judiciain
1156 1805 1334 1872 urbes,
1350 1815 1403 1861 et
1429 1815 1637 1876 gentes,
1661 1815 1714 1860 et
1738 1821 1910 1877 reges,

314 1906 421 1949 tam
462 1905 645 1965 aperte
686 1894 764 1966 (4)
808 1895 1086 1965 prophetia
1120 1896 1352 1965 jacnlata
1396 1906 1498 1962 est,
1531 1897 1689 1967 quale
1723 1905 1824 1958 est,
1859 1908 1915 1951 ut

310 1996 526 2042 aeterne
551 1986 927 2058 dispositiones
953 1987 1068 2054 ejus
1095 1998 1149 2043 et
1175 1988 1504 2043 universales
1540 1988 1590 2041 in
1620 2003 1779 2043 omne
1816 1988 1913 2043 lto-

307 2080 507 2134 min-tm
558 2079 635 2151 (5)
685 2094 887 2149 genus,
937 2080 1109 2135 lucem
1161 2079 1242 2135 sui
1301 2079 1585 2150 fugerint?
1635 2095 1752 2153 qua;
1780 2079 1861 2151 (6)
1893 2121 1908 2144 ,

305 2184 505 2244 quanto
533 2174 758 2243 majora.
792 2183 939 2228 tanto
978 2173 1203 2229 clariora
1235 2188 1355 2229 esse
1394 2172 1672 2239 deberent,
1717 2184 1772 2229 ιιι
1798 2190 1911 2229 ma-

297 2267 418 2336 jora
449 2267 818 2322 crederentur.
855 2266 917 2321 Et
950 2275 1077 2336 puto
1108 2265 1218 2321 Deo
1245 2280 1344 2321 nec
1383 2265 1603 2320 livorem
1626 2307 1641 2331 ,
1685 2282 1782 2323 nec
1811 2267 1910 2320 do-

304 2357 452 2424 lum,
510 2373 608 2413 nec
651 2359 1097 2424 inconstantiam,
1153 2373 1253 2414 nec
1302 2358 1625 2413 lenocinimn
1680 2359 1911 2415 adscribi

308 2467 488 2522 posse,
545 2452 621 2525 (τ)
672 2470 768 2527 per
807 2471 924 2525 qua)
953 2454 1069 2511 fere
1093 2454 1444 2527 promulgatio
1470 2456 1731 2527 majorum
1758 2457 1915 2514 cavil-

310 2547 473 2602 latur.

897 2639 1124 2697 CAPUT
1162 2641 1326 2697 XXII.

381 2731 508 2787 Post
552 2731 666 2789 hac
687 2777 701 2799 ,
732 2733 797 2789 ad
837 2733 954 2789 illas
983 2735 1142 2789 etiam
1177 2735 1483 2806 Scripturas
1518 2735 1907 2806 respiciendum

304 2832 408 2886 est,
453 2841 572 2894 qua:
616 2841 720 2880 non
758 2826 942 2881 sinttnt
986 2827 1435 2883 resurreCIioncm
1481 2826 1560 2901 (ά)
1613 2827 1908 2884 secundum

305 2915 567 2973 animales
594 2917 722 2974 istos
744 2961 758 2987 ,
792 2934 859 2975 ue
884 2919 1106 2975 dixerim
1135 2919 1435 2990 spiritales,
1465 2928 1557 2975 aut
1585 2918 1657 2991 (e)
1692 2919 1777 2975 hic
1799 2920 1908 2991 jam

2021 1807 2260 1862 tuuninm
2283 1849 2297 1873 ,
2339 1822 2511 1877 usque
2537 1806 2602 1861 ad
2633 1806 3030 1861 conclusionem
3089 1804 3202 1877 (15)
3256 1805 3473 1870 surculi,
3501 1804 3635 1860 diri-

2019 1900 2089 1971 git
2121 1897 2260 1971 (14).
2289 1898 2420 1953 Natu
2450 1909 2796 1968 posteaquam
2826 1896 2991 1952 edixit
3023 1916 3035 1951 :
3074 1895 3138 1950 Et
3164 1906 3283 1950 tunc
3321 1897 3415 1949 erit
3446 1895 3636 1951 [liere-

2017 1994 2176 2048 sale’m
2197 1993 2518 2047 conculcatui
2542 1992 2855 2058 nationibus,
2887 1991 3059 2046 d0nec
3084 1990 3479 2061 adimpleantur
3499 2002 3636 2047 tem-

2019 2101 2145 2154 pora
2180 2084 2478 2149 nationum,
2524 2082 2929 2158 allegendarum
2965 2082 3081 2155 (lii)
3108 2082 3312 2138 scilicet
3338 2098 3368 2137 a
3399 2083 3532 2149 Deo,
3578 2094 3675 2163 et:

2015 2176 2510 2249 congregandarum
2532 2191 2653 2232 cum
2683 2176 2921 2245 reliquiis
2951 2175 3071 2249 (l6)
3099 2176 3342 2243 Israelis;
3369 2176 3493 2232 inde
3518 2179 3633 2248 jam

2017 2273 2068 2326 in
2095 2272 2278 2326 orbem
2310 2278 2363 2325 et
2393 2271 2444 2325 in
2475 2270 2729 2325 s:eculum
2760 2269 3033 2340 prtedieat,
3066 2268 3146 2342 (lt)
3178 2271 3474 2325 secundum
3504 2271 3639 2328 loe-

2016 2361 2119 2417 lem
2142 2403 2157 2427 ,
2191 2371 2245 2417 et
2277 2360 2569 2425 Dauielcm,
2602 2370 2656 2415 et
2683 2361 2989 2415 universum
3018 2360 3303 2415 concilium
3337 2362 3634 2431 propheta-

2015 2471 2157 2523 rum,
2193 2455 2365 2511 futura
2395 2457 2543 2525 signa
2575 2456 2625 2509 in
2649 2455 2764 2510 Sole
2787 2463 2842 2510 et
2870 2455 2921 2508 in
2954 2454 3077 2508 luna
3111 2462 3165 2507 et
3192 2455 3243 2508 in
3277 2454 3469 2518 stellis,
3498 2472 3637 2510 con-

2015 2548 2307 2604 clus'onem
2336 2549 2452 2620 (l7)
2488 2547 2760 2603 nationum
2786 2562 2908 2601 cum
2936 2554 3185 2617 stupore;
3209 2547 3415 2600 sonitus
3440 2547 3641 2614 maris.-

2013 2651 2070 2699 et
2112 2653 2288 2698 motus
2326 2640 2779 2712 refrigesceutimn
2832 2638 2948 2712 (18)
3006 2639 3305 2703 hominum,
3341 2655 3451 2708 pra:
3479 2651 3632 2697 metu

2011 2744 2068 2789 et
2116 2734 2516 2805 exspectatione
2558 2748 2887 2802 cormuqnze
2921 2732 3236 2787 immineant
3271 2732 3387 2785 orbi
3440 2741 3630 2789 terras.

2024 2824 2241 2880 Virtutes
2267 2826 2421 2891 enim,
2445 2825 2616 2894 inquit
2654 2822 2855 2895 (.llatt.,
2898 2821 3069 2893 XXI),
3118 2824 3360 2878 cmlornm
3398 2839 3633 2879 commo-

2012 2920 2292 2976 vebuntur:
2319 2928 2367 2975 et
2392 2929 2509 2973 tunc
2532 2917 2767 2979 videbunt
2799 2915 2990 2971 Filium
3013 2917 3233 2971 hominis
3254 2918 3532 2973 venientem
3574 2919 3635 2974 in

1553 3034 1936 3093 LECTIONES
1969 3034 2388 3093 ‘VARIAN'I‘ES.

479 3147 617 3221 'l'unc
636 3146 788 3221 Rhet}:
814 3146 969 3221 Seni].

396 3208 448 3270 Ξ)
483 3213 707 3261 Anuuata
732 3210 880 3262 Rhea.
901 3210 1053 3262 Seml.
1080 3216 1262 3261 anuuta
1284 3208 1359 3261 vel
1381 3216 1614 3262 annutata
1636 3212 1759 3262 Jun.

399 3235 448 3270 ἦ)
483 3235 707 3261 Λιιιιυιηᾶ
732 3235 880 3262 ιυιεη.
901 3235 1053 3262 οὕιιιι.
1080 3235 1262 3261 ίιΙΙΙΙυιδ
1285 3235 1357 3261 υσι
1381 3235 1614 3262 ειυιιυιῦιίι
1636 3235 1664 3261 δ

370 3235 447 3333 is)
482 3274 583 3323 Sed
599 3274 732 3325 abest
752 3287 783 3323 α
815 3272 965 3323 Seml.
1658 3316 1665 3321 .

372 3338 390 3391 l
400 3338 448 3396 l)
484 3339 666 3399 Aperta
691 3339 832 3399 Pam.
852 3333 1013 3399 Rhea.

373 3398 444 3461 (5)
481 3397 755 3461 Humanum
773 3397 877 3448 alii.

372 3460 447 3527 (t5)
481 3463 601 3527 Quae
621 3460 752 3527 abest
765 3476 795 3511 α
812 3460 921 3527 Rig.
946 3460 1067 3527 ven.

370 3524 447 3586 (7)
481 3521 639 3585 [Eque
661 3520 766 3581 alii,
783 3519 1178 3586 Διιιιοῐιηιυὶδιιὺειςι
1200 3535 1231 3573 α
1254 3521 1406 3573 Seml.
1430 3519 1584 3574 Rhea.

481 3581 708 3636 Adventu
732 3584 884 3637 Itlten.
910 3581 1063 3636 Seml.

373 3586 426 3647 (8
481 3586 708 3636 Adventu
732 3586 884 3637 Itlten.
910 3586 1063 3636 Seml.

374 3590 449 3712 (9)
486 3646 540 3696 lu
563 3646 693 3700 abest
713 3661 745 3699 α
766 3648 918 3702 Rhea.
945 3646 1096 3700 Seml.

1936 3153 1982 3215 C

2108 3150 2184 3214 10)
2222 3149 2376 3214 Quam
2399 3147 2527 3201 abest
2545 3148 2708 3214 a_cod.
2735 3144 2873 3214 Pitlr.
2906 3145 3018 3214 Rig.
3053 3151 3174 3201 Ven.

2108 3211 2186 3272 tt)
2224 3208 2307 3262 Est
2325 3211 2456 3263 abest
2474 3225 2505 3262 (ι
2530 3208 2680 3263 Rhea.
2716 3211 2868 3262 Seml.

2086 3275 2105 3338 (_
2116 3275 2130 3324 l
2140 3276 2190 3331 Ξ)
2226 3274 2470 3338 Eruperat
2484 3272 2635 3326 Rhea.
2653 3272 2795 3338 senti.

2092 3335 2105 3395 (
2115 3337 2191 3395 13)
2226 3334 2699 3387 Cortsunimationem
2720 3334 2826 3387 alii.

2229 3399 2424 3457 Digerit
2448 3396 2531 3448 lib.
2568 3395 2724 3448 Ursin.

2116 3400 2192 3463 11)
2229 3400 2424 3457 Digerit
2448 3400 2531 3448 lib.
2568 3400 2724 3448 Ursin.

2085 3400 2189 3584 (15)
2227 3461 2603 3534 Allegandarum
2628 3462 2780 3512 Fran.
2806 3463 2950 3511 Pam.

2113 3523 2188 3584 16)
2228 3523 2433 3584 ﬂeltquo
2455 3526 2579 3574 Par.
2613 3583 2616 3584 7
2647 3583 2652 3584 7

2113 3523 2188 3584 16)
2228 3523 2433 3584 ﬂeliquo
2455 3526 2579 3574 Par.

2083 3583 2188 3648 (17)
2225 3583 2546 3648 Conlisiouem
2569 3583 2673 3637 alii.

2082 3645 2181 3715 (t8)
2222 3647 2690 3713 l’ert‘rigescentium
2712 3645 2819 3710 alii,
2842 3648 3169 3699 arescentium
3192 3645 3296 3699 alii.

1680 3747 2247 3808 COMMENTARIUS.

312 3886 572 3961 mrsticis.
596 3888 684 3944 Sic
707 3887 970 3961 Georgius
998 3888 1246 3955 Baeticus,
1270 3887 1361 3944 lib.
1386 3886 1450 3961 de
1478 3885 1841 3961 Fidemtllmc
1867 3888 1911 3942 si

311 3975 414 4011 non
436 3958 674 4032 intelligis
702 3962 765 4014 de
786 3958 1043 4032 tot‘snpra
1070 3962 1214 4016 editis
1243 3960 1566 4023 dictionibus,
1594 3960 1671 4013 vel
1690 3975 1754 4013 ea:
1783 3974 1902 4032 con.

309 4029 627 4103 sequentibus
650 4029 1013 4103 animadverte,
1047 4049 1218 4088 omnes
1252 4032 1564 4103 suspiciones
1608 4032 1781 4101 impia:
1824 4031 1909 4084 in-

311 4101 684 4163 terpretationis
719 4103 971 4156 exclusus.
1001 4103 1121 4159 RIG.

387 4170 460 4243 (ιτ)
509 4169 664 4225 Fides
691 4172 981 4242 dissipetur,
1011 4177 1192 4228 veritas
1223 4173 1549 4243 periclitetur,
1581 4180 1687 4243 etc.
1717 4170 1775 4226 Si
1801 4170 1904 4226 dis-

311 4241 473 4314 citrdi
502 4258 661 4297 scmtt
692 4245 1060 4313 acciperentur
1080 4287 1094 4308 ,
1123 4241 1241 4314 qum
1270 4244 1338 4298 de
1366 4241 1758 4298 resurrectione
1785 4252 1907 4297 sunt

268 4368 272 4372 7
312 4312 564 4383 pt'mtlicla
587 4355 602 4380 ,
629 4324 683 4367 ut
712 4312 996 4389 CottSpit'tta
1022 4326 1078 4369 et
1106 4312 1287 4389 aperta
1321 4314 1623 4389 tcsdmonia
1644 4354 1659 4377 ,
1692 4327 1811 4382 qua:
1840 4314 1907 4369 de

2018 3896 2099 3943 ter
2126 3886 2644 3956 interpretarentur:
2686 3884 2945 3940 animales
2991 3892 3167 3939 tamen
3219 3882 3305 3939 bie
3345 3882 3629 3950 dicuntur.

2016 3958 2137 4029 quia
2172 3956 2463 4029 Scriptura:
2519 3957 2635 4029 loca
2690 3959 2755 4029 ad
2815 3958 3261 4029 resurremionem
3310 3956 3629 4015 animarum

2017 4027 2223 4084 tantum
2261 4027 2669 4098 detorquebaut.
2724 4028 2800 4083 LE
2830 4027 2937 4083 'Pn.
3112 4090 3119 4091 7

2088 4101 2176 4172 (ο)
2212 4099 2309 4153 Hic
2325 4096 2445 4172 jam
2473 4101 2526 4153 in
2564 4100 2787 4172 veritatis
2815 4099 3092 4168 agnitione,
3134 4108 3252 4172 etc.
3294 4096 3426 4154 Cum
3479 4116 3629 4157 mor-

2016 4169 2121 4225 tem
2146 4169 2391 4226 dicerent
2419 4170 2655 4225 lnerctici
2683 4169 2847 4224 fuisse
2880 4171 3257 4240 ignorantiam,
3298 4179 3356 4225 ut
3404 4182 3629 4227 constat

2012 4256 2131 4312 cap.
2165 4242 2253 4305 l9,
2281 4242 2615 4296 consectario
2640 4242 2841 4306 agnitio
2880 4238 3121 4296 veritatis
3151 4238 3338 4312 fuisset
3379 4256 3626 4300 resurre-

2009 4311 2134 4368 etin.
2161 4312 2252 4371 Sic
2278 4313 2524 4368 dicebant
2555 4313 2636 4366 hic
2667 4312 2717 4366 in
2743 4312 2840 4366 ltac
2868 4314 2970 4367 vita
2997 4323 3050 4367 et
3077 4311 3274 4367 smculu
3303 4312 3492 4367 l'aetam
3528 4330 3626 4371 re-

310 4382 594 4453 corporqu
634 4382 1029 4463 resurrectione
1054 4382 1228 4463 palam
1261 4382 1573 4463 lnqnttntur',_
1610 4399 1714 4438 non
1744 4398 1984 4463 coge-:1)
2010 4386 2416 4463 surrectioncm,
2447 4399 2568 4463 cum
2591 4384 2709 4463 quis
2743 4383 3046 4463 pervenerit
3067 4382 3438 4463 radveritaﬁtis
3459 4387 3625 4463 agni-

313 4467 430 4509 rem
454 4471 514 4511 ea
541 4472 660 4526 qute
684 4457 988 4513 obscuriora
1026 4454 1152 4512 sunt
1174 4456 1511 4525 interpretari
1541 4454 1608 4510 de
1638 4458 1901 4524 corporali

312 4530 727 4593 resurrectione,
758 4528 853 4583 sed
898 4530 1010 4584 lnec
1054 4528 1301 4597 ambigua
1353 4526 1798 4596 dctorquerentur
1834 4527 1901 4582 ad

313 4600 759 4655 resurrectionem
792 4608 994 4653 tantum
1024 4600 1345 4661 animarum,
1382 4606 1566 4665 aperte
1609 4610 1904 4666 sequuntur

310 4668 424 4722 lta-c
460 4670 713 4735 absurda,
761 4686 882 4725 nam
921 4670 1064 4726 Dens
1101 4672 1407 4724 inconstans
1447 4668 1752 4735 haberetur,
1781 4684 1900 4725 cum

312 4741 362 4792 in
396 4740 691 4797 manifestis
711 4740 840 4796 locis
864 4739 1544 4810 prardixissetcorporalem
1562 4740 1904 4795 resurrectio-

311 4826 455 4876 nem,
487 4821 540 4866 ct
568 4812 751 4867 iualiis
778 4812 1075 4868 animarum
1100 4821 1325 4875 tantmn,
1361 4821 1416 4864 ut
1445 4810 1733 4866 adversarii
1761 4812 1903 4868 valeo

313 4880 459 4945 bant,
494 4898 658 4950 quare
685 4894 739 4938 et
776 4884 974 4938 veritas
1013 4882 1441 4954 periclitaretur:
1472 4897 1738 4954 nameum
1768 4898 1901 4938 con-

309 4955 469 5008 traria
515 4956 735 5010 fuissent
763 4953 1047 5018 vaticinia,
1081 4954 1373 5023 periculum
1424 4953 1771 5008 incurrissent
1812 4970 1902 5010 er-

314 5026 485 5089 randi,
520 5025 864 5098 assentiendo
904 5024 1411 5098 propltetiae'lalsaj,
1457 5034 1509 5078 et
1560 5023 1692 5079 lidcs
1737 5025 1899 5080 dissi-

315 5106 566 5163 pari-tur;
601 5097 743 5169 nulla
773 5093 917 5152 enim
960 5093 1271 5169 prtediccnti
1326 5093 1457 5151 ﬁdes
1485 5099 1659 5151 omnis
1711 5098 1902 5153 merito

308 5178 612 5230 ltt'garcltlt‘.
658 5168 789 5224 LAC.

362 5237 460 5320 .(b)
504 5239 573 5294 Ut
610 5256 670 5294 ea
695 5240 884 5320 species
921 5239 1243 5320 sacramenti.
1288 5240 1399 5296 lloc
1440 5249 1544 5307 cst,
1592 5238 1714 5295 ﬁdei
1759 5238 1903 5295 cltri-

307 5312 494 5381 stiana:
520 5319 699 5381 caput,
735 5314 912 5367 carnis
950 5312 1293 5367 resurrectio.

384 5380 462 5457 (e)
505 5380 748 5457 Peraea!
776 5384 882 5453 fere
924 5382 1265 5457 promulgatio
1319 5385 1571 5457 majorum
1608 5383 1897 5437 cavillator.

311 5448 600 5577 Ιδέςιὶιιιιιιιιὶξ
614 5448 715 5508 hoc
741 5448 844 5521 est,
882 5448 1264 5526 potentiorum,
1294 5448 1721 5526 magistratuum,
1753 5466 1902 5525 pote-

311 5534 329 5572 s
357 5536 381 5572 τι
411 5536 447 5576 ιι
469 5537 521 5576 ιι.
606 5539 679 5577 ιο.
1779 5560 1785 5564 ’

303 5534 381 5574 ειτι
411 5536 447 5576 ll
469 5537 521 5576 ll.
560 5534 679 5580 HIG.
1779 5560 1785 5564 -

379 5593 532 5670 Cal".
575 5590 898 5670 XXll.-——(d)
938 5597 1232 5670 Secundum
1260 5597 1507 5652 animales
1533 5594 1900 5670 istos._itlaluit

308 5659 393 5738 llic
430 5659 834 5738 Valentinianus
865 5659 1125 5725 animales
1162 5669 1343 5725 dicere
1393 5686 1549 5738 quam
1578 5666 1848 5738 spiritales
1883 5686 1896 5721 :

308 5732 433 5792 licet
473 5737 615 5793 enim
645 5737 932 5813 Scriptura:
965 5743 1078 5799 loca
1121 5741 1189 5799 de
1228 5732 1623 5799 resurrectione
1652 5737 1902 5812 spiritali-

2011 4456 2230 4515 tionem,
2259 4455 2323 4509 ad
2350 4454 2511 4523 quod,
2550 4462 2605 4507 ut
2630 4453 2825 4510 Paulus
2850 4454 3000 4521 dixit,
3047 4453 3317 4510 desiderat
3345 4453 3622 4523 Deus'lto-

2009 4527 2181 4582 mines
2203 4527 2481 4581 universos
2498 4525 2698 4580 venire.
2725 4525 2851 4580 Lac.

2082 4598 2156 4669 (f)
2216 4597 2339 4651 l’ota
2367 4607 2539 4669 nostra
2560 4599 2838 4669 suspirant.
2862 4596 3039 4669 Aliter
3079 4596 3239 4669 igitur
3281 4596 3345 4669 ad
3394 4607 3614 4669 gentes.

2007 4666 2163 4724 aliter
2186 4668 2251 4723 ad
2280 4667 2620 4724 christianos.
2650 4666 2780 4722 Nam
2808 4668 2873 4722 ad
2914 4666 3111 4737 gentes
3135 4668 3188 4721 iu
3226 4667 3437 4736 apolog.
3472 4668 3620 4725 0m-

2008 4756 2135 4804 mns,
2171 4741 2360 4812 inquit,
2394 4755 2487 4812 pro
2512 4756 2654 4792 mora
2683 4739 2823 4812 ﬁnis,
2852 4738 3008 4795 linem
3043 4754 3174 4812 vero
3199 4740 3378 4793 surculi
3411 4740 3621 4797 intelli-

2006 4812 2118 4880 git,
2171 4809 2360 4865 et'lib.
2408 4809 2475 4862 de
2523 4818 2661 4866 orat.
2721 4811 2986 4877 Quomodo
3040 4810 3248 4878 quidam
3296 4821 3619 4881 protractum

2009 4879 2279 4947 quemdam
2307 4881 2495 4936 sweulo
2527 4882 2895 4949 postulabant?
2928 4898 3041 4934 cum
3071 4879 3427 4951 regttnnt'Dei,
3472 4886 3618 4951 quod

2006 4963 2061 5008 at
2085 4953 2320 5007 adveniat
2345 4968 2568 5018 oramus,
2598 4953 2665 5007 ad
2684 4953 3361 5076 consununationerq‘sa’cnli
3386 4954 3563 5007 tendat
3592 4957 3617 5010 ?

3190 5039 3260 5076 ια.

3190 5039 3260 5078 1οο

2079 5095 2157 5169 (g)
2200 5094 2549 5169 interrogatus
2569 5093 2903 5169 a_tliscipitlis.
2931 5093 3063 5162 Quia
3086 5095 3362 5169 sequentia
3390 5109 3454 5149 ex
3485 5097 3612 5169 Solo

2006 5162 2160 5222 alii-rt
2208 5167 2351 5222 Lttt-a
2396 5162 2761 5233 evangelista,
2804 5163 3064 5219 duntaxat
3107 5162 3489 5218 adnotavimus
3537 5168 3612 5223 ad

2008 5239 2325 5307 marginem,
2356 5235 2483 5290 an.
2515 5236 2605 5297 2|,
2653 5246 2811 5306 atque
2838 5237 2975 5307 adeo
3004 5235 3277 5307 tl_e_vcrbis
3300 5234 3609 5307 Evangeli-

2006 5319 2105 5363 sta:
2128 5304 2392 5365 lectorem
2433 5304 2755 5362 remittimus
2783 5306 2850 5360 ad
2895 5305 2986 5360 lib.
3031 5304 3120 5370 ιγ,
3148 5306 3268 5360 adv.
3297 5304 3458 5362 Marc.
3479 5304 3491 5307 ⁷
3513 5308 3610 5364 ubi

2006 5380 2308 5448 explicatur
2338 5381 2437 5433 boc
2462 5394 2578 5448 cap.
2611 5378 2699 5441 21,
2734 5378 2910 5432 latius.
2946 5378 3080 5448 Pan.

2077 5445 2157 5522 (lt)
2198 5450 2490 5506 Secundum
2530 5445 2747 5522 lloelenr
2773 5459 2816 5502 et
2862 5447 3142 5522 Danieletn.
3188 5445 3603 5522 Joelis_eap._2,

2006 5517 2154 5577 locus
2185 5524 2314 5577 intra
2361 5522 2479 5576 loco
2523 5521 2666 5575 dicto
2704 5520 2916 5582 citatur,
2963 5519 3116 5573 sicuti
3162 5518 3320 5573 etiam
3346 5517 3599 5589 Daniel's,

2004 5608 2122 5663 cap.
2152 5594 2206 5660 7,
2257 5594 2323 5648 ad
2355 5607 2509 5662 quem
2542 5591 2627 5646 Itic
2663 5592 2822 5646 etiam
2854 5589 3111 5645 adludere
3140 5592 3422 5663 Auctorem
3457 5603 3608 5663 coa-

2004 5659 2111 5740 stat
2139 5659 2202 5720 es
2229 5659 2407 5740 verbis
2433 5664 2713 5740 utrobique
2736 5664 2933 5740 citatis,
2982 5672 3091 5740 tum
3139 5659 3206 5716 de
3230 5660 3500 5740 portentis
3544 5662 3604 5718 in

2005 5736 2164 5804 cutio,
2197 5744 2306 5792 tum
2337 5733 2404 5792 dc
2428 5734 2539 5791 lilio
2565 5729 2797 5791 hominis
2823 5741 3047 5790 venturo
3077 5731 3128 5786 in
3158 5729 3399 5788 nubibus.
3447 5729 3596 5790 Pnt.

3680 468 3757 517 οδ

3690 2116 3713 2124 -ρ
