4042 6288
289 164 395 224 827

1708 164 2169 226 TERTULLIANI

3490 170 3607 234 828

293 297 463 342 matus
494 304 625 343 smn.
658 288 723 345 Et
754 290 936 361 utique
964 288 1289 353 crediderat,
1313 296 1365 344 et
1396 286 1473 362 (α)
1507 289 1682 343 omnia
1714 302 1893 341 sacra-
1925 283 1979 343 A
2011 286 2416 341 resurrectionis
2446 290 2662 364 exponit
2686 289 2872 357 dicens
2900 290 2957 361 (1
2985 270 3158 347 Thess.
3186 289 3251 347 111
3291 299 3336 347 et
3374 290 3467 365 ιγ)
3494 309 3506 346 :
3539 294 3608 347 Si

293 392 477 437 menta
507 391 835 454 cognoverat
855 425 867 441 .
902 397 995 438 vas
1022 381 1302 438 electionis
1323 424 1337 449 ,
1361 382 1552 437 doctor
1580 383 1889 445 nationum;

295 483 345 530 et
384 483 562 529 tamen
608 474 830 544 adjicit:
863 473 1148 543 Persequor
1189 485 1355 528 autent
1395 475 1440 528 si
1488 474 1566 547 (l)
1607 474 1893 545 apprehen-

298 566 417 620 dam
446 569 496 621 in
533 584 633 636 quo
662 584 776 621 sum
803 568 1153 638 apprehensus
1178 584 1210 620 a
1239 566 1461 620 Christo.
1511 567 1590 620 Eo
1615 567 1844 635 amplius
1879 584 1891 619 :

299 659 413 731 Ego
442 678 540 726 me,
566 661 775 733 fratres,
800 679 899 717 non
924 671 1045 730 puto
1065 661 1482 734 apprehendisse.
1514 661 1686 715 Γηιιηι
1708 664 1893 730 plane:

297 751 483 807 oblitus
510 754 845 825 posteriorum
873 800 884 816 ,
912 755 964 807 in
989 754 1162 821 priora
1182 769 1262 807 me
1286 753 1559 807 extendens
1580 795 1594 821 ,
1624 753 1899 807 secundum

298 862 509 916 scopum
545 864 821 917 persequor
850 845 927 921 (b)
956 846 1025 901 ad
1065 846 1290 918 palmam
1321 847 1745 901 ineriminationis
1765 889 1779 910 ,
1815 862 1904 912 per

276 954 453 1008 quam
477 955 830 994 concurrerent
864 956 880 992 :
908 939 1094 1007 utique
1122 938 1174 992 in
1209 938 1673 993 resuscitationem
1703 951 1731 990 a
1758 952 1904 990 mor-

306 1032 443 1097 tuis;
466 1036 564 1086 suo
587 1040 764 1087 tamen
795 1042 1058 1103 tempore,
1086 1033 1225 1087 sicut
1247 1031 1310 1085 ad
1336 1031 1554 1085 Galatas
1580 1029 1597 1103 (
1623 1030 1738 1085 Gal.
1771 1028 1902 1102 Vl):

305 1123 443 1179 Bene
481 1134 650 1179 autem
692 1124 932 1195 facientes
975 1141 1037 1179 ne
1084 1125 1267 1178 ta'deat
1307 1139 1327 1179 :
1363 1133 1588 1192 tempore
1633 1125 1767 1177 enim
1815 1140 1907 1177 suo

304 1226 545 1272 metemus
588 1216 690 1291 (Ξ).
733 1218 879 1274 Sicut
904 1226 958 1273 et
997 1216 1061 1272 ad
1093 1215 1434 1272 Timotheum
1474 1215 1554 1291 (Il
1591 1217 1724 1272 Tim.
1758 1214 1908 1291 l)de

306 1300 644 1376 Onesiphoro
673 1327 685 1363 :
718 1307 814 1363 Det
850 1310 930 1364 illi
962 1308 1209 1363 Dominus
1238 1309 1462 1362 invenire
1503 1307 1903 1362 misericordiam

306 1404 362 1456 iu
389 1401 482 1456 illo
505 1402 605 1455 die.
635 1400 693 1455 In
721 1416 879 1472 quem
910 1399 1051 1456 diem
1079 1415 1142 1456 ac
1173 1410 1383 1471 tempus
1403 1441 1418 1463 ,
1449 1407 1501 1481 e_t
1534 1400 1629 1469 ipsi
1660 1400 1899 1470 prmcipit

307 1493 517 1568 (ITim.
551 1494 657 1568 Vl)
686 1495 940 1550 custodire
986 1495 1282 1548 mandatum
1325 1494 1726 1557 immaculatum,
1780 1495 1912 1547 irre-

309 1587 680 1658 prehensibile,
726 1588 779 1640 in
828 1588 1185 1657 apparentiam
1243 1585 1451 1639 Domini
1493 1586 1618 1639 Jesu
1668 1585 1895 1648 Christi,

1996 378 2128 430 enim
2154 379 2402 432 credimus
2426 380 2562 451 quod
2588 380 2735 437 Iesus
2762 394 2991 437 mortuus
3017 387 3118 447 sit,
3147 392 3195 437 et
3228 386 3606 448 resurrexerit;

1996 469 2069 523 sic
2097 481 2140 523 et
2174 469 2306 526 Deus
2331 487 2413 525 eos
2434 473 2521 542 qui
2546 474 2882 537 dormierunt,
2916 493 3007 548 per
3031 475 3209 531 Iesum
3232 476 3452 532 adducet
3485 493 3608 531 cum

1997 559 2129 629 ipso.
2170 560 2281 615 Hoc
2314 564 2448 618 enim
2478 564 2693 621 dicinms
2718 567 2856 621 vobis
2890 570 2941 620 in
2974 584 3203 623 sermone
3237 567 3447 623 Domini
3486 569 3570 645 (9)
3594 610 3608 633 ς

2000 656 2134 726 quod
2157 673 2249 709 nos
2274 658 2358 719 qui
2386 657 2594 713 vivimus
2615 701 2628 724 ,
2657 661 2743 730 qui
2768 677 3087 716 remanemus
3116 662 3168 715 in
3197 662 3469 718 adventum
3504 663 3612 719 Ito-

2003 747 2126 801 mini
2153 751 2330 816 nostri,
2360 767 2460 805 non
2485 753 2854 822 prwveniemus
2876 771 2959 809 eos
2984 754 3069 824 qui
3099 755 3429 811 dormierunt.
3459 757 3577 823 Quo
3596 790 3611 802 -

2004 837 2141 892 niam
2177 840 2284 910 ipse
2326 839 2577 897 Dominus
2614 844 2668 897 in
2708 844 2855 908 iussu
2893 855 2939 898 et
2977 845 3030 898 in
3070 861 3190 900 voce
3224 846 3523 918 archangeli
3563 862 3613 902 et

2009 933 2126 986 tuba
2159 932 2252 987 Dei
2277 934 2541 990 descendet
2562 937 2624 992 de
2651 938 2780 992 caelo
2801 980 2815 1003 ,
2859 948 2906 991 et
2934 938 3121 993 mortui
3141 939 3195 992 in
3223 938 3426 994 Christo
3454 942 3611 1011 primi

2008 1034 2309 1096 resurgent;
2346 1025 2530 1081 deinde
2566 1044 2655 1083 nos
2679 1028 2766 1097 qui
2788 1028 3039 1096 vivimus;
3068 1030 3155 1100 qui
3178 1029 3332 1086 simul
3354 1048 3472 1086 cum
3502 1032 3614 1087 illis

2012 1116 2247 1171 tollemur
2279 1118 2331 1173 in
2365 1118 2576 1174 nubibus
2616 1119 2812 1175 obviam
2847 1106 3047 1177 Christo
3081 1110 3280 1197 (1min
3319 1140 3486 1179 aerem
3507 1167 3522 1190 ,
3568 1134 3616 1179 et

2013 1209 2083 1262 ita
2108 1226 2306 1279 semper
2334 1228 2448 1265 cum
2481 1210 2701 1267 Domino
2731 1214 2938 1268 erimus.
2970 1214 3101 1281 Qua:
3138 1229 3239 1269 vox
3270 1214 3580 1286 archangeli
3599 1257 3666 1284 η,

2014 1319 2133 1387 qum.
2163 1304 2287 1359 tuba
2321 1304 2415 1361 Dei
2445 1306 2625 1360 audita
2649 1305 2797 1375 jam?
2829 1306 2929 1361 nisi
2957 1306 3091 1362 forte
3122 1305 3174 1361 in
3209 1307 3468 1362 cubiculis
3500 1306 3616 1363 ban-

2016 1396 2328 1451 reticornm.
2369 1396 2500 1452 Nam
2527 1399 2627 1454 etsi
2659 1399 2781 1454 tuba
2816 1399 2908 1455 Dei
2936 1400 3211 1472 evangelir
3232 1415 3286 1456 λε
3307 1414 3486 1456 sermo
3512 1400 3619 1456 diei

2019 1496 2226 1557 potest,
2256 1489 2342 1559 qui
2387 1489 2507 1545 illos
2541 1490 2650 1558 jam
2695 1501 2911 1548 vocaret
2952 1491 3111 1565 (ll);
3154 1493 3248 1549 sed
3291 1501 3385 1548 aut
3422 1493 3620 1548 mortui

2019 1589 2177 1635 erunt
2200 1581 2311 1649 jam
2338 1584 2712 1653 corporaliter,
2737 1593 2796 1639 ut
2822 1586 3247 1653 resurreserint;
3279 1598 3329 1643 ct
3347 1586 3625 1660 quomodo

310 1694 465 1745 quam
507 1678 615 1733 suis
670 1678 979 1748 temporibus
1010 1678 1234 1732 ostendet
1278 1678 1453 1732 beatus
1483 1689 1527 1731 et
1558 1677 1695 1731 solus
1742 1686 1907 1747 poten-
1943 1679 1994 1740 B
2022 1674 2242 1729 vivunt?
2275 1687 2366 1730 aut
2406 1676 2457 1729 in
2491 1677 2663 1733 nubes
2691 1677 2859 1749 erepti
2888 1695 2902 1743 ;
2941 1687 2995 1734 et
3024 1679 3295 1749 quomodo
3332 1680 3416 1735 bic
3450 1681 3625 1736 sunt?

316 1779 489 1835 tutor,
529 1777 573 1824 et
604 1785 696 1823 rex
740 1771 1094 1840 regnantium,
1143 1780 1191 1822 et
1232 1769 1469 1822 dominus
1509 1769 1913 1831 dominantium;

314 1861 384 1917 de
427 1862 535 1917 Deo
574 1861 779 1917 dicens.
821 1863 896 1917 De
930 1864 1126 1933 quibus
1170 1863 1504 1934 temporibus
1545 1871 1595 1917 et
1630 1863 1822 1917 Petrus
1863 1864 1915 1916 in

316 1952 465 2010 Actis
497 1953 648 2027 (Act.
675 1953 740 2009 Ill
764 1952 784 2027 )
817 1972 831 2013 ;
857 1953 1110 2008 Pteniteat
1137 1955 1307 2023 itaque
1336 1970 1442 2019 vos,
1477 1963 1522 2008 et
1549 1955 1828 2024 resipiscite
1852 1954 1919 2006 ad

263 2116 275 2123 ν
317 2044 566 2102 abolenda
605 2046 787 2101 delicta
813 2057 1009 2111 vestra,
1047 2057 1097 2099 ut
1125 2056 1358 2115 tempora
1393 2046 1530 2100 vobis
1561 2046 1920 2114 superveniunt

318 2137 569 2207 refrigerii
599 2154 906 2209 expersona
942 2138 1066 2199 Dei,
1097 2147 1143 2192 et
1172 2140 1337 2191 mittat
1365 2138 1799 2215 prtedesignatttm
1836 2155 1923 2191 vo-

321 2227 395 2283 bis
437 2226 516 2302 (5)
567 2228 863 2294 Christum;
891 2245 1040 2300 quem
1067 2238 1264 2299 oportet
1293 2230 1523 2300 accipere
1548 2230 1697 2282 (telas
1719 2270 1732 2293 ,
1772 2229 1923 2282 adus-

322 2337 419 2393 que
465 2331 695 2392 tempora
747 2321 1075 2376 exhibiticnis
1129 2322 1397 2387 omnium,
1453 2336 1567 2391 qua:
1610 2322 1804 2376 locutus
1853 2332 1925 2377 est

326 2416 465 2472 Deus
483 2458 497 2481 ,
533 2431 619 2471 ore
642 2425 936 2470 sanctorum
964 2416 1344 2485 prOphetarum.

894 2503 1121 2562 CAPUT
1164 2506 1352 2561 XXIV.

399 2599 530 2666 Quae
585 2599 699 2653 haec
742 2597 822 2671 (4)
868 2608 1130 2668 tempora,
1197 2614 1317 2653 cum
1360 2596 1929 2655 Thessalonicensibus

330 2691 496 2747 disce.
532 2691 781 2761 Legimus
825 2692 966 2745 enim
990 2688 1053 2764 (Ι
1082 2689 1263 2745 Thess.
1289 2689 1342 2761 1)
1382 2707 1396 2748 :
1435 2690 1665 2757 Qualiter
1707 2693 1931 2747 conversi

332 2787 444 2842 sitis
471 2786 533 2840 ab
572 2785 725 2840 idolis
747 2827 763 2851 ,
823 2785 891 2837 ad
928 2784 1247 2839 serviendum
1282 2786 1393 2838 viro
1430 2792 1477 2837 et
1539 2799 1655 2838 vero
1688 2784 1822 2850 Deo,
1864 2784 1931 2837 ad

332 2877 726 2949 exspectandum
760 2894 787 2932 e
812 2875 891 2950 (5)
924 2876 1063 2931 .rmlis
1104 2876 1148 2930 F
1150 2878 1295 2932 ilium
1322 2879 1465 2948 ejus,
1489 2893 1637 2949 quem
1675 2878 1932 2931 suscitavit

335 2987 398 3039 ea;
438 2971 686 3035 mortuis,
733 2970 930 3024 Jesum.
983 2968 1049 3023 Et
1091 2983 1278 3024 rursus
1314 2967 1369 3043 (Ι
1416 2967 1593 3024 Thess.
1636 2967 1757 3040 Il):
1807 2970 1935 3034 Qua:

2022 1766 2305 1822 miserrimi
2336 1784 2521 1824 revera
2543 1812 2557 1836 ,
2592 1778 2649 1825 ut
2684 1770 2977 1838 Apostolus
3008 1773 3404 1843 pronuntiavit,
3445 1773 3535 1844 qui
3571 1773 3625 1828 in

2022 1858 2118 1912 ista
2137 1867 2342 1913 tantum
2360 1861 2466 1914 vita
2486 1869 2764 1931 sperantes
2778 1861 3139 1930 habebuntur,
3156 1864 3468 1920 excludendi
3483 1864 3627 1937 (l2).

2023 1948 2149 2004 dum
2187 1952 2531 2020 prmripiuut,
2558 1953 2701 2022 quod
2736 1964 2857 2022 post
2888 1955 3029 2009 illam
3057 1956 3481 2027 repromittitur;
3511 1956 3627 2012 fru-

2024 2045 2177 2098 strati
2211 2044 2354 2100 circa
2386 2047 2693 2111 veritatem,
2727 2064 2832 2102 non
2861 2048 3038 2103 minus
3066 2064 3224 2120 quam
3256 2048 3548 2122 Pbygellus
3576 2062 3632 2105 et

2026 2138 2415 2210 Hermogenes.
2460 2142 2526 2197 Et
2568 2143 2690 2198 ideo
2722 2143 2973 2213 maiestas
3002 2143 3234 2215 Spiritus
3269 2144 3454 2200 Sancti
3500 2160 3628 2214 per-

2026 2232 2205 2303 Spicax
2237 2233 2499 2304 ejusmodi
2532 2251 2787 2292 sensuum
2809 2279 2822 2300 ,
2853 2247 2905 2292 ct
2935 2240 2984 2293 in
3018 2238 3128 2309 ipsa
3161 2237 3276 2312 (15)
3304 2238 3369 2293 ad
3396 2238 3634 2294 Thessa-

2027 2327 2331 2383 lonicenses
2355 2329 2595 2399 Epistola
2625 2332 2861 2402 suggerit
2884 2330 2944 2405 (Ι
2975 2330 3151 2387 Thess.
3184 2331 3225 2387 V
3247 2330 3301 2405 ):
3336 2331 3411 2386 De
3436 2340 3636 2402 tempo-

2030 2421 2167 2477 ribus
2190 2428 2353 2477 autem
2383 2434 2427 2479 et
2458 2436 2740 2494 temporum
2769 2425 2971 2496 spatiis,
3006 2430 3210 2497 fratres,
3239 2441 3341 2480 non
3363 2435 3436 2479 est
3460 2441 3635 2479 neces-

2031 2515 2156 2570 sitas
2198 2515 2453 2570 scribendi
2491 2518 2630 2572 vobis
2664 2534 2682 2573 :
2714 2518 2812 2589 ipsi
2854 2519 2988 2571 enim
3022 2517 3299 2572 certissime
3326 2517 3466 2570 scitis
3495 2515 3635 2586 quod

2032 2608 2139 2661 dies
2169 2606 2374 2662 Domini
2396 2650 2410 2672 ,
2435 2610 2585 2681 quasi
2610 2610 2694 2679 [ur
2715 2618 2859 2664 nocte
2879 2651 2892 2674 ,
2922 2610 2994 2663 ita
3014 2608 3265 2664 adveniet.
3297 2608 3424 2664 Cum
3442 2607 3633 2669 dicent.

2033 2718 2161 2771 porr,
2203 2710 2248 2755 et
2290 2711 2395 2754 tuta
2424 2711 2541 2756 situt
2572 2701 2771 2767 omnia,
2816 2712 2935 2756 tunc
2976 2701 3081 2755 illis
3116 2700 3407 2771 repentinus
3441 2700 3639 2753 insistet

2035 2793 2292 2847 interitus.
2322 2792 2387 2848 Et
2416 2792 2466 2847 in
2496 2792 2750 2857 secunda,
2784 2791 3020 2862 pleniore
3042 2790 3399 2847 sollicitudine
3418 2791 3484 2845 ad
3510 2804 3640 2845 cos-

1990 2945 1996 2952 _
2036 2884 2156 2939 dem
2186 2888 2209 2956 (
2225 2885 2266 2940 ll
2298 2884 2471 2940 Thess.
2513 2882 2627 2958 Il):
2663 2885 2881 2939 Obsecro
2919 2894 3089 2938 autem
3120 2880 3241 2957 (l4)
3273 2899 3382 2949 vos,
3413 2885 3602 2953 fratres
3627 2922 3640 2942 .

2038 2995 2128 3050 per
2153 2977 2421 3033 adventum
2453 2977 2663 3033 Domini
2692 2978 2855 3033 nostri
2883 2975 2915 3030 J
2924 2993 3012 3032 esu
3041 2976 3253 3042 Christi,
3284 2985 3333 3030 et
3362 2991 3643 3046 congrega-

335 3063 469 3118 euim
499 3078 613 3131 spes
642 3072 838 3122 nostra.
867 3061 947 3116 vel
976 3060 1241 3131 gaudium,
1267 3061 1345 3114 vel
1366 3061 1692 3115 exultationis
1722 3078 1928 3127 corona,

2043 3070 2221 3124 tionem
2247 3081 2471 3124 nostram
2491 3072 2557 3124 ad
2583 3070 2750 3137 illum,
2777 3087 2839 3125 ne
2867 3071 2965 3124 cito
2991 3068 3415 3123 commoveamini
3444 3068 3641 3129 animo,

336 3171 489 3223 quam
518 3163 563 3207 et
613 3152 691 3226 (6)
737 3170 824 3208 vos
850 3170 1021 3206 coram
1048 3153 1262 3208 Domino
1289 3163 1459 3207 nostro
1481 3154 1606 3207 .lesu
1626 3153 1857 3217 Christo,
1883 3156 1935 3209 in

339 3247 559 3302 adventu
601 3245 806 3308 ipsius?
852 3245 981 3299 Item
1027 3244 1045 3317 (
1069 3244 1085 3299 Ι
1131 3243 1309 3300 Thess.
1348 3244 1386 3299 ll
1415 3243 1433 3318 )
1465 3263 1476 3298 :
1511 3246 1694 3300 Coram
1742 3246 1851 3301 Deo
1894 3256 1939 3300 et

344 3339 502 3395 Patre
545 3349 752 3401 nostro,
808 3340 877 3393 in“
914 3339 1132 3393 adventu
1193 3338 1273 3413 (7)
1346 3338 1555 3393 Domini
1607 3341 1764 3394 nostri
1810 3340 1937 3395 Jesu

343 3431 555 3495 Christi,
586 3446 702 3484 cum
726 3431 971 3485 universis
998 3432 1187 3485 sanctis
1214 3432 1341 3502 ejus.
1379 3433 1454 3487 De
1480 3447 1707 3502 quorum
1739 3431 1941 3487 dormi-

344 3526 490 3582 tione
520 3524 697 3580 minus
723 3523 997 3600 muarenda
1040 3522 1119 3597 (8)
1148 3523 1370 3593 docens,
1430 3525 1589 3580 simul
1619 3535 1672 3580 et
1697 3535 1939 3597 tempora

2039 3179 2194 3227 neque
2220 3163 2508 3228 turbemini,
2533 3179 2692 3233 neque
2721 3180 2811 3234 per
2835 3161 3109 3230 spiritum,
3143 3177 3301 3233 neque
3323 3177 3414 3231 per
3445 3175 3645 3214 sermo-

2041 3273 2173 3317 nem,
2203 3256 2406 3312 scilicet
2439 3255 3027 3326 pseudoproplzeLarum
3058 3250 3202 3326 (l5),
3236 3268 3396 3321 neque
3425 3268 3515 3323 per
3540 3250 3651 3321 epi-

2041 3348 2260 3414 stolam,
2300 3347 2507 3403 scilicet
2535 3345 3075 3419 pseudapostolorum
3102 3342 3219 3419 (16)
3243 3386 3255 3401 .
3280 3359 3340 3397 ac
3373 3342 3417 3396 si
3442 3359 3531 3413 per
3558 3358 3653 3396 no-

2041 3447 2201 3494 stram
2223 3483 2235 3499 .
2269 3440 2415 3509 quasi
2437 3440 2636 3495 insistat
2673 3437 2791 3512 (l'i)
2827 3439 2934 3492 dies
2960 3436 3189 3492 Domini.
3218 3433 3300 3490 Ne
3323 3433 3435 3501 quis
3459 3452 3545 3490 vos
3573 3452 3653 3488 se-

2045 3533 2193 3586 tlurat
2238 3532 2343 3587 ullo
2387 3533 2536 3588 modo
2580 3551 2592 3587 :
2642 3530 2713 3605 (c)
2756 3531 3000 3603 quoniam
3044 3528 3143 3585 nisi
3183 3529 3351 3584 veniat
3395 3525 3654 3582 abscessio

1562 3619 1944 3679 LECTIONES
1990 3623 2398 3683 VARIANTES.

518 3733 626 3792 Ouo
646 3733 790 3784 modo
811 3730 932 3783 add.
956 3730 1057 3783 alii.

520 3798 764 3863 Metemnr
788 3798 930 3863 Pam.
962 3805 1104 3863 I~‘_r(m.
1132 3795 1241 3863 Rig.
1272 3799 1393 3849 Ven.

413 3855 488 3985 (ὃ)
519 3862 671 3913 Nobis
692 3860 837 3947 Rhen.
866 3855 1017 3909 Seml.

442 3928 465 3976 ι
520 3926 641 3975 Haec
663 3923 794 3974 abest
815 3936 845 3972 a
864 3922 1015 3985 Rhea.

520 3926 641 3975 Haec
663 3923 794 3974 abest
815 3936 845 3972 a
864 3922 1015 3973 Rhen.
1037 3921 1189 3972 Seml.

415 3981 488 4049 (5)
526 3990 567 4036 Α
592 3985 736 4037 Rhea.
762 3981 912 4049 Seml.

438 4050 489 4109 ϐ)
523 4049 677 4108 Quam
700 4056 752 4097 ut
774 4055 827 4097 et
848 4044 952 4109 alii,
975 4059 1067 4109 qua
1092 4056 1143 4096 et
1167 4043 1316 4098 Seml.

439 4108 490 4162 7)
525 4111 801 4160 Adventum
827 4108 977 4160 Rhea.
1001 4109 1149 4159 Seml.

439 4169 491 4223 8i
528 4172 800 4223 Miseranda
824 4169 928 4220 alii.

420 4230 494 4300 (9)
529 4235 625 4286 Dei
651 4230 798 4285 Rhen.
825 4230 975 4284 Seml.

2145 3742 2213 3791 101
2252 3739 2458 3791 1)οωίηο
2480 3749 2626 3791 n'an.

2136 3800 2217 3855 li)
2250 3803 2451 3854 Vocarit
2473 3800 2579 3853 alii.

2120 3859 2220 3928 ΗΞ)
2254 3863 2569 3915 Excludendo
2591 3862 2742 3928 len_.
2768 3861 2909 3914 Seml.
2935 3859 3046 3928 Bia.
3064 3862 3187 3918 Ven.

2144 3923 2221 3991 15)
2262 3933 2399 3991 Forte
2424 3929 2572 3991 prima
2598 3923 2746 3991 Seml.

2147 3983 2222 4041 Η)
2258 3983 2437 4040 Auteni
2463 3989 2596 4041 abest
2616 4002 2645 4038 a
2671 3985 2819 4039 Rhea.
2846 3983 3000 4037 Seml.

2126 4046 2230 4117 (15)
2264 4052 2757 4117 Ρεειιᾴιψοδιριοτιιω
2780 4047 2926 4117 Rhea.
2948 4046 3096 4117 Seml.

2121 4105 2226 4177 (16)
2262 4105 2805 4177 Pseudopmpbetarum
2829 4108 2979 4165 Rhea.
3006 4105 3163 4163 Seml.

2127 4180 2230 4242 (i7)
2268 4177 2422 4228 Instat
2449 4180 2570 4228 Ven.

1746 4303 2308 4370 COMMENTARIUS.

359 4458 455 4516 per
505 4442 664 4516 vitam
711 4439 1024 4510 Spiritalem.
1078 4444 1132 4491 ct
1177 4431 1471 4516 quamdam.
1510 4431 1865 4516 remotionem
1893 4429 2027 4516 etD

360 4501 754 4587 separationeui
783 4528 809 4562 a
851 4523 1095 4587 corpore,
1136 4501 1284 4587 quod
1324 4503 1628 4587 sepulcrum
1676 4501 1948 4587 dicebant,

362 4572 482 4644 cu'm
510 4589 685 4640 anima
707 4599 733 4636 a
764 4572 1005 4650 corporis
1051 4572 1276 4651 legibus,
1322 4585 1376 4651 et
1417 4573 1667 4651 pondere
1697 4572 1958 4642 quodam-

366 4659 525 4714 modo
555 4673 612 4712 se
642 4646 913 4710 assereret
948 4659 1001 4705 et
1027 4646 1331 4703 absolveret
1359 4646 1554 4713 (neque
1584 4646 1726 4699 enim
1759 4651 1961 4697 tantum

366 4729 742 4800 loquebantur,
773 4726 840 4779 de
879 4721 1226 4800 emersionea
1273 4730 1669 4800 corporenqua:
1714 4715 1770 4768 lit
1806 4724 1963 4800 .uatu-

366 4785 463 4858 rnl'i
495 4785 934 4865 movte),'argute
977 4801 1029 4846 et
1074 4791 1276 4865 ironice
1303 4787 1472 4865 inquit
1519 4786 1737 4865 Auctor,
1806 4785 1965 4865 bene,

368 4880 524 4927 exeat
570 4871 638 4924 de
672 4858 919 4937 corporis
954 4863 1202 4937 sepulcro
1246 4859 1528 4937 lizureticus
1568 4858 1876 4921 suscitatus,
1918 4864 1973 4937 at

369 4925 639 5015 quomodo
666 4925 900 5015 febribus
933 4945 986 4989 et
1014 4925 1283 5015 ulceribus
1321 4928 1601 4993 obnoxius,
1639 4942 1758 4998 qua:
1805 4925 1974 4981 sarci-

373 5003 492 5070 nam
522 5010 763 5080 corporis
789 5015 1035 5080 arguunt.
1070 5003 1202 5080 L_ttc.

446 5083 600 5141 CAP.
623 5067 821 5136 'XXIII.
850 5067 931 5151 '(Va)
965 5076 1153 5151 Omnia
1179 5082 1500 5151 sacramenta
1530 5078 1852 5151 cognoverat.
1883 5067 1983 5122 Sa-

379 5163 660 5213 cramenta
703 5141 1139 5217 vocat‘q'uidquid
1170 5146 1233 5201 ad
1272 5160 1452 5199 veram
1490 5141 1600 5197 seu
1634 5141 1983 5217 christianum

380 5227 539 5282 [idem
586 5223 836 5295 pertinet.
866 5213 1234 5295 supradixit,
1281 5216 1505 5271 veritatis
1537 5213 1858 5295 _ag_t_iitionem
1884 5252 1896 5273 ,
1931 5217 1986 5265 et

381 5296 519 5353 infra
552 5283 674 5349 ni-vx
707 5293 867 5365 dicet,
903 5283 1211 5365 opnitionent
1240 5286 1566 5365 sacramenti.
1605 5283 1721 5339 RIG.

456 5366 537 5441 (b)
563 5367 641 5441 Ad
657 5352 878 5441 palmam
896 5352 1344 5441 iricrintinationis.
1370 5358 1461 5441 Sic
1490 5357 1663 5441 igitur
1678 5355 1812 5441 apu‘l
1832 5352 1960 5441 Apo
1974 5377 1986 5389 ι

385 5428 586 5496 διόιώη
614 5428 737 5506 legit
768 5436 1076 5503 Septimius,
1098 5437 1176 5488 ἰπὶ
1202 5441 1256 5488 τὸ
1272 5435 1496 5503 βριϐιῐον
1525 5444 1607 5490 τῆς
1621 5428 1953 5506 inuuidiam;
1974 5465 1987 5489 ,

388 5526 495 5567 non
542 5519 598 5563 ut
640 5498 798 5562 Hodie
845 5498 1094 5575 legimus,
1129 5520 1212 5567 τῆς
1243 5498 1337 5557 ibi:
1365 5508 1595 5563 κλίσεως..
1621 5498 1738 5575 RIG.

468 5579 545 5653 (c)
586 5566 1443 5653 Quoniumhnisiveneritabscessio
1466 5575 1671 5653 primo:
1712 5566 1994 5653 {iniussi-ti-

398 5636 493 5719 qui'
523 5636 665 5720 regini
718 5647 869 5704 Pauli
910 5650 1176 5721 sententia
1204 5656 1285 5702 est
1326 5645 1345 5715 l
1382 5636 1573 5721 Epist;
1598 5639 1663 5721 at}
1710 5640 1832 5721 ρον·
1983 5679 1998 5704 s

405 5709 431 5773 δ
486 5709 621 5786 «ρεαδς
658 5736 1014 5791 smn-alutam;
1040 5728 1094 5777 τὸ
1135 5720 1300 5774 λοιπὸν
1334 5709 1476 5773 ιστιᾶ.
1528 5712 1684 5770 Unde
1713 5709 2004 5766 Tertullia-

2054 4440 2152 4481 nus
2174 4420 2444 4477 transtulit
2472 4433 2625 4472 suum
2657 4415 2807 4481 illud,
2845 4413 3167 4485 Tempusest
3198 4414 3251 4469 in
3277 4411 3507 4468 collecto.
3550 4407 3668 4485 Nec

2064 4497 2171 4550 alio
2192 4508 2354 4548 sensu
2380 4489 2675 4552 posteriore
2698 4498 2790 4541 Sua
2814 4480 3011 4542 Petrus
3037 4484 3289 4545 afﬁrmat.
3318 4499 3421 4539 non
3446 4480 3667 4537 tardare

2067 4567 2207 4621 diem
2237 4562 2469 4627 homini,
2499 4561 2588 4631 qui
2618 4558 2818 4631 sanctis
2844 4553 3327 4631 promissagaudia
3358 4568 3666 4631 repraesen-

2071 4647 2164 4694 tet.
2215 4636 2259 4691 Η
2283 4624 2659 4704 ujnsce’autepi
2696 4624 3083 4704 admonitionis
3123 4624 3494 4704 interpretatio
3531 4637 3670 4693 (ιιιοο
3695 4651 3733 4673 ε

2072 4698 2318 4764 rumdam
2350 4721 2379 4759 e
2413 4704 2564 4771 plebe
2591 4700 3157 4757 Thessalonicensium
3199 4698 3489 4771 christiana
3520 4710 3671 4749 men-

2078 4792 2156 4834 tes
2185 4766 2458 4845 ambiguas
2489 4776 2565 4828 sic
2600 4774 2790 4838 tenuit,
2823 4779 2881 4825 ut
2908 4772 3021 4839 jam
3048 4771 3366 4845 inciperent,
3399 4766 3541 4845 velut
3568 4780 3665 4845 ex_-

2076 4833 2369 4918 Spectandi)
2411 4847 2564 4918 fessi.
2590 4859 2714 4914 spes
2743 4833 2868 4897 suas
2898 4833 3085 4918 inanes
3113 4833 3292 4918 dicere
3317 4881 3336 4918 ,_
3371 4836 3546 4918 aedile
3579 4833 3673 4918 ad:

2082 4905 2240 4976 ventu
2289 4919 2493 4971 [lutuini
2536 4905 2853 4986 desperare,
2892 4913 3134 4986 adeoque
3170 4906 3579 4986 sollicitantibus
3604 4905 3671 4959 ad

2083 4989 2437 5048 defectionem
2468 4980 2777 5060 inipos'turis
2803 4980 3243 5060 aurcs__pr{rbere.
3273 4980 3403 5060 Quis
3432 4993 3543 5060 non
3563 4987 3675 5060 sur

2086 5072 2236 5133 peat,
2271 5061 2514 5115 homines
2547 5049 2711 5133 ipsius
2743 5049 3192 5133 Apostoii'divina
3227 5049 3489 5133 mandata
3518 5049 3675 5103 mini-

2088 5124 2309 5191 strantis
2351 5124 2691 5186 sermonibus
2741 5124 3038 5192 formatus,
3093 5124 3227 5181 bene
3270 5131 3529 5191 concepta
3563 5136 3674 5192 non

2091 5204 2398 5261 continere.
2436 5212 2540 5256 tam
2574 5197 2785 5255 futiles?
2820 5198 2959 5267 Ergo
2983 5196 3281 5267 perieulose
3308 5191 3677 5267 laborantibus

2095 5276 2358 5331 succurrit
2390 5274 2618 5334 Paulus,
2664 5261 2921 5340 rogatque
2952 5261 3022 5322 ne
3051 5266 3329 5322 temeraria
3370 5265 3583 5319 levitate
3614 5261 3677 5335 li-

2090 5348 2212 5404 dem
2241 5342 2713 5417 suamlabetactari
2742 5341 3029 5417 patiantur,
3053 5350 3318 5392 memores
3347 5346 3679 5417 corripiuquie

2094 5402 2273 5475 coram
2315 5417 2418 5470 illis
2455 5416 2519 5468 de
2550 5415 2663 5488 line
2698 5402 2901 5488 saeculi,
2927 5402 3682 5488 dequesupremijudicii.'tlic

2097 5491 2511 5559 disceplavcrat.
2549 5484 2662 5559 Non
2694 5484 2879 5559 adfore
2908 5478 3048 5559 diem
3081 5480 3228 5534 illum
3260 5478 3473 5559 Domini
3505 5478 3680 5559 prius—

2101 5545 2261 5630 quani
2289 5558 2544 5630 acciderit
2572 5556 2831 5630 discessio
2873 5554 3133 5630 Rufinum,
3167 5564 3229 5630 ac
3257 5546 3481 5630 subinde
3506 5545 3680 5630 lion-ti-

2104 5612 2463 5700 nis‘peccati,
2514 5626 2746 5700 hominis
2789 5612 3103 5696 perditionis
3123 5612 3140 5684 ,
3158 5618 3337 5700 factio
3378 5612 3678 5700 manifesta.

2108 5688 2196 5762 Ait
2226 5688 2381 5774 igitur
2409 5688 2729 5771 Apostolus,
2755 5688 2861 5752 non
2886 5710 3005 5751 esse
3030 5690 3173 5765 quod
3199 5688 3278 5745 illi
3304 5688 3681 5745 commovean-
