4042 6288
279 315 383 374 835

281 523 331 579 in
363 531 521 579 terra:
561 521 640 594 (1)
671 521 831 577 bouis
881 521 1182 593 deputabis,
1214 521 1439 577 Domino
1466 523 1874 593 pronuntiante,

282 632 348 673 ne
393 616 445 669 in
494 630 632 685 pane
670 614 884 685 quidem
928 615 1189 670 victurum
1236 612 1528 671 hominem.
1556 615 1646 671 Sic
1670 615 1879 683 11111ίυί,

286 718 495 765 terrena
547 705 890 763 solummodo
941 707 1242 776 sperando.
1295 707 1535 763 coelestia
1591 708 1878 772 amittunt,

286 801 590 873 ignorantes
630 809 681 855 ct
716 815 906 870 panem
945 799 1013 855 de
1042 799 1247 855 caelesti
1274 800 1682 870 repromissum,
1713 810 1766 855 et
1807 798 1883 872 (τι)

286 894 462 951 oleum
487 892 691 947 divinae
717 891 1003 957 unctionis,
1049 902 1104 947 et
1133 906 1326 962 aquam
1357 891 1598 962 spiritus,
1627 901 1680 948 et
1702 893 1907 947 vinum

287 986 364 1061 (2)
410 987 603 1041 anima:
656 984 946 1057 vigorantis
973 1001 1042 1040 ex
1073 985 1178 1039 vite
1205 984 1425 1040 Christi.
1458 985 1607 1041 Sicut
1630 994 1684 1040 et
1718 986 1883 1055 ipsam

290 1089 483 1136 terram
513 1087 777 1143 sanctam,
802 1076 1075 1147 judaicum
1124 1077 1338 1149 proprie
1385 1077 1557 1133 solum
1581 1116 1596 1141 ,
1641 1087 1887 1148 reputant

290 1189 504 1230 carnem
551 1173 728 1242 potius
775 1170 982 1226 Dotniui
1012 1169 1491 1239 interpretandam,
1524 1185 1643 1240 quae
1687 1169 1888 1227 exinde

292 1275 341 1321 et
386 1264 437 1319 in
478 1264 731 1319 omnibus
774 1261 1047 1317 Christum
1092 1261 1323 1327 indutis,
1372 1272 1554 1316 sancta
1601 1263 1671 1316 sit
1702 1270 1885 1317 terra:

237 1370 417 1413 vvere
443 1365 626 1412 saneta
656 1353 733 1429 (ὁ)
766 1370 858 1425 per
886 1353 1176 1410 incolatum
1222 1353 1454 1423 Spiritus
1501 1353 1721 1419 Sancti;
1765 1371 1891 1413 vere

296 1450 430 1505 lacte
474 1457 528 1504 ct
561 1449 720 1503 melle
770 1462 1014 1512 manans,
1060 1461 1158 1517 per
1186 1446 1501 1501 suavitatem
1529 1446 1643 1517 spei
1691 1447 1887 1519 ipsius;

297 1556 422 1598 vere
448 1539 652 1602 Judzra,
689 1554 784 1609 per
817 1538 905 1594 Dei
940 1537 1355 1594 familiaritatem
1386 1558 1398 1594 :
1429 1555 1533 1594 non
1555 1539 1695 1594 enim
1724 1540 1812 1610 qui
1838 1541 1890 1594 in

296 1632 603 1698 manifesto,
641 1629 884 1701 judzeus;
933 1629 1026 1685 sed
1075 1629 1164 1700 qui
1198 1631 1249 1684 in
1282 1630 1511 1685 occulto.
1547 1629 1616 1687 Ut
1658 1642 1712 1687 et
1753 1642 1888 1687 tem-

294 1725 440 1796 plum
473 1724 567 1779 Dei
620 1720 701 1795 (5)
745 1721 933 1778 eadem
963 1721 1052 1787 sit,
1096 1729 1154 1777 et
1184 1720 1541 1790 Hierusalem,
1573 1722 1798 1778 audiens
1826 1724 1893 1780 ab

1289 314 1492 371 LIBER
1536 314 1622 371 DE
1661 311 2235 373 RESURRECTIONE
2273 314 2543 390 CABNIS.

281 443 397 486 nem
424 429 666 486 colentes
700 428 959 485 adversus
987 427 1342 485 conditorem.
1376 430 1578 486 Bulbos
1607 440 1660 485 et
1691 431 1873 484 tubera
1903 430 1957 489 Α
2020 440 2021 443 ‘

3480 317 3586 373 854

2539 429 2767 489 CAPUT
2810 429 3025 487 XXVII.
3546 444 3549 449 '

2057 520 2324 579 Habemus
2354 523 2516 579 etiam
2544 526 2991 580 vestimentorum
3018 524 3071 579 in
3098 522 3390 595 Scripturis
3421 539 3582 582 nzcu-

1987 613 2185 670 tionem
2210 614 2276 669 ad
2306 629 2458 684 spem
2489 616 2667 670 carnis
2687 616 3060 694 alleget-nare,
3088 615 3210 686 quia
3239 626 3294 671 et
3321 616 3586 689 Apoealy-
3634 634 3684 689 οῖ

1989 706 2096 774 psis
2122 705 2345 763 Joannis
2383 706 2648 781 (Apocal..
2679 707 2741 762 III
2769 718 2822 762 et
2867 705 2956 779 IV)
2985 725 2996 759 :
3022 706 3088 761 lli
3113 717 3247 775 sunt,
3284 708 3377 773 ait,
3408 708 3478 781 (τ)
3500 708 3588 780 qui

1987 800 2278 854 vestimenta
2321 817 2414 859 sua
2458 817 2559 854 non
2600 801 3052 872 coinquinaverunt
3092 818 3209 855 cum
3251 798 3586 868 mulieribus;

1989 895 2222 961 virgines
2242 893 2449 948 scilicet
2474 894 2804 964 signilicaus,
2833 901 2888 949 et
2913 894 3001 964 qui
3034 895 3352 965 semetipsos
3378 905 3583 950 castra-
3622 905 3633 913 ‘

1991 994 2180 1055 verunt
2211 992 2429 1054 propter
2456 999 2618 1054 regna
2646 984 2929 1041 (telorum.
2962 985 3147 1055 Itaque
3175 986 3227 1039 in
3257 985 3394 1041 albis
3432 995 3592 1042 erunt

1991 1052 2248 1141 v'estibus,
2278 1052 2327 1130 id
2354 1086 2456 1141 eSI,
2503 1052 2554 1130 in
2586 1058 2826 1132 claritate
2854 1076 2933 1149 (ά)
2967 1052 3178 1133 innuba:
3216 1079 3411 1134 carnis.
3445 1080 3507 1134 Et
3539 1080 3590 1135 in

1997 1166 2332 1236 Evangelio,
2394 1167 2763 1223 indumentum
2820 1169 3057 1238 nuptiale
3111 1171 3367 1226 sanctitas
3414 1173 3594 1228 carnis

1992 1259 2206 1329 agnosci
2240 1266 2430 1328 potest.
2462 1259 2646 1330 Itaque
2681 1259 2868 1317 Esaias
2895 1262 3119 1329 docens,
3152 1262 3593 1335 qualcjejunium

1993 1352 2213 1421 elegerit
2239 1352 2512 1413 Dominus.
2538 1368 2658 1408 cum
2689 1352 2904 1421 subjicit
2930 1355 2995 1409 tle
3022 1354 3270 1411 mercede
3297 1356 3552 1412 bonitatis
3577 1375 3592 1413 :

1995 1444 2065 1518 (ε)
2096 1445 2262 1514 Tunc,
2307 1446 2478 1518 inquit
2518 1446 2664 1518 (13.,
2691 1446 2850 1502 LVIII
2876 1446 2914 1517 ),
2950 1446 3120 1503 lutnen
3166 1460 3309 1503 tuum
3338 1459 3593 1522 tempora.

1996 1557 2146 1593 neum
2187 1550 2435 1610 erumpet,
2483 1550 2529 1594 ct
2568 1541 2861 1595 vestimenta
2889 1551 2977 1595 tua
3017 1541 3164 1596 citius
3189 1544 3461 1598 orientur:
3489 1561 3596 1601 non
3667 1538 3684 1553 ⁸

1996 1631 2325 1686 subsericam
2359 1630 2473 1704 (11)
2508 1631 2711 1703 utique,
2747 1647 2844 1688 nec
2876 1633 3112 1702 pallium,
3146 1634 3239 1690 sed
3267 1651 3481 1691 carnem
3505 1654 3600 1691 vo-

1999 1726 2115 1780 lens
2142 1724 2334 1796 accipi,
2365 1733 2539 1779 ortum
2568 1727 2746 1781 carnis
2778 1741 3165 1783 resurrccuu-J:
3192 1727 3260 1784 de
3289 1730 3475 1786 mortis
3514 1746 3600 1787 oc-

295 1816 452 1875 Esaia
480 1817 624 1891 (15.,
660 1814 787 1887 LI):
822 1815 1050 1884 Exurge,
1080 1831 1290 1886 exurge,
1319 1813 1666 1882 Hierusalem,
1690 1817 1901 1873 induere
1928 1820 1976 1880 B
2006 1834 2131 1874 casu
2165 1819 2495 1888 praedicavit.
2529 1819 2678 1874 Adeo
2708 1820 2862 1875 nobis
2891 1836 3101 1891 quoque
3130 1823 3365 1893 suppetit
3398 1824 3602 1896 allego-

294 1912 373 1986 (4)
406 1910 758 1984 fortitudinem
807 1909 998 1963 brachii
1043 1909 1152 1974 tui;
1209 1925 1401 1979 exurge
1429 1909 1556 1964 sicut
1596 1911 1647 1964 in
1677 1913 1884 1977 printer-

294 2005 379 2060 dio
404 2005 507 2059 diei
546 2001 657 2075 (5);
678 2000 883 2057 scilicet
917 2002 969 2056 in
1021 2001 1110 2056 illa
1156 2002 1457 2072 integritate
1501 2018 1621 2073 qua:
1651 2001 1731 2077 (6)
1782 2008 1896 2060 Iuc-

297 2109 381 2155 rat
412 2109 537 2154 ante
563 2099 813 2154 delictum
848 2095 1307 2167 transgressionis.
1338 2095 1470 2164 Qua:
1497 2099 1639 2153 enim
1685 2099 1736 2153 in
1775 2114 1896 2155 eam

296 2189 626 2253 Hierusalem
656 2204 815 2244 voces
864 2187 1131 2257 ejusmodi
1168 2198 1540 2258 competereut
1570 2178 1648 2263 (7)
1702 2190 1899 2246 exhor-

298 2283 514 2341 tationis
561 2290 617 2336 et
662 2279 1063 2347 advocationis,
1095 2268 1216 2350 qua:
1262 2279 1457 2334 occidit
1502 2283 1812 2355 prophetas,
1843 2293 1898 2339 et

297 2373 550 2444 lapidavit
577 2373 643 2428 ad
666 2388 726 2429 se
755 2373 971 2437 missos,
1002 2381 1059 2427 et
1101 2372 1275 2441 ipsum
1308 2384 1581 2442 postremo
1610 2374 1896 2433 Dominum

295 2481 452 2522 suum
479 2465 741 2522 confixit?
779 2464 885 2520 Sed
925 2479 1024 2519 nec
1052 2464 1146 2519 ulli
1176 2465 1396 2520 omnino
1428 2475 1589 2523 terra:
1642 2466 1722 2542 (8)
1754 2471 1900 2527 salus

298 2557 710 2631 repromittitur,
739 2571 900 2628 quam
931 2566 1204 2627 oporteret
1234 2572 1355 2612 cum
1399 2559 1560 2614 totius
1591 2562 1774 2617 mundi
1807 2562 1899 2619 ha-

300 2652 412 2707 bitu
453 2650 750 2721 przeterirc.
784 2648 991 2714 Etiam,
1036 2648 1080 2702 si
1130 2649 1249 2718 quis
1293 2650 1511 2707 audebit
1540 2660 1735 2710 terram
1776 2672 1898 2713 sau-

301 2755 441 2802 etam
490 2741 799 2813 paradisum
862 2740 1036 2809 potius
1076 2743 1476 2811 argumentari,
1518 2759 1675 2815 quam
1727 2755 1781 2802 et
1823 2747 1902 2821 (9)

303 2851 514 2911 patrum
543 2835 648 2892 dici
674 2835 872 2905 capiat,
905 2831 1037 2888 Adae
1062 2834 1268 2889 scilicet
1298 2847 1352 2889 et
1388 2836 1514 2892 Eva:
1546 2855 1561 2893 :
1595 2840 1819 2909 proinde
1848 2854 1901 2898 et

304 2935 356 2988 in
402 2929 708 3004 paradisum
752 2928 1023 2984 restitutio
1070 2930 1218 2982 carni
1247 2929 1513 2986 videbitur
1542 2938 1898 3005 repromissa,

304 3040 423 3096 qua:
451 3038 575 3079 eum
604 3020 841 3077 incolarc
861 3026 917 3075 et
943 3018 1217 3075 custodire
1247 3020 1436 3077 sortita
1466 3034 1570 3092 est,
1602 3037 1660 3081 ut
1692 3028 1812 3084 talis
1840 3032 1902 3085 il-

303 3117 391 3173 lue
419 3116 580 3173 homo
606 3121 906 3180 revocetur,
936 3111 1108 3183 qualis
1138 3112 1259 3169 inde
1285 3115 1470 3185 pulsus
1512 3100 1629 3190 (10)
1656 3130 1757 3177 est.

2001 1913 2110 1968 rica
2141 1913 2384 1967 defensio
2424 1913 2724 1983 corporalis
2764 1914 3195 1970 resurrectionis.
3225 1915 3358 1971 Nam
3384 1928 3437 1973 et
3476 1934 3600 1973 cum

2002 2005 2230 2074 legimus
2254 2002 2272 2077 (
2296 2002 2399 2067 13.,
2433 2002 2643 2077 XXVI)
2682 2022 2694 2058 :
2726 2003 2964 2072 Papulas
2996 2024 3158 2070 meus,
3186 2008 3391 2063 introite
3420 2010 3470 2064 in
3493 2010 3602 2064 cel-

2000 2098 2078 2152 las
2107 2112 2313 2168 proruas
2340 2097 2661 2163 quantulum,
2686 2096 2846 2151 donec
2867 2098 2946 2151 ira
2968 2115 3080 2151 utea
3100 2094 3401 2169 praetereat,
3424 2101 3607 2171 sepul-

2002 2206 2092 2246 cra
2120 2198 2279 2243 erunt
2299 2190 2450 2262 cella:
2492 2204 2713 2259 promte,
2750 2190 2804 2244 in
2832 2191 3025 2260 quibus
3052 2193 3323 2264 paulisper
3362 2196 3607 2266 requies-

2001 2299 2125 2341 cere
2155 2283 2564 2355 habebunt,'qui
2597 2285 2648 2339 in
2682 2286 2873 2342 linibus
2910 2287 3117 2352 smeuli,
3164 2289 3265 2344 sub
3289 2290 3471 2346 ultima
3502 2292 3604 2359 ira,

2001 2392 2099 2448 per
2122 2377 2437 2433 Antichristi
2458 2379 2565 2433 vim
2588 2381 2942 2436 excesserint.
2967 2382 3070 2437 Aut
3087 2398 3183 2437 cur
3203 2383 3461 2440 cellarum
3483 2401 3610 2456 pro-

2003 2486 2209 2526 marum
2243 2470 2422 2541 potius
2452 2471 2714 2526 vocabulo
2744 2488 2873 2528 usus
2905 2484 3009 2541 est,
3045 2483 3100 2529 et
3124 2490 3229 2530 non
3256 2477 3482 2548 alicujus
3502 2477 3608 2533 loci

2002 2564 2321 2636 receptorii,
2366 2565 2467 2619 nisi
2499 2562 2622 2634 quia
2655 2563 2739 2637 (f)
2785 2567 2837 2620 in
2866 2567 3018 2622 cellis
3047 2569 3247 2638 promis
3291 2584 3422 2625 caro
3455 2571 3610 2627 salita

2003 2670 2059 2714 et
2106 2657 2224 2713 usui
2276 2657 2509 2726 reposita
2561 2668 2847 2727 servatur,
2908 2659 3272 2730 depromenda
3323 2663 3473 2720 illinc
3513 2681 3614 2721 suo
3672 2688 3677 2697 ’

2007 2751 2286 2821 tempore?
2321 2748 2551 2805 I‘roinde
2596 2750 2739 2805 enim
2785 2758 2842 2806 ct
2879 2767 3106 2822 corpora
3139 2755 3399 2812 medicata
3429 2757 3617 2813 condi-

2006 2844 2202 2900 mentis
2232 2840 2545 2912 sepulturzr,
2579 2842 2868 2897 mausoleis
2896 2854 2950 2899 ct
2979 2848 3351 2902 monumentis
3388 2863 3613 2918 seques-

2006 2947 2235 3001 trantur,
2268 2948 2581 3004 processura
2610 2933 2734 2989 inde
2760 2952 2882 2989 cum
2904 2936 3128 3007 jusserit
3158 2939 3434 2996 Dominus.
3458 2942 3614 3009 Quod

2005 3046 2126 3086 cum
2152 3028 2221 3082 ita
2255 3025 2480 3094 intelligi
2509 3037 3020 3100 congruatgctqum
3047 3030 3190 3084 enim
3222 3031 3288 3088 ab
3311 3033 3386 3087 ira
3417 3034 3507 3088 Dei
3538 3034 3618 3108 (g)

1934 3126 1980 3188 C.
2014 3121 2353 3181 cellariorum
2374 3133 2471 3173 nos
2494 3117 2695 3188 relugia
2729 3120 3056 3178 servabunt?
3077 3120 3182 3179 hoc
3204 3124 3317 3196 ipso
3336 3125 3476 3201 quod
3503 3124 3622 3201 (1‘2)

1619 3259 2003 3328 LECTIONES
2026 3254 2448 3323 VARIANTES.

370 3371 443 3438 (1)
475 3373 632 3438 Ῑβιτι)
660 3367 803 3438 nheri.
830 3366 982 3421 Seml.

373 3432 444 3503 (‘2')
478 3435 655 3503 Vinum
676 3434 899 3503 Spiritus,
924 3438 979 3503 et
977 3444 1173 3503 Equam
1201 3435 1322 3486 Ven.
1359 3432 1537 3500 Rigalt.
1575 3439 1684 3493 cod.
1724 3442 1903 3498 Pii/ue.

309 3493 496 3559 Aquam
521 3493 721 3559 Spiritus
743 3503 794 3545 et
809 3493 941 3559 abest
972 3493 1123 3559 Fran.

389 3513 496 3548 uam
521 3513 721 3559 sptrttus
743 3513 794 3545 Cl.
809 3513 940 3546 αυεδι
972 3513 1123 3546 "an.

354 3513 446 3626 (ἒξ)
480 3559 576 3626 De}
599 3557 730 3626 abest
750 3569 782 3606 a
803 3553 1129 3626 Rhen._Seml.

396 3617 447 3673 ll
476 3621 632 3672 Indue
657 3617 807 3672 Illten.
834 3620 984 3672 Sentl.

397 3679 448 3743 ὅ)
483 3683 593 3734 Diei
619 3683 750 3743 abest
769 3695 800 3732 a
817 3679 968 3735 Rhea.
995 3680 1148 3735 Seml.
1671 3718 1697 3743 .

396 3742 448 3807 ὃ)
483 3748 589 3807 Qua
611 3742 764 3799 Rhea.
791 3746 939 3797 Seml.

1251 3816 1279 3833 Ι

2099 3378 2151 3434 '7)
2188 3373 2480 3434 Competent
2500 3372 2644 3420 Pam.
2665 3368 2815 3423 Rhen.

2100 3431 2151 3495 8)
2187 3431 2358 3487 'I‘err'te
2375 3431 2506 3485 abest
2520 3448 2551 3483 α
2567 3434 2675 3495 Rig.
2704 3438 2823 3485 Ven.

2078 3496 2151 3566 (9)
2165 3562 2172 3566 _
2187 3498 2345 3566 Etiam
2369 3497 2512 3566 Pam.
2533 3496 2697 3566 "Eram

2102 3554 2180 3625 ib)
2221 3557 2474 3625 Depulsus
2493 3554 2596 3625 alii.

2102 3567 2180 3625 10)
2222 3567 2474 3620 Deputsus
2493 3567 2596 3608 am.

2073 3567 2095 3757 Ξ
2103 3628 2179 3689 11)
2214 3621 2525 3672 Subscribam
2550 3616 2695 3671 Rhea.
2723 3621 3032 3676 subserivam
3052 3631 3165 3675 Jun.

2100 3689 2177 3754 12)
2215 3684 2323 3745 Quo
2346 3691 2496 3733 Fran.

2100 3684 2177 3754 12)
2215 3684 2323 3745 Quo
2346 3691 2496 3733 Fran.

1709 3855 2269 3920 COMMENTARIUS.

386 3998 464 4072 (τι)
496 3997 888 4072 Oleumdiviua:
911 3997 1199 4064 unctionis,
1245 4007 1351 4055 etc.
1385 3999 1908 4072 DeliciaségEcclesia:

316 4070 585 4138 reCenset,
633 4070 736 4127 tria
779 4073 1030 4125 nimirum
1080 4081 1437 4133 sacramenta,
1492 4071 1904 4134 Eucharistiam,

318 4144 624 4198 Extremam
655 4143 983 4208 unctionem,
1024 4140 1374 4210 Baptismum.
1404 4141 1633 4199 Easdem
1665 4152 1911 4197 recenset

320 4214 411 4270 lib.
438 4213 462 4268 I
487 4214 606 4269 adv.
637 4213 968 4275 Marcionem,
998 4227 1115 4281 cap.
1150 4211 1218 4266 M
1241 4229 1255 4266 :
1287 4213 1395 4268 Sed
1415 4214 1501 4267 ille
1528 4214 1730 4282 quidem
1758 4229 1912 4283 usque

318 4302 455 4340 nunc
476 4302 568 4341 nec
593 4301 776 4355 aquam
802 4283 1107 4355 reprobavit,
1134 4298 1390 4355 quarsuas
1419 4284 1600 4348 abluit,
1630 4301 1720 4338 nec
1745 4282 1913 4338 oleum

319 4373 417 4428 quo
446 4373 563 4411 suos
594 4354 756 4427 ungit.
782 4354 872 4428 nee
900 4370 1081 4428 panem
1115 4369 1214 4420 quo
1238 4354 1405 4428 ipsum
1442 4372 1626 4427 corpus
1654 4371 1804 4428 suum
1833 4371 1915 4408 re-

323 4425 614 4497 praesentat.
665 4425 881 4497 Accepit
935 4425 1539 4497 animampigomntem'
1566 4441 1659 4495 pro
1694 4426 1917 4497 vigorem

321 4495 670 4572 tweipientem2
702 4495 974 4572 passivum
1017 4495 1373 4568 signiIiCatum
1404 4514 1499 4567 pro
1525 4498 1720 4560 activo,
1747 4495 1806 4551 ut
1831 4510 1916 4551 so-

327 4570 398 4626 let
420 4568 731 4626 aliouando.
762 4568 894 4624 Lac.

392 4640 474 4714 (1))
500 4637 901 4714 Ρενᾉὶηεοιαιυηξ
923 4638 1370 4714 Spiritussancti.
1390 4639 1653 4714 lncolatus
1673 4648 1754 4714 est
1777 4637 1924 4714 urbs,

324 4708 474 4779 cujus
525 4712 647 4782 quis
697 4727 805 4765 non
852 4710 1022 4773 civis,
1071 4710 1165 4782 sed
1222 4710 1393 4782 incola
1441 4722 1542 4782 est.
1596 4708 1926 4782 Modestinus

327 4780 628 4849 LXXXIV,
662 4782 724 4838 D.
744 4783 806 4835 de
821 4798 926 4835 mu.
942 4781 1061 4834 han.
1078 4780 1325 4835 :incolam
1346 4797 1460 4836 vero
1477 4781 1790 4836 domicilium
1810 4780 1934 4851 facit

328 4853 360 4908 I.
393 4852 483 4916 111.
508 4854 570 4910 C.
601 4853 666 4907 de
689 4853 845 4908 incol.
873 4852 1068 4908 Verum
1100 4861 1155 4905 ut
1184 4851 1424 4907 Alciatus
1450 4853 1518 4907 de
1542 4852 1829 4907 verborum
1857 4852 1931 4904 si-

326 4925 455 4996 gnil'.
481 4923 860 4997 inquit,lncola
873 4924 1077 4993 proprie
1091 4933 1184 4997 est,
1212 4924 1320 4997 qui,
1339 4940 1454 4977 cum
1478 4924 1675 4978 advena
1703 4932 1850 4997 esset,
1874 4922 1928 4976 in

328 4993 830 5067 aliqnaut'civitatem
857 5011 915 5048 ea
943 5004 1107 5047 mente
1135 4993 1414 5048 habitatum
1447 4996 1604 5067 quieuit,
1641 5004 1692 5048 ut
1715 4994 1788 5067 ibi
1813 5009 1929 5067 per-

331 5064 477 5135 petuo
500 5068 589 5134 sit,
616 5082 964 5134 summamque
988 5081 1155 5119 rerum
1176 5081 1392 5135 suarum
1418 5066 1487 5119 ibi
1513 5066 1713 5119 habeat.
1743 5064 1932 5119 Merito

332 5134 489 5209 igitur
525 5136 586 5194 S.
617 5137 857 5209 Spiritus
878 5137 1136 5192 incolatus
1164 5134 1263 5190 fuit
1303 5134 1578 5209 Christus;
1607 5147 1931 5209 perpetuum

332 5207 597 5281 siquidem
644 5208 974 5281 domicilium
1024 5221 1292 5281 tamquam
1341 5207 1708 5263 intermissum
1763 5207 1815 5261 in
1866 5220 1933 5261 eo

333 5277 583 5351 deposuit
607 5280 767 5346 pleno
799 5280 1019 5334 lluento.
1052 5277 1185 5333 Lac.

406 5345 485 5425 (θ)
519 5345 617 5417 Qui
651 5351 945 5425 uestimenta
973 5365 1078 5425 sua
1105 5365 1207 5403 non
1237 5348 1703 5425 coinquinaverunt.
1749 5345 1936 5425 Miscet

335 5418 630 5495 Scriptura:
659 5420 891 5495 diversa,
916 5429 972 5476 ut
999 5420 1137 5495 solet
1159 5418 1562 5489 nonnunquam,
1580 5418 1816 5495 loca,ve|
1841 5431 1937 5487 po-

337 5495 441 5551 tius
461 5489 661 5549 alludit
702 5493 769 5548 ad
798 5492 1009 5549 diversa
1040 5491 1155 5546 loca
1201 5508 1269 5546 ex
1297 5506 1541 5561 quorum
1561 5489 1743 5561 verbis
1776 5502 1937 5561 conn-3

336 5564 509 5637 pingit
535 5564 746 5637 tertiam
775 5561 1100 5637 sententiam
1131 5558 1408 5633 explicans
1435 5560 1599 5617 verba
1643 5558 1800 5615 unius
1828 5558 1940 5613 loci

337 5633 697 5708 pet-Laberius
711 5635 894 5692 verba.
932 5633 1092 5708 μη).Δ
1165 5705 1175 5708 _
1224 5664 1227 5667 λ

336 5700 357 5776 ι’
410 5706 493 5780 ((1)
537 5704 756 5761 Innuba:
802 5706 989 5760 carnis.
1036 5705 1321 5807 Virginem,
1348 5701 1516 5761 codex
1545 5700 1934 5828 Pitllt‘kinttube.

1108 5803 1113 5807 '
1634 5789 1753 5830 HIC.

412 5850 490 5926 (σι)
520 5848 684 5916 Tunc,
709 5846 893 5920 inquit,
924 5847 1091 5903 lumen
1117 5856 1257 5903 tuum
1288 5857 1668 5919 tetnporaneum
1687 5851 1934 5915 erumpet.

1947 4519 1998 4579 D
2026 4490 2374 4579 principium,
2401 4507 2465 4546 ac
2497 4491 2588 4545 lib.
2620 4490 2842 4579 de_grat.
2887 4491 3082 4579 domin.
3125 4491 3225 4579 sub

2017 3995 2185 4070 Vertit
2214 3994 2417 4070 Auctor
2444 3991 2594 4070 Isaiae
2623 3989 2786 4047 LVIII
2828 3999 3229 4062 temporaneum,
3268 4009 3363 4067 pro
3392 4013 3456 4053 eo
3483 4001 3625 4070 quod

1970 4072 1975 4076 ’
2015 4069 2112 4142 alii
2152 4068 2479 4142 matutinum.
2505 4064 2818 4142 σπεεξη-νοις
2851 4073 3064 4142 πρώῖμον
3097 4064 3302 4137 praecoa:
3343 4064 3625 4142 significat.

2021 4137 2226 4212 Deinde
2262 4138 2389 4212 legit
2433 4141 2631 4212 magia,
2665 4133 2716 4212 id
2748 4143 2832 4189 est
2856 4133 3203 4212 vestimenta,
3256 4155 3355 4210 pro
3379 4133 3446 4197 εἷο
3485 4144 3627 4212 quod

2014 4210 2174 4280 grarci
2203 4206 2416 4264 codices
2449 4206 2716 4280 hodierni,
2744 4213 2798 4259 et
2821 4206 3035 4280 quidam
3067 4206 3545 4280 vetera—tutatme
3576 4214 3628 4268 id

2017 4275 2100 4336 cst
2140 4281 2470 4351 curationes.
2518 4277 2721 4346 Duplex
2768 4284 2853 4333 est
2896 4275 3053 4351 lt‘ujus
3084 4279 3186 4351 Igci
3233 4275 3430 4351 lectio,
3465 4287 3628 4340 etiam

2019 4350 2160 4421 apud
2214 4350 2466 4405 Graecos:
2520 4347 3040 4421 nam‘consentiunt
3092 4347 3462 4420 Tertulliano,
3520 4372 3627 4410 non

2025 4418 2184 4477 modo
2210 4422 2270 4475 Β.
2316 4421 2633 4492 Cyprianus.
2667 4418 2760 4472 lib.
2807 4418 2871 4472 de
2897 4419 3129 4474 eleemos.
3166 4433 3212 4474 et
3250 4439 3278 4475 ο
3319 4418 3502 4490 eribnr,
3530 4428 3630 4478 sub

2026 4493 2371 4546 principium.
2401 4507 2465 4546 ac
2497 4491 2588 4545 lib.
2620 4490 2683 4543 de
2710 4502 2842 4544 orat.
2887 4491 3082 4544 domin.
3125 4491 3225 4546 sub
3262 4441 3448 4546 libent.
3486 4508 3537 4546 et
3567 4496 3627 4546 ll.

3284 4496 3448 4561 inem,
3486 4508 3537 4550 et
3567 4496 3627 4549 ll.

2035 4560 2364 4634 Auguétinus
2414 4560 2783 4634 scrin.__l72_3
2851 4562 2956 4634 sed
2994 4562 3155 4617 etiam
3187 4560 3628 4634 Chrysostomus,

2037 4631 2182 4690 both.
2216 4634 2306 4701 55,
2330 4635 2383 4687 in
2412 4650 2529 4700 cap.
2560 4632 2683 4704 XVI
2712 4631 2903 4685 Matth.
2935 4631 3010 4704 De
3031 4647 3137 4703 quo
3164 4631 3462 4704 vide—plura
3489 4639 3631 4703 apud

2036 4706 2269 4761 Leonem
2300 4704 2548 4760 Castrum
2580 4705 2632 4757 in
2664 4702 2886 4775 Isaiam;
2934 4703 3021 4775 ubi
3046 4704 3206 4758 etiam
3234 4702 3327 4759 eos
3357 4709 3444 4775 qui
3475 4702 3632 4762 aliter

2037 4778 2237 4848 legunt.
2271 4777 2444 4848 locum
2478 4776 2620 4830 hunc
2647 4774 2886 4831 ostendit
2926 4773 2995 4829 de
3023 4773 3419 4832 resurrectione
3465 4778 3633 4834 inter-

2038 4847 2255 4919 prelari.
2289 4847 2429 4919 Pan.
2631 4916 2641 4919 Α
2906 4916 2929 4919 ,ν
3046 4915 3068 4919 _
3206 4915 3259 4919 ,Α
3502 4900 3507 4905 .

2111 4918 2176 4991 (1)
2204 4916 2279 4991 In,
2297 4936 2356 4991 γε(
2373 4917 2455 4972 llis
2477 4916 2668 4987 promis
2692 4916 3006 4991 caro_sal_ita_.
3034 4915 3177 4991 Quas
3206 4915 3295 4991 hic
3321 4917 3486 4974 cellas
3507 4935 3633 4977 mox

2037 4986 2178 5044 dicet
2206 4990 2444 5053 cellaria,
2475 4986 2583 5056 quo
2611 4987 2870 5042 vocabulo
2896 4986 3157 5056 Sulpitius
3202 4986 3434 5044 Severus
3466 4993 3631 5045 utitur

2039 5062 2132 5117 lib.
2158 5059 2201 5115 Il
2234 5059 2370 5114 "ist.
2389 5076 2517 5124 sac.,
2545 5059 2630 5111 ubi
2656 5059 2723 5112 de
2743 5058 3023 5127 EpiscOpis
3048 5058 3346 5113 Ariminum
3369 5076 3634 5116 convoca-

2040 5133 2107 5187 tis
2141 5154 2153 5188 :
2187 5131 2379 5198 Quibus
2409 5129 2659 5191 ontnibus,
2709 5127 2900 5198 inquit,
2929 5144 3162 5183 annonas
3194 5140 3240 5183 et
3272 5131 3480 5186 cellaria
3509 5132 3634 5188 dare

2040 5201 2329 5270 Imperator
2354 5210 2679 5270 pra'ceperat.
2711 5198 2828 5254 lito.

2134 5272 2188 5345 g)
2228 5271 2585 5345 Cellnriorum.
2614 5270 2897 5324 Cellas-ium
2931 5270 3145 5345 proprie
3171 5281 3274 5337 est,
3306 5272 3358 5328 in
3389 5290 3495 5344 quo
3517 5275 3633 5330 col-

2040 5340 2274 5414 ιὶεἱῐιὶιω·
2301 5340 2599 5414 ministeria
2624 5354 2927 5414 mensarum
2946 5381 2988 5414 ._
2984 5343 3068 5394 vel
3106 5358 3224 5414 qum
3252 5340 3419 5400 victui
3442 5363 3633 5402 neres-

2041 5410 2179 5472 saria
2209 5422 2515 5483 supersunt.
2561 5411 2663 5466 Sed
2704 5412 2768 5464 ad
2800 5425 2915 5465 rem
2949 5410 3263 5483 Tertulliani
3294 5415 3632 5472 observatum

2041 5500 2118 5541 εει
2142 5482 2453 5549 discrimen,
2480 5483 2616 5537 inter
2643 5482 3067 5553 promptuarium
3096 5491 3149 5536 tt
3169 5483 3467 5544 cellarium.
3492 5489 3634 5554 quod

2042 5557 2096 5612 in
2141 5559 2242 5611 hoc
2270 5556 2752 5625 deponanturqu
2793 5566 3083 5622 paucorum
3128 5554 3336 5625 dierum
3378 5572 3531 5622 sunt;
3580 5561 3632 5613 in

2043 5624 2414 5698 promptuario
2465 5640 2592 5680 vero
2634 5641 2754 5693 (pta:
2800 5624 3264 5698 longi__temporis.
3304 5628 3482 5695 Quare
3527 5647 3634 5684 ιιυη

2043 5693 2349 5754 diuturnam
2380 5698 2491 5751 lore
2514 5705 2742 5750 mortem
2766 5710 2864 5764 per
2888 5693 3087 5747 cellarii
3114 5693 3431 5754 vocabulum
3454 5698 3635 5753 admo-

2046 5771 2158 5824 nuit
2202 5768 2587 5839 Tertttllianus.
2642 5767 2797 5822 Vocis
2827 5765 3295 5839 celltn'iinteminit
3335 5769 3392 5826 S.
3435 5770 3657 5839 Crego-‘

2043 5843 2154 5899 rius
2182 5839 2319 5911 Mag.
2354 5840 2444 5896 lib.
2478 5838 2540 5909 II,
2573 5839 2724 5908 dial,
2755 5835 2871 5909 cap.
2907 5835 2977 5891 28
3002 5855 3017 5891 :
3038 5835 3343 5908 Monachus,
3366 5841 3453 5913 qui
3481 5835 3638 5898 cella-
