  <div class='ocr_page' id='page_1' title='image "/cluster/home/n/w/nwhite01/storage/ocr_20150623/2/uva.x000669815/423.png"; bbox 0 0 4042 6288; ppageno 0'>
   <div class='ocr_carea' id='block_1_1' title="bbox 515 371 621 428">
    <p class='ocr_par' dir='ltr' id='par_1_1' title="bbox 515 371 621 428">
     <span class='ocr_line' id='line_1_1' title="bbox 515 371 621 428; baseline 0 -1"><span class='ocrx_word' id='word_1_1' title='bbox 515 371 621 428; x_wconf 79' lang='lat'><strong>835</strong></span> 
     </span>
    </p>
   </div>
   <div class='ocr_carea' id='block_1_2' title="bbox 1973 367 2433 425">
    <p class='ocr_par' dir='ltr' id='par_1_2' title="bbox 1973 367 2433 425">
     <span class='ocr_line' id='line_1_2' title="bbox 1973 367 2433 425; baseline 0.004 -2"><span class='ocrx_word' id='word_1_2' title='bbox 1973 367 2433 425; x_wconf 72' lang='lat' dir='ltr'><strong>TEIITULLIANI</strong></span> 
     </span>
    </p>
   </div>
   <div class='ocr_carea' id='block_1_3' title="bbox 3691 359 3790 423">
    <p class='ocr_par' dir='ltr' id='par_1_3' title="bbox 3691 359 3790 423">
     <span class='ocr_line' id='line_1_3' title="bbox 3691 359 3790 423; baseline -0.02 0"><span class='ocrx_word' id='word_1_3' title='bbox 3691 359 3790 423; x_wconf 72' lang='lat'><strong>836</strong></span> 
     </span>
    </p>
   </div>
   <div class='ocr_carea' id='block_1_4' title="bbox 513 474 3796 557">
    <p class='ocr_par' dir='ltr' id='par_1_4' title="bbox 513 474 3796 557">
     <span class='ocr_line' id='line_1_4' title="bbox 513 474 3796 557; baseline 0.001 -14"><span class='ocrx_word' id='word_1_4' title='bbox 513 474 604 552; x_wconf 87' lang='lat' dir='ltr'><strong>ait,</strong></span> <span class='ocrx_word' id='word_1_5' title='bbox 656 486 813 543; x_wconf 86' lang='lat' dir='ltr'><strong>donec</strong></span> <span class='ocrx_word' id='word_1_6' title='bbox 862 487 941 540; x_wconf 83' lang='lat' dir='ltr'><strong>ira</strong></span> <span class='ocrx_word' id='word_1_7' title='bbox 997 495 1283 557; x_wconf 74' lang='lat' dir='ltr'><strong>prietereat,</strong></span> <span class='ocrx_word' id='word_1_8' title='bbox 1341 501 1459 555; x_wconf 71' lang='lat' dir='ltr'><strong>qum</strong></span> <span class='ocrx_word' id='word_1_9' title='bbox 1497 485 1775 557; x_wconf 76' lang='lat' dir='ltr'><strong>extinguet</strong></span> <span class='ocrx_word' id='word_1_10' title='bbox 1839 485 2104 541; x_wconf 79' lang='lat' dir='ltr'><strong>Antichri-</strong></span> <span class='ocrx_word' id='word_1_11' title='bbox 2133 486 2181 546; x_wconf 84' lang='lat' dir='ltr'><strong>A</strong></span> <span class='ocrx_word' id='word_1_12' title='bbox 2211 500 2355 553; x_wconf 84' lang='lat' dir='ltr'><strong>care,</strong></span> <span class='ocrx_word' id='word_1_13' title='bbox 2384 486 2713 541; x_wconf 87' lang='lat' dir='ltr'><strong>contrarium</strong></span> <span class='ocrx_word' id='word_1_14' title='bbox 2737 486 2872 557; x_wconf 86' lang='lat' dir='ltr'><strong>ejus,</strong></span> <span class='ocrx_word' id='word_1_15' title='bbox 2900 491 3050 544; x_wconf 88' lang='lat' dir='ltr'><strong>carni</strong></span> <span class='ocrx_word' id='word_1_16' title='bbox 3070 487 3304 544; x_wconf 89' lang='lat' dir='ltr'><strong>animam</strong></span> <span class='ocrx_word' id='word_1_17' title='bbox 3326 487 3527 547; x_wconf 71' lang='lat' dir='ltr'><strong>referre</strong></span> <span class='ocrx_word' id='word_1_18' title='bbox 3544 496 3655 556; x_wconf 88' lang='lat' dir='ltr'><strong>est;</strong></span> <span class='ocrx_word' id='word_1_19' title='bbox 3676 503 3796 546; x_wconf 85' lang='lat' dir='ltr'><strong>caro</strong></span> 
     </span>
    </p>
   </div>
   <div class='ocr_carea' id='block_1_5' title="bbox 509 575 2105 647">
    <p class='ocr_par' dir='ltr' id='par_1_5' title="bbox 509 575 2105 647">
     <span class='ocr_line' id='line_1_5' title="bbox 509 575 2105 647; baseline -0.001 -14"><span class='ocrx_word' id='word_1_20' title='bbox 509 590 672 644; x_wconf 89' lang='lat' dir='ltr'><strong>stum,</strong></span> <span class='ocrx_word' id='word_1_21' title='bbox 704 588 822 647; x_wconf 81' lang='lat' dir='ltr'><strong>post</strong></span> <span class='ocrx_word' id='word_1_22' title='bbox 848 578 978 632; x_wconf 91' lang='lat' dir='ltr'><strong>iram</strong></span> <span class='ocrx_word' id='word_1_23' title='bbox 1009 578 1243 633; x_wconf 72' lang='lat' dir='ltr'><strong>ostendit</strong></span> <span class='ocrx_word' id='word_1_24' title='bbox 1272 591 1643 647; x_wconf 82' lang='lat' dir='ltr'><strong>prece-suram</strong></span> <span class='ocrx_word' id='word_1_25' title='bbox 1673 592 1890 632; x_wconf 69' lang='lat' dir='ltr'><strong>carnem</strong></span> <span class='ocrx_word' id='word_1_26' title='bbox 1918 575 1986 631; x_wconf 87' lang='lat' dir='ltr'><strong>de</strong></span> <span class='ocrx_word' id='word_1_27' title='bbox 2020 592 2105 632; x_wconf 89' lang='lat' dir='ltr'><strong>se-</strong></span> 
     </span>
    </p>
   </div>
   <div class='ocr_carea' id='block_1_6' title="bbox 507 658 2106 742">
    <p class='ocr_par' dir='ltr' id='par_1_6' title="bbox 507 658 2106 742">
     <span class='ocr_line' id='line_1_6' title="bbox 507 658 2106 742; baseline -0.001 -19"><span class='ocrx_word' id='word_1_28' title='bbox 507 658 832 742; x_wconf 47' lang='lat' dir='ltr'><strong>pulcro&#39;(l),</strong></span> <span class='ocrx_word' id='word_1_29' title='bbox 867 670 915 724; x_wconf 91' lang='lat' dir='ltr'><strong>in</strong></span> <span class='ocrx_word' id='word_1_30' title='bbox 941 686 1047 741; x_wconf 89' lang='lat' dir='ltr'><strong>qua</strong></span> <span class='ocrx_word' id='word_1_31' title='bbox 1092 679 1213 724; x_wconf 88' lang='lat' dir='ltr'><strong>ante</strong></span> <span class='ocrx_word' id='word_1_32' title='bbox 1246 670 1375 723; x_wconf 90' lang='lat' dir='ltr'><strong>iram</strong></span> <span class='ocrx_word' id='word_1_33' title='bbox 1412 669 1567 723; x_wconf 83' lang='lat' dir='ltr'><strong>fuerit</strong></span> <span class='ocrx_word' id='word_1_34' title='bbox 1599 670 1763 723; x_wconf 84' lang='lat' dir='ltr'><strong>illata.</strong></span> <span class='ocrx_word' id='word_1_35' title='bbox 1806 668 1937 723; x_wconf 85' lang='lat' dir='ltr'><strong>Nam</strong></span> <span class='ocrx_word' id='word_1_36' title='bbox 1962 669 2106 723; x_wconf 89' lang='lat' dir='ltr'><strong>etde</strong></span> 
     </span>
    </p>
   </div>
   <div class='ocr_carea' id='block_1_7' title="bbox 505 760 2105 832">
    <p class='ocr_par' dir='ltr' id='par_1_7' title="bbox 505 760 2105 832">
     <span class='ocr_line' id='line_1_7' title="bbox 505 760 2105 832; baseline -0.003 -13"><span class='ocrx_word' id='word_1_37' title='bbox 505 763 739 819; x_wconf 67' lang='lat' dir='ltr'><strong>cellrriis</strong></span> <span class='ocrx_word' id='word_1_38' title='bbox 787 778 892 816; x_wconf 90' lang='lat' dir='ltr'><strong>non</strong></span> <span class='ocrx_word' id='word_1_39' title='bbox 926 761 1066 816; x_wconf 91' lang='lat' dir='ltr'><strong>aliud</strong></span> <span class='ocrx_word' id='word_1_40' title='bbox 1098 761 1341 824; x_wconf 81' lang='lat' dir='ltr'><strong>effertur,</strong></span> <span class='ocrx_word' id='word_1_41' title='bbox 1374 777 1533 832; x_wconf 87' lang='lat' dir='ltr'><strong>quam</strong></span> <span class='ocrx_word' id='word_1_42' title='bbox 1560 761 1699 831; x_wconf 89' lang='lat' dir='ltr'><strong>quod</strong></span> <span class='ocrx_word' id='word_1_43' title='bbox 1747 760 2008 825; x_wconf 73' lang='lat' dir='ltr'><strong>infertur;</strong></span> <span class='ocrx_word' id='word_1_44' title='bbox 2052 768 2105 814; x_wconf 93' lang='lat' dir='ltr'><strong>et</strong></span> 
     </span>
    </p>
   </div>
   <div class='ocr_carea' id='block_1_8' title="bbox 505 853 2101 927">
    <p class='ocr_par' dir='ltr' id='par_1_8' title="bbox 505 853 2101 927">
     <span class='ocr_line' id='line_1_8' title="bbox 505 853 2101 927; baseline -0.002 -16"><span class='ocrx_word' id='word_1_45' title='bbox 505 864 627 927; x_wconf 88' lang='lat' dir='ltr'><strong>post</strong></span> <span class='ocrx_word' id='word_1_46' title='bbox 656 853 965 911; x_wconf 80' lang='lat' dir='ltr'><strong>Antichristi</strong></span> <span class='ocrx_word' id='word_1_47' title='bbox 995 854 1411 911; x_wconf 87' lang='lat' dir='ltr'><strong>eradicationcm</strong></span> <span class='ocrx_word' id='word_1_48' title='bbox 1440 855 1726 925; x_wconf 68' lang='lat' dir='ltr'><strong>agitabitur</strong></span> <span class='ocrx_word' id='word_1_49' title='bbox 1756 855 2101 909; x_wconf 54' lang='lat' dir='ltr'><strong>resurrectio.</strong></span> 
     </span>
    </p>
   </div>
   <div class='ocr_carea' id='block_1_9' title="bbox 1038 945 1547 1003">
    <p class='ocr_par' dir='ltr' id='par_1_9' title="bbox 1038 945 1547 1003">
     <span class='ocr_line' id='line_1_9' title="bbox 1038 945 1547 1003; baseline -0.004 -2"><span class='ocrx_word' id='word_1_50' title='bbox 1038 946 1266 1003; x_wconf 76' lang='lat' dir='ltr'><strong>CAPUT</strong></span> <span class='ocrx_word' id='word_1_51' title='bbox 1311 945 1547 1000; x_wconf 78' lang='lat' dir='ltr'><strong>XXVIII.</strong></span> 
     </span>
    </p>
   </div>
   <div class='ocr_carea' id='block_1_10' title="bbox 579 1025 2106 1108">
    <p class='ocr_par' dir='ltr' id='par_1_10' title="bbox 579 1025 2106 1108">
     <span class='ocr_line' id='line_1_10' title="bbox 579 1025 2106 1108; baseline -0.004 -15"><span class='ocrx_word' id='word_1_52' title='bbox 579 1037 788 1093; x_wconf 87' lang='lat' dir='ltr'><strong>Scimus</strong></span> <span class='ocrx_word' id='word_1_53' title='bbox 829 1025 1029 1101; x_wconf 79' lang='lat' dir='ltr'><strong>anteiit,</strong></span> <span class='ocrx_word' id='word_1_54' title='bbox 1057 1037 1197 1092; x_wconf 85' lang='lat' dir='ltr'><strong>sicut</strong></span> <span class='ocrx_word' id='word_1_55' title='bbox 1227 1035 1471 1102; x_wconf 77' lang='lat' dir='ltr'><strong>vocibus,</strong></span> <span class='ocrx_word' id='word_1_56' title='bbox 1505 1037 1574 1090; x_wconf 91' lang='lat' dir='ltr'><strong>ita</strong></span> <span class='ocrx_word' id='word_1_57' title='bbox 1604 1046 1660 1091; x_wconf 91' lang='lat' dir='ltr'><strong>et</strong></span> <span class='ocrx_word' id='word_1_58' title='bbox 1688 1037 1848 1092; x_wconf 93' lang='lat' dir='ltr'><strong>rehus</strong></span> <span class='ocrx_word' id='word_1_59' title='bbox 1881 1036 2106 1108; x_wconf 69' lang='lat' dir='ltr'><strong>prophe-</strong></span> 
     </span>
    </p>
   </div>
   <div class='ocr_carea' id='block_1_11' title="bbox 507 1128 2102 1200">
    <p class='ocr_par' dir='ltr' id='par_1_11' title="bbox 507 1128 2102 1200">
     <span class='ocr_line' id='line_1_11' title="bbox 507 1128 2102 1200; baseline 0 -14"><span class='ocrx_word' id='word_1_60' title='bbox 507 1138 682 1187; x_wconf 88' lang='lat' dir='ltr'><strong>tarum</strong></span> <span class='ocrx_word' id='word_1_61' title='bbox 714 1172 730 1196; x_wconf 94' lang='lat'><strong>,</strong></span> <span class='ocrx_word' id='word_1_62' title='bbox 763 1138 867 1184; x_wconf 90' lang='lat' dir='ltr'><strong>tam</strong></span> <span class='ocrx_word' id='word_1_63' title='bbox 908 1128 1082 1200; x_wconf 87' lang='lat' dir='ltr'><strong>pictis,</strong></span> <span class='ocrx_word' id='word_1_64' title='bbox 1114 1145 1272 1199; x_wconf 88' lang='lat' dir='ltr'><strong>quam</strong></span> <span class='ocrx_word' id='word_1_65' title='bbox 1302 1139 1357 1184; x_wconf 90' lang='lat' dir='ltr'><strong>et</strong></span> <span class='ocrx_word' id='word_1_66' title='bbox 1383 1130 1537 1184; x_wconf 78' lang='lat' dir='ltr'><strong>factis</strong></span> <span class='ocrx_word' id='word_1_67' title='bbox 1569 1130 1886 1200; x_wconf 72' lang='lat' dir='ltr'><strong>[medicatur</strong></span> <span class='ocrx_word' id='word_1_68' title='bbox 1927 1148 2102 1186; x_wconf 87' lang='lat' dir='ltr'><strong>resur-</strong></span> 
     </span>
    </p>
   </div>
   <div class='ocr_carea' id='block_1_12' title="bbox 504 1222 2105 1297">
    <p class='ocr_par' dir='ltr' id='par_1_12' title="bbox 504 1222 2105 1297">
     <span class='ocr_line' id='line_1_12' title="bbox 504 1222 2105 1297; baseline 0 -17"><span class='ocrx_word' id='word_1_69' title='bbox 504 1226 692 1281; x_wconf 86' lang='lat' dir='ltr'><strong>rectio.</strong></span> <span class='ocrx_word' id='word_1_70' title='bbox 724 1222 857 1278; x_wconf 91' lang='lat' dir='ltr'><strong>Cum</strong></span> <span class='ocrx_word' id='word_1_71' title='bbox 889 1222 1101 1294; x_wconf 81' lang='lat' dir='ltr'><strong>Moyses</strong></span> <span class='ocrx_word' id='word_1_72' title='bbox 1130 1238 1345 1278; x_wconf 89' lang='lat' dir='ltr'><strong>manum</strong></span> <span class='ocrx_word' id='word_1_73' title='bbox 1374 1223 1425 1276; x_wconf 93' lang='lat' dir='ltr'><strong>in</strong></span> <span class='ocrx_word' id='word_1_74' title='bbox 1469 1223 1643 1277; x_wconf 89' lang='lat' dir='ltr'><strong>sinum</strong></span> <span class='ocrx_word' id='word_1_75' title='bbox 1689 1223 1891 1291; x_wconf 90' lang='lat' dir='ltr'><strong>condit,</strong></span> <span class='ocrx_word' id='word_1_76' title='bbox 1933 1224 2010 1297; x_wconf 90' lang='lat' dir='ltr'>(a)</span> <span class='ocrx_word' id='word_1_77' title='bbox 2051 1233 2105 1280; x_wconf 89' lang='lat' dir='ltr'><strong>et</strong></span> 
     </span>
    </p>
   </div>
   <div class='ocr_carea' id='block_1_13' title="bbox 503 1315 2102 1390">
    <p class='ocr_par' dir='ltr' id='par_1_13' title="bbox 503 1315 2102 1390">
     <span class='ocr_line' id='line_1_13' title="bbox 503 1315 2102 1390; baseline -0.001 -16"><span class='ocrx_word' id='word_1_78' title='bbox 503 1331 801 1374; x_wconf 86' lang='lat' dir='ltr'><strong>etnortuatn</strong></span> <span class='ocrx_word' id='word_1_79' title='bbox 836 1316 1059 1387; x_wconf 81' lang='lat' dir='ltr'><strong>profert,</strong></span> <span class='ocrx_word' id='word_1_80' title='bbox 1102 1315 1178 1390; x_wconf 90' lang='lat' dir='ltr'>(b)</span> <span class='ocrx_word' id='word_1_81' title='bbox 1203 1327 1258 1372; x_wconf 90' lang='lat' dir='ltr'><strong>et</strong></span> <span class='ocrx_word' id='word_1_82' title='bbox 1286 1332 1474 1372; x_wconf 86' lang='lat' dir='ltr'><strong>rursus</strong></span> <span class='ocrx_word' id='word_1_83' title='bbox 1506 1318 1758 1381; x_wconf 79' lang='lat' dir='ltr'><strong>insinuat,</strong></span> <span class='ocrx_word' id='word_1_84' title='bbox 1791 1326 1846 1373; x_wconf 92' lang='lat' dir='ltr'><strong>et</strong></span> <span class='ocrx_word' id='word_1_85' title='bbox 1874 1319 2102 1373; x_wconf 87' lang='lat' dir='ltr'><strong>vividam</strong></span> 
     </span>
    </p>
   </div>
   <div class='ocr_carea' id='block_1_14' title="bbox 500 1408 2105 1481">
    <p class='ocr_par' dir='ltr' id='par_1_14' title="bbox 500 1408 2105 1481">
     <span class='ocr_line' id='line_1_14' title="bbox 500 1408 2105 1481; baseline -0.001 -16"><span class='ocrx_word' id='word_1_86' title='bbox 500 1409 753 1479; x_wconf 59' lang='lat' dir='ltr'><strong>explicat,</strong></span> <span class='ocrx_word' id='word_1_87' title='bbox 789 1424 966 1465; x_wconf 88' lang='lat' dir='ltr'><strong>nonne</strong></span> <span class='ocrx_word' id='word_1_88' title='bbox 1000 1410 1101 1464; x_wconf 92' lang='lat' dir='ltr'><strong>hoc</strong></span> <span class='ocrx_word' id='word_1_89' title='bbox 1122 1408 1188 1463; x_wconf 89' lang='lat' dir='ltr'><strong>de</strong></span> <span class='ocrx_word' id='word_1_90' title='bbox 1216 1417 1325 1463; x_wconf 89' lang='lat' dir='ltr'><strong>toto</strong></span> <span class='ocrx_word' id='word_1_91' title='bbox 1356 1408 1575 1464; x_wconf 90' lang='lat' dir='ltr'><strong>homine</strong></span> <span class='ocrx_word' id='word_1_92' title='bbox 1602 1410 1903 1479; x_wconf 82' lang='lat' dir='ltr'><strong>portendit?</strong></span> <span class='ocrx_word' id='word_1_93' title='bbox 1928 1410 2105 1481; x_wconf 88' lang='lat' dir='ltr'><strong>Siqui-</strong></span> 
     </span>
    </p>
   </div>
   <div class='ocr_carea' id='block_1_15' title="bbox 500 1501 2102 1574">
    <p class='ocr_par' dir='ltr' id='par_1_15' title="bbox 500 1501 2102 1574">
     <span class='ocr_line' id='line_1_15' title="bbox 500 1501 2102 1574; baseline 0 -17"><span class='ocrx_word' id='word_1_94' title='bbox 500 1502 622 1557; x_wconf 87' lang='lat' dir='ltr'><strong>dent</strong></span> <span class='ocrx_word' id='word_1_95' title='bbox 668 1501 803 1556; x_wconf 91' lang='lat' dir='ltr'><strong>trina</strong></span> <span class='ocrx_word' id='word_1_96' title='bbox 832 1504 1004 1558; x_wconf 86' lang='lat' dir='ltr'><strong>virtus</strong></span> <span class='ocrx_word' id='word_1_97' title='bbox 1032 1503 1150 1565; x_wconf 85' lang='lat' dir='ltr'><strong>Dei,</strong></span> <span class='ocrx_word' id='word_1_98' title='bbox 1202 1516 1296 1571; x_wconf 82' lang='lat' dir='ltr'><strong>per</strong></span> <span class='ocrx_word' id='word_1_99' title='bbox 1328 1501 1417 1556; x_wconf 86' lang='lat' dir='ltr'><strong>illa</strong></span> <span class='ocrx_word' id='word_1_100' title='bbox 1451 1502 1585 1556; x_wconf 91' lang='lat' dir='ltr'><strong>lrina</strong></span> <span class='ocrx_word' id='word_1_101' title='bbox 1628 1504 1778 1574; x_wconf 84' lang='lat' dir='ltr'><strong>signa</strong></span> <span class='ocrx_word' id='word_1_102' title='bbox 1811 1503 2102 1559; x_wconf 87' lang='lat' dir='ltr'><strong>denotaba-</strong></span> 
     </span>
    </p>
   </div>
   <div class='ocr_carea' id='block_1_16' title="bbox 500 1592 2100 1667">
    <p class='ocr_par' dir='ltr' id='par_1_16' title="bbox 500 1592 2100 1667">
     <span class='ocr_line' id='line_1_16' title="bbox 500 1592 2100 1667; baseline -0.001 -17"><span class='ocrx_word' id='word_1_103' title='bbox 500 1602 587 1650; x_wconf 89' lang='lat' dir='ltr'><strong>tur</strong></span> <span class='ocrx_word' id='word_1_104' title='bbox 630 1592 710 1667; x_wconf 74' lang='lat'>(2)</span> <span class='ocrx_word' id='word_1_105' title='bbox 753 1610 872 1650; x_wconf 91' lang='lat' dir='ltr'><strong>cum</strong></span> <span class='ocrx_word' id='word_1_106' title='bbox 902 1610 1001 1651; x_wconf 90' lang='lat' dir='ltr'><strong>suo</strong></span> <span class='ocrx_word' id='word_1_107' title='bbox 1027 1595 1216 1650; x_wconf 88' lang='lat' dir='ltr'><strong>ordine</strong></span> <span class='ocrx_word' id='word_1_108' title='bbox 1240 1612 1252 1647; x_wconf 92' lang='lat'>:</span> <span class='ocrx_word' id='word_1_109' title='bbox 1280 1595 1455 1664; x_wconf 90' lang='lat' dir='ltr'><strong>primo</strong></span> <span class='ocrx_word' id='word_1_110' title='bbox 1474 1594 1743 1649; x_wconf 87' lang='lat' dir='ltr'><strong>diabolum</strong></span> <span class='ocrx_word' id='word_1_111' title='bbox 1772 1607 2100 1667; x_wconf 89' lang='lat' dir='ltr'><strong>serpentem,</strong></span> 
     </span>
    </p>
   </div>
   <div class='ocr_carea' id='block_1_17' title="bbox 498 1684 2103 1757">
    <p class='ocr_par' dir='ltr' id='par_1_17' title="bbox 498 1684 2103 1757">
     <span class='ocr_line' id='line_1_17' title="bbox 498 1684 2103 1757; baseline 0.003 -17"><span class='ocrx_word' id='word_1_112' title='bbox 498 1701 805 1757; x_wconf 89' lang='lat' dir='ltr'><strong>qttanquam</strong></span> <span class='ocrx_word' id='word_1_113' title='bbox 845 1684 1236 1741; x_wconf 84' lang='lat' dir='ltr'><strong>formidabilem</strong></span> <span class='ocrx_word' id='word_1_114' title='bbox 1264 1727 1279 1752; x_wconf 89' lang='lat'><strong>,</strong></span> <span class='ocrx_word' id='word_1_115' title='bbox 1311 1686 1596 1741; x_wconf 88' lang='lat' dir='ltr'><strong>subactura</strong></span> <span class='ocrx_word' id='word_1_116' title='bbox 1640 1686 1873 1752; x_wconf 87' lang='lat' dir='ltr'><strong>homini;</strong></span> <span class='ocrx_word' id='word_1_117' title='bbox 1907 1687 2103 1745; x_wconf 89' lang='lat' dir='ltr'><strong>dehinc</strong></span> 
     </span>
    </p>
   </div>
   <div class='ocr_carea' id='block_1_18' title="bbox 497 1777 2101 1853">
    <p class='ocr_par' dir='ltr' id='par_1_18' title="bbox 497 1777 2101 1853">
     <span class='ocr_line' id='line_1_18' title="bbox 497 1777 2101 1853; baseline 0.002 -20"><span class='ocrx_word' id='word_1_118' title='bbox 497 1792 715 1833; x_wconf 76' lang='lat' dir='ltr'><strong>C’II&#39;IICIII</strong></span> <span class='ocrx_word' id='word_1_119' title='bbox 766 1777 834 1832; x_wconf 91' lang='lat' dir='ltr'><strong>de</strong></span> <span class='ocrx_word' id='word_1_120' title='bbox 879 1777 997 1832; x_wconf 87' lang='lat' dir='ltr'><strong>sinu</strong></span> <span class='ocrx_word' id='word_1_121' title='bbox 1053 1778 1241 1832; x_wconf 90' lang='lat' dir='ltr'><strong>mortis</strong></span> <span class='ocrx_word' id='word_1_122' title='bbox 1300 1787 1595 1833; x_wconf 87' lang='lat' dir='ltr'><strong>retractnra</strong></span> <span class='ocrx_word' id='word_1_123' title='bbox 1649 1778 1761 1853; x_wconf 82' lang='grc'>(5),</span> <span class='ocrx_word' id='word_1_124' title='bbox 1808 1789 1967 1852; x_wconf 87' lang='lat' dir='ltr'><strong>atque</strong></span> <span class='ocrx_word' id='word_1_125' title='bbox 2030 1782 2101 1837; x_wconf 88' lang='lat' dir='ltr'><strong>ita</strong></span> 
     </span>
    </p>
   </div>
   <div class='ocr_carea' id='block_1_19' title="bbox 2221 578 3795 651">
    <p class='ocr_par' dir='ltr' id='par_1_19' title="bbox 2221 578 3795 651">
     <span class='ocr_line' id='line_1_19' title="bbox 2221 578 3795 651; baseline 0.003 -19"><span class='ocrx_word' id='word_1_126' title='bbox 2221 587 2464 649; x_wconf 80' lang='lat' dir='ltr'><strong>resurgat</strong></span> <span class='ocrx_word' id='word_1_127' title='bbox 2494 593 2719 635; x_wconf 86' lang='lat' dir='ltr'><strong>necesse</strong></span> <span class='ocrx_word' id='word_1_128' title='bbox 2743 588 2846 645; x_wconf 86' lang='lat' dir='ltr'><strong>est,</strong></span> <span class='ocrx_word' id='word_1_129' title='bbox 2876 578 2962 634; x_wconf 93' lang='lat' dir='ltr'><strong>cui</strong></span> <span class='ocrx_word' id='word_1_130' title='bbox 3000 580 3174 635; x_wconf 88' lang='lat' dir='ltr'><strong>anima</strong></span> <span class='ocrx_word' id='word_1_131' title='bbox 3207 595 3300 651; x_wconf 90' lang='lat' dir='ltr'><strong>per</strong></span> <span class='ocrx_word' id='word_1_132' title='bbox 3326 580 3649 637; x_wconf 86' lang='lat' dir='ltr'><strong>occisionem</strong></span> <span class='ocrx_word' id='word_1_133' title='bbox 3681 596 3795 637; x_wconf 88' lang='lat' dir='ltr'><strong>cre-</strong></span> 
     </span>
    </p>
   </div>
   <div class='ocr_carea' id='block_1_20' title="bbox 2206 670 3336 743">
    <p class='ocr_par' dir='ltr' id='par_1_20' title="bbox 2206 670 3336 743">
     <span class='ocr_line' id='line_1_20' title="bbox 2206 670 3336 743; baseline 0.001 -19"><span class='ocrx_word' id='word_1_134' title='bbox 2206 678 2316 743; x_wconf 86' lang='lat' dir='ltr'><strong>pta,</strong></span> <span class='ocrx_word' id='word_1_135' title='bbox 2352 670 2633 727; x_wconf 81' lang='lat' dir='ltr'><strong>referenda</strong></span> <span class='ocrx_word' id='word_1_136' title='bbox 2664 679 2745 727; x_wconf 86' lang='lat' dir='ltr'><strong>est</strong></span> <span class='ocrx_word' id='word_1_137' title='bbox 2772 687 2869 743; x_wconf 88' lang='lat' dir='ltr'><strong>per</strong></span> <span class='ocrx_word' id='word_1_138' title='bbox 2899 671 3336 728; x_wconf 78' lang='lat' dir='ltr'><strong>viviticationem.</strong></span> 
     </span>
    </p>
   </div>
   <div class='ocr_carea' id='block_1_21' title="bbox 2766 763 3245 820">
    <p class='ocr_par' dir='ltr' id='par_1_21' title="bbox 2766 763 3245 820">
     <span class='ocr_line' id='line_1_21' title="bbox 2766 763 3245 820; baseline 0.002 -2"><span class='ocrx_word' id='word_1_139' title='bbox 2766 763 2997 820; x_wconf 66' lang='lat' dir='ltr'>CAPUT</span> <span class='ocrx_word' id='word_1_140' title='bbox 3048 764 3245 820; x_wconf 74' lang='lat' dir='ltr'><strong>XXIX.</strong></span> 
     </span>
    </p>
   </div>
   <div class='ocr_carea' id='block_1_22' title="bbox 2281 852 3788 930">
    <p class='ocr_par' dir='ltr' id='par_1_22' title="bbox 2281 852 3788 930">
     <span class='ocr_line' id='line_1_22' title="bbox 2281 852 3788 930; baseline 0.005 -23"><span class='ocrx_word' id='word_1_141' title='bbox 2281 853 2466 925; x_wconf 84' lang='lat' dir='ltr'><strong>Igitur,</strong></span> <span class='ocrx_word' id='word_1_142' title='bbox 2497 853 2541 909; x_wconf 85' lang='lat' dir='ltr'><strong>si</strong></span> <span class='ocrx_word' id='word_1_143' title='bbox 2569 865 2621 910; x_wconf 91' lang='lat' dir='ltr'><strong>et</strong></span> <span class='ocrx_word' id='word_1_144' title='bbox 2646 852 2720 927; x_wconf 74' lang='grc' dir='ltr'>(ε)</span> <span class='ocrx_word' id='word_1_145' title='bbox 2756 854 3057 927; x_wconf 84' lang='lat' dir='ltr'><strong>allegoricae</strong></span> <span class='ocrx_word' id='word_1_146' title='bbox 3084 874 3125 909; x_wconf 78' lang='lat' dir='ltr'><strong>st</strong></span> <span class='ocrx_word' id='word_1_147' title='bbox 3144 857 3382 926; x_wconf 68' lang='lat' dir='ltr'><strong>ripturte,</strong></span> <span class='ocrx_word' id='word_1_148' title='bbox 3411 865 3465 911; x_wconf 90' lang='lat' dir='ltr'><strong>et</strong></span> <span class='ocrx_word' id='word_1_149' title='bbox 3492 866 3788 930; x_wconf 83' lang='lat' dir='ltr'><strong>argumenta</strong></span> 
     </span>
    </p>
   </div>
   <div class='ocr_carea' id='block_1_23' title="bbox 2208 946 3789 1019">
    <p class='ocr_par' dir='ltr' id='par_1_23' title="bbox 2208 946 3789 1019">
     <span class='ocr_line' id='line_1_23' title="bbox 2208 946 3789 1019; baseline 0.003 -18"><span class='ocrx_word' id='word_1_150' title='bbox 2208 961 2410 1011; x_wconf 90' lang='lat' dir='ltr'><strong>rerum,</strong></span> <span class='ocrx_word' id='word_1_151' title='bbox 2461 953 2516 1000; x_wconf 90' lang='lat' dir='ltr'><strong>ct</strong></span> <span class='ocrx_word' id='word_1_152' title='bbox 2556 946 2832 1016; x_wconf 85' lang='lat' dir='ltr'><strong>simplices</strong></span> <span class='ocrx_word' id='word_1_153' title='bbox 2879 961 3059 1010; x_wconf 83' lang='lat' dir='ltr'><strong>voces,</strong></span> <span class='ocrx_word' id='word_1_154' title='bbox 3109 951 3560 1003; x_wconf 84' lang='lat' dir='ltr'><strong>resurrectionem</strong></span> <span class='ocrx_word' id='word_1_155' title='bbox 3603 949 3789 1019; x_wconf 85' lang='lat' dir='ltr'><strong>carnis,</strong></span> 
     </span>
    </p>
   </div>
   <div class='ocr_carea' id='block_1_24' title="bbox 2206 1038 3792 1109">
    <p class='ocr_par' dir='ltr' id='par_1_24' title="bbox 2206 1038 3792 1109">
     <span class='ocr_line' id='line_1_24' title="bbox 2206 1038 3792 1109; baseline 0.002 -19"><span class='ocrx_word' id='word_1_156' title='bbox 2206 1053 2530 1109; x_wconf 87' lang='lat' dir='ltr'><strong>quamquam</strong></span> <span class='ocrx_word' id='word_1_157' title='bbox 2562 1039 2678 1093; x_wconf 90' lang='lat' dir='ltr'><strong>sine</strong></span> <span class='ocrx_word' id='word_1_158' title='bbox 2710 1038 3077 1093; x_wconf 89' lang='lat' dir='ltr'><strong>nominatione</strong></span> <span class='ocrx_word' id='word_1_159' title='bbox 3107 1038 3275 1109; x_wconf 87' lang='lat' dir='ltr'><strong>ipsius</strong></span> <span class='ocrx_word' id='word_1_160' title='bbox 3303 1039 3646 1107; x_wconf 65' lang='lat' dir='ltr'><strong>substantia},</strong></span> <span class='ocrx_word' id='word_1_161' title='bbox 3677 1039 3792 1093; x_wconf 89' lang='lat' dir='ltr'><strong>sub-</strong></span> 
     </span>
    </p>
   </div>
   <div class='ocr_carea' id='block_1_25' title="bbox 2207 1128 3788 1205">
    <p class='ocr_par' dir='ltr' id='par_1_25' title="bbox 2207 1128 3788 1205">
     <span class='ocr_line' id='line_1_25' title="bbox 2207 1128 3788 1205; baseline 0 -19"><span class='ocrx_word' id='word_1_162' title='bbox 2207 1132 2418 1186; x_wconf 88' lang='lat' dir='ltr'><strong>radiant</strong></span> <span class='ocrx_word' id='word_1_163' title='bbox 2476 1130 2595 1205; x_wconf 80' lang='lat'>(7);</span> <span class='ocrx_word' id='word_1_164' title='bbox 2635 1141 2835 1202; x_wconf 87' lang='lat' dir='ltr'><strong>quanto</strong></span> <span class='ocrx_word' id='word_1_165' title='bbox 2868 1132 3057 1202; x_wconf 84' lang='lat' dir='ltr'><strong>magis,</strong></span> <span class='ocrx_word' id='word_1_166' title='bbox 3092 1148 3209 1201; x_wconf 66' lang='lat' dir='ltr'><strong>qui:</strong></span> <span class='ocrx_word' id='word_1_167' title='bbox 3268 1132 3404 1187; x_wconf 92' lang='lat' dir='ltr'><strong>hanc</strong></span> <span class='ocrx_word' id='word_1_168' title='bbox 3443 1132 3672 1203; x_wconf 86' lang='lat' dir='ltr'><strong>speciem</strong></span> <span class='ocrx_word' id='word_1_169' title='bbox 3717 1128 3788 1205; x_wconf 89' lang='lat'><strong>(8)</strong></span> 
     </span>
    </p>
   </div>
   <div class='ocr_carea' id='block_1_26' title="bbox 2208 1224 3790 1297">
    <p class='ocr_par' dir='ltr' id='par_1_26' title="bbox 2208 1224 3790 1297">
     <span class='ocr_line' id='line_1_26' title="bbox 2208 1224 3790 1297; baseline 0 -17"><span class='ocrx_word' id='word_1_170' title='bbox 2208 1225 2258 1280; x_wconf 91' lang='lat' dir='ltr'><strong>in</strong></span> <span class='ocrx_word' id='word_1_171' title='bbox 2290 1225 2432 1297; x_wconf 82' lang='lat' dir='ltr'><strong>ipsas</strong></span> <span class='ocrx_word' id='word_1_172' title='bbox 2462 1225 2792 1281; x_wconf 72' lang='lat' dir='ltr'><strong>substantias</strong></span> <span class='ocrx_word' id='word_1_173' title='bbox 2821 1224 3131 1295; x_wconf 86' lang='lat' dir='ltr'><strong>corporales</strong></span> <span class='ocrx_word' id='word_1_174' title='bbox 3162 1224 3378 1296; x_wconf 82' lang='lat' dir='ltr'><strong>speciali</strong></span> <span class='ocrx_word' id='word_1_175' title='bbox 3406 1226 3672 1281; x_wconf 80' lang='lat' dir='ltr'><strong>mentione</strong></span> <span class='ocrx_word' id='word_1_176' title='bbox 3708 1224 3790 1280; x_wconf 89' lang='lat' dir='ltr'><strong>dc-</strong></span> 
     </span>
    </p>
   </div>
   <div class='ocr_carea' id='block_1_27' title="bbox 2209 1315 3786 1385">
    <p class='ocr_par' dir='ltr' id='par_1_27' title="bbox 2209 1315 3786 1385">
     <span class='ocr_line' id='line_1_27' title="bbox 2209 1315 3786 1385; baseline 0 -12"><span class='ocrx_word' id='word_1_177' title='bbox 2209 1317 2517 1385; x_wconf 85' lang='lat' dir='ltr'><strong>tcrminant,</strong></span> <span class='ocrx_word' id='word_1_178' title='bbox 2544 1334 2649 1372; x_wconf 91' lang='lat' dir='ltr'><strong>non</strong></span> <span class='ocrx_word' id='word_1_179' title='bbox 2672 1326 2831 1373; x_wconf 90' lang='lat' dir='ltr'><strong>erunt</strong></span> <span class='ocrx_word' id='word_1_180' title='bbox 2851 1315 3181 1373; x_wconf 80' lang='lat' dir='ltr'><strong>deducendae.</strong></span> <span class='ocrx_word' id='word_1_181' title='bbox 3206 1317 3257 1371; x_wconf 92' lang='lat' dir='ltr'><strong>in</strong></span> <span class='ocrx_word' id='word_1_182' title='bbox 3281 1317 3628 1385; x_wconf 69' lang='lat' dir='ltr'><strong>quaestionem</strong></span> <span class='ocrx_word' id='word_1_183' title='bbox 3654 1320 3667 1370; x_wconf 73' lang='grc' dir='ltr'>ε</span> <span class='ocrx_word' id='word_1_184' title='bbox 3695 1316 3786 1373; x_wconf 76' lang='lat' dir='ltr'><strong>Ac-</strong></span> 
     </span>
    </p>
   </div>
   <div class='ocr_carea' id='block_1_28' title="bbox 2206 1407 3784 1481">
    <p class='ocr_par' dir='ltr' id='par_1_28' title="bbox 2206 1407 3784 1481">
     <span class='ocr_line' id='line_1_28' title="bbox 2206 1407 3784 1481; baseline -0.002 -16"><span class='ocrx_word' id='word_1_185' title='bbox 2206 1411 2324 1481; x_wconf 90' lang='lat' dir='ltr'><strong>cipe</strong></span> <span class='ocrx_word' id='word_1_186' title='bbox 2344 1409 2674 1466; x_wconf 83' lang='lat' dir='ltr'><strong>Ezechielem</strong></span> <span class='ocrx_word' id='word_1_187' title='bbox 2690 1409 2903 1480; x_wconf 78' lang='lat' dir='ltr'><strong>(Ezeclt.</strong></span> <span class='ocrx_word' id='word_1_188' title='bbox 2916 1452 2930 1477; x_wconf 88' lang='lat'><strong>,</strong></span> <span class='ocrx_word' id='word_1_189' title='bbox 2946 1408 3214 1477; x_wconf 79' lang='lat' dir='ltr'><strong>XXXVII)</strong></span> <span class='ocrx_word' id='word_1_190' title='bbox 3237 1427 3249 1462; x_wconf 90' lang='lat'><strong>:</strong></span> <span class='ocrx_word' id='word_1_191' title='bbox 3269 1407 3336 1462; x_wconf 87' lang='lat' dir='ltr'><strong>Et</strong></span> <span class='ocrx_word' id='word_1_192' title='bbox 3349 1414 3486 1479; x_wconf 81' lang='lat' dir='ltr'><strong>facta</strong></span> <span class='ocrx_word' id='word_1_193' title='bbox 3499 1419 3590 1475; x_wconf 88' lang='lat' dir='ltr'><strong>est,</strong></span> <span class='ocrx_word' id='word_1_194' title='bbox 3609 1408 3784 1479; x_wconf 86' lang='lat' dir='ltr'><strong>inquit,</strong></span> 
     </span>
    </p>
   </div>
   <div class='ocr_carea' id='block_1_29' title="bbox 2205 1484 3779 1575">
    <p class='ocr_par' dir='ltr' id='par_1_29' title="bbox 2205 1484 3779 1575">
     <span class='ocr_line' id='line_1_29' title="bbox 2205 1484 3779 1575; baseline -0.003 -17"><span class='ocrx_word' id='word_1_195' title='bbox 2205 1520 2355 1575; x_wconf 90' lang='lat' dir='ltr'><strong>super</strong></span> <span class='ocrx_word' id='word_1_196' title='bbox 2369 1520 2447 1557; x_wconf 87' lang='lat' dir='ltr'><strong>me</strong></span> <span class='ocrx_word' id='word_1_197' title='bbox 2457 1520 2640 1557; x_wconf 88' lang='lat' dir='ltr'><strong>manus</strong></span> <span class='ocrx_word' id='word_1_198' title='bbox 2657 1484 2935 1569; x_wconf 69' lang='lat' dir='ltr'><strong>Doiuini,et</strong></span> <span class='ocrx_word' id='word_1_199' title='bbox 2951 1501 3129 1556; x_wconf 68' lang='lat' dir='ltr'><strong>extulit</strong></span> <span class='ocrx_word' id='word_1_200' title='bbox 3155 1518 3232 1555; x_wconf 87' lang='lat' dir='ltr'><strong>me</strong></span> <span class='ocrx_word' id='word_1_201' title='bbox 3257 1501 3309 1555; x_wconf 93' lang='lat' dir='ltr'><strong>in</strong></span> <span class='ocrx_word' id='word_1_202' title='bbox 3324 1502 3508 1573; x_wconf 80' lang='lat' dir='ltr'><strong>spiritu</strong></span> <span class='ocrx_word' id='word_1_203' title='bbox 3530 1500 3779 1564; x_wconf 81' lang='lat' dir='ltr'><strong>Dominus.</strong></span> 
     </span>
    </p>
   </div>
   <div class='ocr_carea' id='block_1_30' title="bbox 2205 1594 3781 1665">
    <p class='ocr_par' dir='ltr' id='par_1_30' title="bbox 2205 1594 3781 1665">
     <span class='ocr_line' id='line_1_30' title="bbox 2205 1594 3781 1665; baseline -0.001 -15"><span class='ocrx_word' id='word_1_204' title='bbox 2205 1606 2254 1650; x_wconf 87' lang='lat' dir='ltr'><strong>et</strong></span> <span class='ocrx_word' id='word_1_205' title='bbox 2284 1597 2451 1664; x_wconf 80' lang='lat' dir='ltr'><strong>posuit</strong></span> <span class='ocrx_word' id='word_1_206' title='bbox 2474 1612 2551 1649; x_wconf 88' lang='lat' dir='ltr'><strong>me</strong></span> <span class='ocrx_word' id='word_1_207' title='bbox 2570 1595 2623 1648; x_wconf 89' lang='lat' dir='ltr'><strong>in</strong></span> <span class='ocrx_word' id='word_1_208' title='bbox 2646 1595 2813 1648; x_wconf 87' lang='lat' dir='ltr'><strong>medio</strong></span> <span class='ocrx_word' id='word_1_209' title='bbox 2850 1595 3018 1665; x_wconf 80' lang='lat' dir='ltr'><strong>campi</strong></span> <span class='ocrx_word' id='word_1_210' title='bbox 3057 1611 3076 1648; x_wconf 91' lang='lat'><strong><em>:</em></strong></span> <span class='ocrx_word' id='word_1_211' title='bbox 3114 1594 3157 1648; x_wconf 95' lang='lat' dir='ltr'><strong>is</strong></span> <span class='ocrx_word' id='word_1_212' title='bbox 3188 1602 3295 1648; x_wconf 89' lang='lat' dir='ltr'><strong>erat</strong></span> <span class='ocrx_word' id='word_1_213' title='bbox 3326 1594 3524 1648; x_wconf 86' lang='lat' dir='ltr'><strong>ossibus</strong></span> <span class='ocrx_word' id='word_1_214' title='bbox 3551 1597 3781 1665; x_wconf 80' lang='lat' dir='ltr'><strong>refertus,</strong></span> 
     </span>
    </p>
   </div>
   <div class='ocr_carea' id='block_1_31' title="bbox 2207 1685 3786 1755">
    <p class='ocr_par' dir='ltr' id='par_1_31' title="bbox 2207 1685 3786 1755">
     <span class='ocr_line' id='line_1_31' title="bbox 2207 1685 3786 1755; baseline -0.001 -15"><span class='ocrx_word' id='word_1_215' title='bbox 2207 1697 2251 1740; x_wconf 90' lang='lat' dir='ltr'><strong>et</strong></span> <span class='ocrx_word' id='word_1_216' title='bbox 2278 1686 2617 1741; x_wconf 76' lang='lat' dir='ltr'><strong>circumduxit</strong></span> <span class='ocrx_word' id='word_1_217' title='bbox 2644 1702 2724 1740; x_wconf 90' lang='lat' dir='ltr'><strong>me</strong></span> <span class='ocrx_word' id='word_1_218' title='bbox 2747 1703 2900 1755; x_wconf 86' lang='lat' dir='ltr'><strong>super</strong></span> <span class='ocrx_word' id='word_1_219' title='bbox 2926 1702 2983 1741; x_wconf 88' lang='lat' dir='ltr'><strong>ea</strong></span> <span class='ocrx_word' id='word_1_220' title='bbox 3015 1702 3105 1755; x_wconf 85' lang='lat' dir='ltr'><strong>per</strong></span> <span class='ocrx_word' id='word_1_221' title='bbox 3130 1685 3437 1752; x_wconf 85' lang='lat' dir='ltr'><strong>circuitum;</strong></span> <span class='ocrx_word' id='word_1_222' title='bbox 3469 1696 3513 1741; x_wconf 90' lang='lat' dir='ltr'><strong>et</strong></span> <span class='ocrx_word' id='word_1_223' title='bbox 3542 1701 3648 1740; x_wconf 83' lang='lat' dir='ltr'><strong>erce</strong></span> <span class='ocrx_word' id='word_1_224' title='bbox 3669 1685 3786 1738; x_wconf 83' lang='lat' dir='ltr'><strong>mul-</strong></span> 
     </span>
    </p>
   </div>
   <div class='ocr_carea' id='block_1_32' title="bbox 2208 1777 3779 1852">
    <p class='ocr_par' dir='ltr' id='par_1_32' title="bbox 2208 1777 3779 1852">
     <span class='ocr_line' id='line_1_32' title="bbox 2208 1777 3779 1852; baseline -0.003 -18"><span class='ocrx_word' id='word_1_225' title='bbox 2208 1791 2258 1834; x_wconf 91' lang='lat' dir='ltr'><strong>ta</strong></span> <span class='ocrx_word' id='word_1_226' title='bbox 2304 1796 2455 1850; x_wconf 87' lang='lat' dir='ltr'><strong>super</strong></span> <span class='ocrx_word' id='word_1_227' title='bbox 2483 1781 2667 1852; x_wconf 87' lang='lat' dir='ltr'><strong>facient</strong></span> <span class='ocrx_word' id='word_1_228' title='bbox 2698 1780 2896 1850; x_wconf 86' lang='lat' dir='ltr'><strong>campi,</strong></span> <span class='ocrx_word' id='word_1_229' title='bbox 2943 1788 2989 1832; x_wconf 87' lang='lat' dir='ltr'><strong>et</strong></span> <span class='ocrx_word' id='word_1_230' title='bbox 3019 1793 3130 1832; x_wconf 82' lang='lat' dir='ltr'><strong>ecce</strong></span> <span class='ocrx_word' id='word_1_231' title='bbox 3158 1778 3309 1831; x_wconf 85' lang='lat' dir='ltr'><strong>arida</strong></span> <span class='ocrx_word' id='word_1_232' title='bbox 3339 1778 3487 1832; x_wconf 87' lang='lat' dir='ltr'><strong>satis.</strong></span> <span class='ocrx_word' id='word_1_233' title='bbox 3540 1777 3600 1831; x_wconf 88' lang='lat' dir='ltr'><strong>Et</strong></span> <span class='ocrx_word' id='word_1_234' title='bbox 3627 1777 3694 1831; x_wconf 85' lang='lat' dir='ltr'><strong>ait</strong></span> <span class='ocrx_word' id='word_1_235' title='bbox 3718 1777 3779 1831; x_wconf 80' lang='lat' dir='ltr'><strong>ad</strong></span> 
     </span>
    </p>
   </div>
   <div class='ocr_carea' id='block_1_33' title="bbox 496 1867 3784 1947">
    <p class='ocr_par' dir='ltr' id='par_1_33' title="bbox 496 1867 3784 1947">
     <span class='ocr_line' id='line_1_33' title="bbox 496 1867 3784 1947; baseline 0 -24"><span class='ocrx_word' id='word_1_236' title='bbox 496 1885 713 1927; x_wconf 89' lang='lat' dir='ltr'><strong>omnem</strong></span> <span class='ocrx_word' id='word_1_237' title='bbox 736 1870 1050 1941; x_wconf 80' lang='lat' dir='ltr'><strong>sanguinem</strong></span> <span class='ocrx_word' id='word_1_238' title='bbox 1089 1880 1406 1925; x_wconf 82' lang='lat' dir='ltr'><strong>exsecutura</strong></span> <span class='ocrx_word' id='word_1_239' title='bbox 1437 1868 1518 1944; x_wconf 67' lang='grc'>(4)</span> <span class='ocrx_word' id='word_1_240' title='bbox 1544 1872 1763 1942; x_wconf 74' lang='lat' dir='ltr'><strong>judicio.</strong></span> <span class='ocrx_word' id='word_1_241' title='bbox 1800 1873 1872 1947; x_wconf 89' lang='lat' dir='ltr'>(c)</span> <span class='ocrx_word' id='word_1_242' title='bbox 1905 1876 1976 1931; x_wconf 90' lang='lat' dir='ltr'><strong>De</strong></span> <span class='ocrx_word' id='word_1_243' title='bbox 1996 1891 2103 1945; x_wconf 92' lang='lat' dir='ltr'><strong>quo</strong></span> <span class='ocrx_word' id='word_1_244' title='bbox 2132 1878 2179 1938; x_wconf 90' lang='lat' dir='ltr'><strong>B</strong></span> <span class='ocrx_word' id='word_1_245' title='bbox 2208 1888 2288 1925; x_wconf 86' lang='lat' dir='ltr'><strong>me</strong></span> <span class='ocrx_word' id='word_1_246' title='bbox 2322 1888 2340 1926; x_wconf 90' lang='lat'><strong><em>:</em></strong></span> <span class='ocrx_word' id='word_1_247' title='bbox 2370 1870 2478 1925; x_wconf 82' lang='lat' dir='ltr'><strong>Fili</strong></span> <span class='ocrx_word' id='word_1_248' title='bbox 2501 1871 2739 1936; x_wconf 79' lang='lat' dir='ltr'><strong>hominis,</strong></span> <span class='ocrx_word' id='word_1_249' title='bbox 2774 1871 2816 1924; x_wconf 90' lang='lat' dir='ltr'><strong>si</strong></span> <span class='ocrx_word' id='word_1_250' title='bbox 2847 1871 3031 1935; x_wconf 80' lang='lat' dir='ltr'><strong>virent;</strong></span> <span class='ocrx_word' id='word_1_251' title='bbox 3055 1888 3169 1925; x_wconf 82' lang='lat' dir='ltr'><strong>ossa</strong></span> <span class='ocrx_word' id='word_1_252' title='bbox 3198 1870 3294 1923; x_wconf 87' lang='lat' dir='ltr'><strong>ista</strong></span> <span class='ocrx_word' id='word_1_253' title='bbox 3317 1871 3343 1923; x_wconf 87' lang='lat'><strong><em>?</em></strong></span> <span class='ocrx_word' id='word_1_254' title='bbox 3384 1867 3454 1923; x_wconf 87' lang='lat' dir='ltr'><strong>Et</strong></span> <span class='ocrx_word' id='word_1_255' title='bbox 3482 1870 3588 1924; x_wconf 79' lang='lat' dir='ltr'><strong>dixi</strong></span> <span class='ocrx_word' id='word_1_256' title='bbox 3615 1886 3633 1923; x_wconf 92' lang='lat'><strong><em>:</em></strong></span> <span class='ocrx_word' id='word_1_257' title='bbox 3660 1868 3784 1923; x_wconf 79' lang='lat' dir='ltr'><strong>Ado-</strong></span> 
     </span>
    </p>
   </div>
   <div class='ocr_carea' id='block_1_34' title="bbox 495 1961 2093 2039">
    <p class='ocr_par' dir='ltr' id='par_1_34' title="bbox 495 1961 2093 2039">
     <span class='ocr_line' id='line_1_34' title="bbox 495 1961 2093 2039; baseline 0.004 -23"><span class='ocrx_word' id='word_1_258' title='bbox 495 1961 637 2033; x_wconf 79' lang='lat' dir='ltr'><strong>apud</strong></span> <span class='ocrx_word' id='word_1_259' title='bbox 662 1962 911 2017; x_wconf 88' lang='lat' dir='ltr'><strong>eumdem</strong></span> <span class='ocrx_word' id='word_1_260' title='bbox 935 1961 1227 2032; x_wconf 70' lang='lat' dir='ltr'><strong>prOphcten</strong></span> <span class='ocrx_word' id='word_1_261' title='bbox 1252 1962 1331 2035; x_wconf 84' lang='lat'>(5)</span> <span class='ocrx_word' id='word_1_262' title='bbox 1378 1962 1570 2036; x_wconf 68' lang='lat' dir='ltr'><strong>(Cain.</strong></span> <span class='ocrx_word' id='word_1_263' title='bbox 1594 1964 1668 2020; x_wconf 77' lang='lat' dir='ltr'><strong>IX</strong></span> <span class='ocrx_word' id='word_1_264' title='bbox 1690 1964 1709 2039; x_wconf 92' lang='lat'><strong>)</strong></span> <span class='ocrx_word' id='word_1_265' title='bbox 1730 1984 1741 2019; x_wconf 91' lang='lat'>:</span> <span class='ocrx_word' id='word_1_266' title='bbox 1762 1966 2013 2035; x_wconf 82' lang='lat' dir='ltr'><strong>Quoniam</strong></span> <span class='ocrx_word' id='word_1_267' title='bbox 2047 1978 2093 2023; x_wconf 87' lang='lat' dir='ltr'><strong>et</strong></span> 
     </span>
    </p>
   </div>
   <div class='ocr_carea' id='block_1_35' title="bbox 494 2054 2093 2130">
    <p class='ocr_par' dir='ltr' id='par_1_35' title="bbox 494 2054 2093 2130">
     <span class='ocr_line' id='line_1_35' title="bbox 494 2054 2093 2130; baseline 0.005 -23"><span class='ocrx_word' id='word_1_268' title='bbox 494 2064 735 2120; x_wconf 74' lang='lat' dir='ltr'><strong>vestrum,</strong></span> <span class='ocrx_word' id='word_1_269' title='bbox 767 2054 936 2124; x_wconf 84' lang='lat' dir='ltr'><strong>inquit</strong></span> <span class='ocrx_word' id='word_1_270' title='bbox 966 2054 1127 2121; x_wconf 86' lang='lat' dir='ltr'><strong>Deus,</strong></span> <span class='ocrx_word' id='word_1_271' title='bbox 1153 2057 1449 2127; x_wconf 83' lang='lat' dir='ltr'><strong>sanguinem</strong></span> <span class='ocrx_word' id='word_1_272' title='bbox 1478 2060 1737 2130; x_wconf 69' lang='lat' dir='ltr'><strong>exquiram</strong></span> <span class='ocrx_word' id='word_1_273' title='bbox 1771 2060 1833 2114; x_wconf 89' lang='lat' dir='ltr'><strong>de</strong></span> <span class='ocrx_word' id='word_1_274' title='bbox 1862 2061 2093 2117; x_wconf 89' lang='lat' dir='ltr'><strong>omnibus</strong></span> 
     </span>
    </p>
   </div>
   <div class='ocr_carea' id='block_1_36' title="bbox 494 2145 2090 2222">
    <p class='ocr_par' dir='ltr' id='par_1_36' title="bbox 494 2145 2090 2222">
     <span class='ocr_line' id='line_1_36' title="bbox 494 2145 2090 2222; baseline 0.004 -23"><span class='ocrx_word' id='word_1_275' title='bbox 494 2145 684 2212; x_wconf 80' lang='lat' dir='ltr'><strong>bestiis,</strong></span> <span class='ocrx_word' id='word_1_276' title='bbox 712 2154 760 2198; x_wconf 89' lang='lat' dir='ltr'><strong>et</strong></span> <span class='ocrx_word' id='word_1_277' title='bbox 787 2146 851 2200; x_wconf 88' lang='lat' dir='ltr'><strong>de</strong></span> <span class='ocrx_word' id='word_1_278' title='bbox 875 2162 1027 2200; x_wconf 88' lang='lat' dir='ltr'><strong>manu</strong></span> <span class='ocrx_word' id='word_1_279' title='bbox 1068 2147 1311 2213; x_wconf 84' lang='lat' dir='ltr'><strong>hominis,</strong></span> <span class='ocrx_word' id='word_1_280' title='bbox 1344 2159 1391 2201; x_wconf 91' lang='lat' dir='ltr'><strong>et</strong></span> <span class='ocrx_word' id='word_1_281' title='bbox 1421 2148 1484 2203; x_wconf 88' lang='lat' dir='ltr'><strong>de</strong></span> <span class='ocrx_word' id='word_1_282' title='bbox 1513 2166 1666 2204; x_wconf 87' lang='lat' dir='ltr'><strong>manu</strong></span> <span class='ocrx_word' id='word_1_283' title='bbox 1695 2152 1870 2221; x_wconf 80' lang='lat' dir='ltr'><strong>fratris</strong></span> <span class='ocrx_word' id='word_1_284' title='bbox 1913 2153 2090 2222; x_wconf 67' lang='lat' dir='ltr'><strong>exqui-</strong></span> 
     </span>
    </p>
   </div>
   <div class='ocr_carea' id='block_1_37' title="bbox 492 2238 2092 2314">
    <p class='ocr_par' dir='ltr' id='par_1_37' title="bbox 492 2238 2092 2314">
     <span class='ocr_line' id='line_1_37' title="bbox 492 2238 2092 2314; baseline 0.004 -22"><span class='ocrx_word' id='word_1_285' title='bbox 492 2254 605 2292; x_wconf 74' lang='lat' dir='ltr'><strong>ram</strong></span> <span class='ocrx_word' id='word_1_286' title='bbox 639 2254 775 2292; x_wconf 89' lang='lat' dir='ltr'><strong>eum.</strong></span> <span class='ocrx_word' id='word_1_287' title='bbox 821 2238 989 2294; x_wconf 81' lang='lat' dir='ltr'><strong>Porro</strong></span> <span class='ocrx_word' id='word_1_288' title='bbox 1034 2239 1165 2294; x_wconf 89' lang='lat' dir='ltr'><strong>nihil</strong></span> <span class='ocrx_word' id='word_1_289' title='bbox 1198 2240 1519 2311; x_wconf 81' lang='lat' dir='ltr'><strong>exquiritur,</strong></span> <span class='ocrx_word' id='word_1_290' title='bbox 1555 2245 1652 2297; x_wconf 86' lang='lat' dir='ltr'><strong>nisi</strong></span> <span class='ocrx_word' id='word_1_291' title='bbox 1682 2244 1824 2314; x_wconf 86' lang='lat' dir='ltr'><strong>quod</strong></span> <span class='ocrx_word' id='word_1_292' title='bbox 1858 2246 2092 2314; x_wconf 85' lang='lat' dir='ltr'><strong>reposci-</strong></span> 
     </span>
    </p>
   </div>
   <div class='ocr_carea' id='block_1_38' title="bbox 495 2329 2090 2403">
    <p class='ocr_par' dir='ltr' id='par_1_38' title="bbox 495 2329 2090 2403">
     <span class='ocr_line' id='line_1_38' title="bbox 495 2329 2090 2403; baseline 0.006 -18"><span class='ocrx_word' id='word_1_293' title='bbox 495 2340 610 2395; x_wconf 88' lang='lat' dir='ltr'><strong>lnr;</strong></span> <span class='ocrx_word' id='word_1_294' title='bbox 656 2329 788 2386; x_wconf 84' lang='lat' dir='ltr'><strong>nihil</strong></span> <span class='ocrx_word' id='word_1_295' title='bbox 832 2332 1161 2402; x_wconf 86' lang='lat' dir='ltr'><strong>reposcilur,</strong></span> <span class='ocrx_word' id='word_1_296' title='bbox 1196 2334 1296 2387; x_wconf 70' lang='lat' dir='ltr'><strong>nisi</strong></span> <span class='ocrx_word' id='word_1_297' title='bbox 1330 2333 1471 2403; x_wconf 89' lang='lat' dir='ltr'><strong>quod</strong></span> <span class='ocrx_word' id='word_1_298' title='bbox 1503 2346 1553 2389; x_wconf 88' lang='lat' dir='ltr'><strong>et</strong></span> <span class='ocrx_word' id='word_1_299' title='bbox 1586 2335 1861 2392; x_wconf 82' lang='lat' dir='ltr'><strong>reddetur.</strong></span> <span class='ocrx_word' id='word_1_300' title='bbox 1895 2339 1959 2393; x_wconf 81' lang='lat' dir='ltr'><strong>Et</strong></span> <span class='ocrx_word' id='word_1_301' title='bbox 1986 2339 2090 2393; x_wconf 85' lang='lat' dir='ltr'><strong>nti-</strong></span> 
     </span>
    </p>
   </div>
   <div class='ocr_carea' id='block_1_39' title="bbox 491 2423 2092 2495">
    <p class='ocr_par' dir='ltr' id='par_1_39' title="bbox 491 2423 2092 2495">
     <span class='ocr_line' id='line_1_39' title="bbox 491 2423 2092 2495; baseline 0.006 -18"><span class='ocrx_word' id='word_1_302' title='bbox 491 2439 598 2493; x_wconf 91' lang='lat' dir='ltr'><strong>que</strong></span> <span class='ocrx_word' id='word_1_303' title='bbox 625 2423 879 2479; x_wconf 81' lang='lat' dir='ltr'><strong>reddetur</strong></span> <span class='ocrx_word' id='word_1_304' title='bbox 904 2425 1043 2494; x_wconf 89' lang='lat' dir='ltr'><strong>qnod</strong></span> <span class='ocrx_word' id='word_1_305' title='bbox 1072 2425 1287 2479; x_wconf 83' lang='lat' dir='ltr'><strong>ultionis</strong></span> <span class='ocrx_word' id='word_1_306' title='bbox 1320 2426 1535 2480; x_wconf 82' lang='lat' dir='ltr'><strong>nomine</strong></span> <span class='ocrx_word' id='word_1_307' title='bbox 1569 2440 1884 2495; x_wconf 73' lang='lat' dir='ltr'><strong>reposcatur</strong></span> <span class='ocrx_word' id='word_1_308' title='bbox 1905 2442 1959 2487; x_wconf 91' lang='lat' dir='ltr'><strong>et</strong></span> <span class='ocrx_word' id='word_1_309' title='bbox 1998 2448 2092 2486; x_wconf 87' lang='lat' dir='ltr'><strong>ex-</strong></span> 
     </span>
    </p>
   </div>
   <div class='ocr_carea' id='block_1_40' title="bbox 492 2514 2091 2588">
    <p class='ocr_par' dir='ltr' id='par_1_40' title="bbox 492 2514 2091 2588">
     <span class='ocr_line' id='line_1_40' title="bbox 492 2514 2091 2588; baseline 0.008 -24"><span class='ocrx_word' id='word_1_310' title='bbox 492 2515 752 2585; x_wconf 88' lang='lat' dir='ltr'><strong>quiretur.</strong></span> <span class='ocrx_word' id='word_1_311' title='bbox 787 2514 969 2584; x_wconf 88' lang='lat' dir='ltr'><strong>Neque</strong></span> <span class='ocrx_word' id='word_1_312' title='bbox 995 2516 1139 2569; x_wconf 89' lang='lat' dir='ltr'><strong>enim</strong></span> <span class='ocrx_word' id='word_1_313' title='bbox 1188 2516 1443 2571; x_wconf 80' lang='lat' dir='ltr'><strong>vindicari</strong></span> <span class='ocrx_word' id='word_1_314' title='bbox 1479 2519 1676 2586; x_wconf 87' lang='lat' dir='ltr'><strong>poterit</strong></span> <span class='ocrx_word' id='word_1_315' title='bbox 1702 2520 1842 2588; x_wconf 90' lang='lat' dir='ltr'><strong>quod</strong></span> <span class='ocrx_word' id='word_1_316' title='bbox 1870 2523 2091 2577; x_wconf 85' lang='lat' dir='ltr'><strong>omnino</strong></span> 
     </span>
    </p>
   </div>
   <div class='ocr_carea' id='block_1_41' title="bbox 491 2606 2091 2677">
    <p class='ocr_par' dir='ltr' id='par_1_41' title="bbox 491 2606 2091 2677">
     <span class='ocr_line' id='line_1_41' title="bbox 491 2606 2091 2677; baseline 0.006 -17"><span class='ocrx_word' id='word_1_317' title='bbox 491 2622 599 2660; x_wconf 87' lang='lat' dir='ltr'><strong>non</strong></span> <span class='ocrx_word' id='word_1_318' title='bbox 643 2607 819 2661; x_wconf 82' lang='lat' dir='ltr'><strong>fuerit.</strong></span> <span class='ocrx_word' id='word_1_319' title='bbox 856 2606 971 2661; x_wconf 83' lang='lat' dir='ltr'><strong>Erit</strong></span> <span class='ocrx_word' id='word_1_320' title='bbox 998 2618 1175 2661; x_wconf 87' lang='lat' dir='ltr'><strong>autem</strong></span> <span class='ocrx_word' id='word_1_321' title='bbox 1217 2608 1343 2662; x_wconf 87' lang='lat' dir='ltr'><strong>dum</strong></span> <span class='ocrx_word' id='word_1_322' title='bbox 1376 2609 1707 2677; x_wconf 86' lang='lat' dir='ltr'><strong>restituitur,</strong></span> <span class='ocrx_word' id='word_1_323' title='bbox 1742 2613 1814 2666; x_wconf 88' lang='lat' dir='ltr'><strong>uti</strong></span> <span class='ocrx_word' id='word_1_324' title='bbox 1856 2615 2091 2670; x_wconf 79' lang='lat' dir='ltr'><strong>vindice-</strong></span> 
     </span>
    </p>
   </div>
   <div class='ocr_carea' id='block_1_42' title="bbox 493 2699 2085 2777">
    <p class='ocr_par' dir='ltr' id='par_1_42' title="bbox 493 2699 2085 2777">
     <span class='ocr_line' id='line_1_42' title="bbox 493 2699 2085 2777; baseline 0.006 -24"><span class='ocrx_word' id='word_1_325' title='bbox 493 2709 596 2755; x_wconf 88' lang='lat' dir='ltr'><strong>tur.</strong></span> <span class='ocrx_word' id='word_1_326' title='bbox 626 2699 679 2754; x_wconf 83' lang='grc' dir='ltr'>ιιι</span> <span class='ocrx_word' id='word_1_327' title='bbox 698 2716 913 2756; x_wconf 86' lang='lat' dir='ltr'><strong>carnem</strong></span> <span class='ocrx_word' id='word_1_328' title='bbox 939 2702 1116 2771; x_wconf 86' lang='lat' dir='ltr'><strong>itaque</strong></span> <span class='ocrx_word' id='word_1_329' title='bbox 1135 2700 1399 2773; x_wconf 89' lang='lat' dir='ltr'><strong>dirigitur,</strong></span> <span class='ocrx_word' id='word_1_330' title='bbox 1416 2703 1667 2773; x_wconf 89' lang='lat' dir='ltr'><strong>quicquid</strong></span> <span class='ocrx_word' id='word_1_331' title='bbox 1693 2705 1743 2758; x_wconf 92' lang='lat' dir='ltr'><strong>in</strong></span> <span class='ocrx_word' id='word_1_332' title='bbox 1773 2707 2085 2777; x_wconf 86' lang='lat' dir='ltr'><strong>sanguinem</strong></span> 
     </span>
    </p>
   </div>
   <div class='ocr_carea' id='block_1_43' title="bbox 489 2789 2090 2865">
    <p class='ocr_par' dir='ltr' id='par_1_43' title="bbox 489 2789 2090 2865">
     <span class='ocr_line' id='line_1_43' title="bbox 489 2789 2090 2865; baseline 0.007 -22"><span class='ocrx_word' id='word_1_333' title='bbox 489 2789 829 2861; x_wconf 69' lang='lat' dir='ltr'><strong>praedicatur,</strong></span> <span class='ocrx_word' id='word_1_334' title='bbox 874 2792 991 2851; x_wconf 78' lang='lat' dir='ltr'><strong>sine</strong></span> <span class='ocrx_word' id='word_1_335' title='bbox 1016 2808 1118 2862; x_wconf 88' lang='lat' dir='ltr'><strong>qua</strong></span> <span class='ocrx_word' id='word_1_336' title='bbox 1146 2809 1253 2847; x_wconf 88' lang='lat' dir='ltr'><strong>non</strong></span> <span class='ocrx_word' id='word_1_337' title='bbox 1284 2794 1384 2848; x_wconf 91' lang='lat' dir='ltr'><strong>erit</strong></span> <span class='ocrx_word' id='word_1_338' title='bbox 1412 2795 1651 2865; x_wconf 82' lang='lat' dir='ltr'><strong>sanguis.</strong></span> <span class='ocrx_word' id='word_1_339' title='bbox 1684 2796 1823 2851; x_wconf 86' lang='lat' dir='ltr'><strong>Caro</strong></span> <span class='ocrx_word' id='word_1_340' title='bbox 1863 2800 2090 2853; x_wconf 80' lang='lat' dir='ltr'><strong>suscita-</strong></span> 
     </span>
    </p>
   </div>
   <div class='ocr_carea' id='block_1_44' title="bbox 484 2883 2085 2963">
    <p class='ocr_par' dir='ltr' id='par_1_44' title="bbox 484 2883 2085 2963">
     <span class='ocr_line' id='line_1_44' title="bbox 484 2883 2085 2963; baseline 0.004 -22"><span class='ocrx_word' id='word_1_341' title='bbox 484 2883 656 2951; x_wconf 77' lang='lat' dir='ltr'><strong>bitur,</strong></span> <span class='ocrx_word' id='word_1_342' title='bbox 686 2894 744 2939; x_wconf 91' lang='lat' dir='ltr'><strong>nt</strong></span> <span class='ocrx_word' id='word_1_343' title='bbox 767 2885 987 2955; x_wconf 81' lang='lat' dir='ltr'><strong>sanguis</strong></span> <span class='ocrx_word' id='word_1_344' title='bbox 1011 2884 1332 2941; x_wconf 87' lang='lat' dir='ltr'><strong>vindicetur.</strong></span> <span class='ocrx_word' id='word_1_345' title='bbox 1359 2886 1565 2942; x_wconf 92' lang='lat' dir='ltr'><strong>Suutet</strong></span> <span class='ocrx_word' id='word_1_346' title='bbox 1591 2890 1835 2958; x_wconf 69' lang='lat' dir='ltr'><strong>qttmdatn</strong></span> <span class='ocrx_word' id='word_1_347' title='bbox 1860 2889 1931 2945; x_wconf 90' lang='lat' dir='ltr'><strong>ita</strong></span> <span class='ocrx_word' id='word_1_348' title='bbox 1957 2907 2085 2963; x_wconf 88' lang='lat' dir='ltr'><strong>pro-</strong></span> 
     </span>
    </p>
   </div>
   <div class='ocr_carea' id='block_1_45' title="bbox 486 2977 2084 3049">
    <p class='ocr_par' dir='ltr' id='par_1_45' title="bbox 486 2977 2084 3049">
     <span class='ocr_line' id='line_1_45' title="bbox 486 2977 2084 3049; baseline 0.004 -16"><span class='ocrx_word' id='word_1_349' title='bbox 486 2978 751 3043; x_wconf 88' lang='lat' dir='ltr'><strong>nuntiata,</strong></span> <span class='ocrx_word' id='word_1_350' title='bbox 783 2984 840 3032; x_wconf 90' lang='lat' dir='ltr'><strong>ut</strong></span> <span class='ocrx_word' id='word_1_351' title='bbox 864 2977 1134 3049; x_wconf 72' lang='lat' dir='ltr'><strong>allegoria:</strong></span> <span class='ocrx_word' id='word_1_352' title='bbox 1158 2979 1374 3049; x_wconf 86' lang='lat' dir='ltr'><strong>quidem</strong></span> <span class='ocrx_word' id='word_1_353' title='bbox 1411 2979 1593 3035; x_wconf 89' lang='lat' dir='ltr'><strong>nubilo</strong></span> <span class='ocrx_word' id='word_1_354' title='bbox 1623 2991 1863 3049; x_wconf 88' lang='lat' dir='ltr'><strong>careant,</strong></span> <span class='ocrx_word' id='word_1_355' title='bbox 1888 2986 2084 3040; x_wconf 90' lang='lat' dir='ltr'><strong>nihilo-</strong></span> 
     </span>
    </p>
   </div>
   <div class='ocr_carea' id='block_1_46' title="bbox 485 3072 2086 3147">
    <p class='ocr_par' dir='ltr' id='par_1_46' title="bbox 485 3072 2086 3147">
     <span class='ocr_line' id='line_1_46' title="bbox 485 3072 2086 3147; baseline 0.004 -20"><span class='ocrx_word' id='word_1_356' title='bbox 485 3074 663 3128; x_wconf 80' lang='lat' dir='ltr'><strong>tninus</strong></span> <span class='ocrx_word' id='word_1_357' title='bbox 695 3081 872 3126; x_wconf 87' lang='lat' dir='ltr'><strong>tamen</strong></span> <span class='ocrx_word' id='word_1_358' title='bbox 901 3072 1065 3141; x_wconf 78' lang='lat' dir='ltr'><strong>ipsius</strong></span> <span class='ocrx_word' id='word_1_359' title='bbox 1094 3072 1455 3143; x_wconf 85' lang='lat' dir='ltr'><strong>simplicitatis</strong></span> <span class='ocrx_word' id='word_1_360' title='bbox 1482 3088 1594 3129; x_wconf 68' lang='lat' dir='ltr'><strong>sua:</strong></span> <span class='ocrx_word' id='word_1_361' title='bbox 1623 3077 1805 3130; x_wconf 91' lang='lat' dir='ltr'><strong>sitiant</strong></span> <span class='ocrx_word' id='word_1_362' title='bbox 1828 3077 2086 3147; x_wconf 86' lang='lat' dir='ltr'><strong>interpre-</strong></span> 
     </span>
    </p>
   </div>
   <div class='ocr_carea' id='block_1_47' title="bbox 485 3161 2086 3239">
    <p class='ocr_par' dir='ltr' id='par_1_47' title="bbox 485 3161 2086 3239">
     <span class='ocr_line' id='line_1_47' title="bbox 485 3161 2086 3239; baseline 0.002 -19"><span class='ocrx_word' id='word_1_363' title='bbox 485 3163 740 3220; x_wconf 86' lang='lat' dir='ltr'><strong>tationem</strong></span> <span class='ocrx_word' id='word_1_364' title='bbox 766 3182 778 3218; x_wconf 93' lang='lat'>:</span> <span class='ocrx_word' id='word_1_365' title='bbox 806 3161 887 3236; x_wconf 80' lang='grc' dir='ltr'>(ιι)</span> <span class='ocrx_word' id='word_1_366' title='bbox 913 3162 1072 3235; x_wconf 86' lang='lat' dir='ltr'><strong>quale</strong></span> <span class='ocrx_word' id='word_1_367' title='bbox 1092 3172 1173 3219; x_wconf 87' lang='lat' dir='ltr'><strong>est</strong></span> <span class='ocrx_word' id='word_1_368' title='bbox 1192 3164 1333 3233; x_wconf 84' lang='lat' dir='ltr'><strong>apud</strong></span> <span class='ocrx_word' id='word_1_369' title='bbox 1362 3166 1591 3231; x_wconf 58' lang='lat' dir='ltr'><strong>Maiam,</strong></span> <span class='ocrx_word' id='word_1_370' title='bbox 1625 3166 1737 3239; x_wconf 81' lang='lat' dir='ltr'><strong>Ego</strong></span> <span class='ocrx_word' id='word_1_371' title='bbox 1759 3169 2007 3234; x_wconf 85' lang='lat' dir='ltr'><strong>occidam,</strong></span> <span class='ocrx_word' id='word_1_372' title='bbox 2036 3182 2086 3224; x_wconf 87' lang='lat' dir='ltr'><strong>et</strong></span> 
     </span>
    </p>
   </div>
   <div class='ocr_carea' id='block_1_48' title="bbox 2198 1959 3785 2033">
    <p class='ocr_par' dir='ltr' id='par_1_48' title="bbox 2198 1959 3785 2033">
     <span class='ocr_line' id='line_1_48' title="bbox 2198 1959 3785 2033; baseline 0.001 -18"><span class='ocrx_word' id='word_1_373' title='bbox 2198 1965 2288 2016; x_wconf 73' lang='grc' dir='ltr'><strong>παῖ</strong></span> <span class='ocrx_word' id='word_1_374' title='bbox 2319 1960 2564 2027; x_wconf 86' lang='lat' dir='ltr'><strong>Domine,</strong></span> <span class='ocrx_word' id='word_1_375' title='bbox 2590 1972 2643 2014; x_wconf 88' lang='lat' dir='ltr'><strong>tu</strong></span> <span class='ocrx_word' id='word_1_376' title='bbox 2674 1963 2791 2017; x_wconf 79' lang='lat' dir='ltr'><strong>scis.</strong></span> <span class='ocrx_word' id='word_1_377' title='bbox 2830 1961 2894 2015; x_wconf 82' lang='lat' dir='ltr'><strong>Et</strong></span> <span class='ocrx_word' id='word_1_378' title='bbox 2932 1964 3004 2015; x_wconf 85' lang='lat' dir='ltr'><strong>ait</strong></span> <span class='ocrx_word' id='word_1_379' title='bbox 3049 1960 3118 2014; x_wconf 86' lang='lat' dir='ltr'><strong>ad</strong></span> <span class='ocrx_word' id='word_1_380' title='bbox 3166 1978 3244 2016; x_wconf 88' lang='lat' dir='ltr'><strong>me</strong></span> <span class='ocrx_word' id='word_1_381' title='bbox 3276 1976 3295 2015; x_wconf 89' lang='lat'><strong><em>:</em></strong></span> <span class='ocrx_word' id='word_1_382' title='bbox 3327 1959 3590 2033; x_wconf 79' lang='lat' dir='ltr'><strong>Propheta</strong></span> <span class='ocrx_word' id='word_1_383' title='bbox 3618 1963 3785 2016; x_wconf 82' lang='lat' dir='ltr'><strong>iuossa</strong></span> 
     </span>
    </p>
   </div>
   <div class='ocr_carea' id='block_1_49' title="bbox 2197 2042 3779 2122">
    <p class='ocr_par' dir='ltr' id='par_1_49' title="bbox 2197 2042 3779 2122">
     <span class='ocr_line' id='line_1_49' title="bbox 2197 2042 3779 2122; baseline 0.002 -16"><span class='ocrx_word' id='word_1_384' title='bbox 2197 2042 2334 2117; x_wconf 80' lang='lat' dir='ltr'><strong>licec,</strong></span> <span class='ocrx_word' id='word_1_385' title='bbox 2365 2066 2411 2108; x_wconf 89' lang='lat' dir='ltr'><strong>et</strong></span> <span class='ocrx_word' id='word_1_386' title='bbox 2441 2055 2578 2108; x_wconf 76' lang='lat' dir='ltr'><strong>dices</strong></span> <span class='ocrx_word' id='word_1_387' title='bbox 2625 2071 2644 2108; x_wconf 94' lang='lat'><strong><em>:</em></strong></span> <span class='ocrx_word' id='word_1_388' title='bbox 2678 2054 2808 2109; x_wconf 83' lang='lat' dir='ltr'><strong>Ossa</strong></span> <span class='ocrx_word' id='word_1_389' title='bbox 2861 2055 3030 2122; x_wconf 87' lang='lat' dir='ltr'><strong>arida,</strong></span> <span class='ocrx_word' id='word_1_390' title='bbox 3061 2053 3236 2108; x_wconf 88' lang='lat' dir='ltr'><strong>audite</strong></span> <span class='ocrx_word' id='word_1_391' title='bbox 3264 2071 3545 2110; x_wconf 87' lang='lat' dir='ltr'><strong>sermonem</strong></span> <span class='ocrx_word' id='word_1_392' title='bbox 3576 2053 3779 2110; x_wconf 83' lang='lat' dir='ltr'><strong>Domini.</strong></span> 
     </span>
    </p>
   </div>
   <div class='ocr_carea' id='block_1_50' title="bbox 2202 2143 3782 2219">
    <p class='ocr_par' dir='ltr' id='par_1_50' title="bbox 2202 2143 3782 2219">
     <span class='ocr_line' id='line_1_50' title="bbox 2202 2143 3782 2219; baseline 0.002 -21"><span class='ocrx_word' id='word_1_393' title='bbox 2202 2145 2327 2199; x_wconf 68' lang='lat' dir='ltr'><strong>Hatc</strong></span> <span class='ocrx_word' id='word_1_394' title='bbox 2355 2145 2476 2200; x_wconf 85' lang='lat' dir='ltr'><strong>dicit</strong></span> <span class='ocrx_word' id='word_1_395' title='bbox 2521 2143 2775 2201; x_wconf 78' lang='lat' dir='ltr'><strong>Dnninus</strong></span> <span class='ocrx_word' id='word_1_396' title='bbox 2824 2143 3033 2199; x_wconf 79' lang='grc' dir='ltr'><strong><em>Δάοιιαὶ</em></strong></span> <span class='ocrx_word' id='word_1_397' title='bbox 3082 2146 3281 2200; x_wconf 84' lang='lat' dir='ltr'><strong>ossibus</strong></span> <span class='ocrx_word' id='word_1_398' title='bbox 3320 2146 3435 2200; x_wconf 88' lang='lat' dir='ltr'><strong>istis</strong></span> <span class='ocrx_word' id='word_1_399' title='bbox 3480 2160 3500 2199; x_wconf 90' lang='lat'><strong><em>:</em></strong></span> <span class='ocrx_word' id='word_1_400' title='bbox 3546 2145 3670 2200; x_wconf 84' lang='lat' dir='ltr'><strong>Ecce</strong></span> <span class='ocrx_word' id='word_1_401' title='bbox 3705 2162 3782 2219; x_wconf 81' lang='lat' dir='ltr'><strong>ego</strong></span> 
     </span>
    </p>
   </div>
   <div class='ocr_carea' id='block_1_51' title="bbox 2195 2237 3779 2310">
    <p class='ocr_par' dir='ltr' id='par_1_51' title="bbox 2195 2237 3779 2310">
     <span class='ocr_line' id='line_1_51' title="bbox 2195 2237 3779 2310; baseline 0 -19"><span class='ocrx_word' id='word_1_402' title='bbox 2195 2238 2360 2306; x_wconf 77' lang='lat' dir='ltr'><strong>affero</strong></span> <span class='ocrx_word' id='word_1_403' title='bbox 2380 2240 2432 2292; x_wconf 90' lang='lat' dir='ltr'><strong>in</strong></span> <span class='ocrx_word' id='word_1_404' title='bbox 2461 2254 2549 2292; x_wconf 81' lang='lat' dir='ltr'><strong>ros</strong></span> <span class='ocrx_word' id='word_1_405' title='bbox 2576 2238 2832 2310; x_wconf 86' lang='lat' dir='ltr'><strong>spiritum,</strong></span> <span class='ocrx_word' id='word_1_406' title='bbox 2852 2249 2899 2291; x_wconf 88' lang='lat' dir='ltr'><strong>et</strong></span> <span class='ocrx_word' id='word_1_407' title='bbox 2920 2237 3110 2305; x_wconf 74' lang='lat' dir='ltr'><strong>vinetis,</strong></span> <span class='ocrx_word' id='word_1_408' title='bbox 3129 2247 3176 2291; x_wconf 89' lang='lat' dir='ltr'><strong>et</strong></span> <span class='ocrx_word' id='word_1_409' title='bbox 3203 2237 3335 2291; x_wconf 82' lang='lat' dir='ltr'><strong>dabo</strong></span> <span class='ocrx_word' id='word_1_410' title='bbox 3362 2238 3415 2291; x_wconf 86' lang='lat' dir='ltr'><strong>in</strong></span> <span class='ocrx_word' id='word_1_411' title='bbox 3441 2253 3529 2293; x_wconf 77' lang='lat' dir='ltr'><strong>vos</strong></span> <span class='ocrx_word' id='word_1_412' title='bbox 3549 2238 3779 2309; x_wconf 84' lang='lat' dir='ltr'><strong>spiritum,</strong></span> 
     </span>
    </p>
   </div>
   <div class='ocr_carea' id='block_1_52' title="bbox 2194 2328 3782 2403">
    <p class='ocr_par' dir='ltr' id='par_1_52' title="bbox 2194 2328 3782 2403">
     <span class='ocr_line' id='line_1_52' title="bbox 2194 2328 3782 2403; baseline -0.001 -16"><span class='ocrx_word' id='word_1_413' title='bbox 2194 2343 2243 2387; x_wconf 85' lang='lat' dir='ltr'><strong>et</strong></span> <span class='ocrx_word' id='word_1_414' title='bbox 2260 2334 2498 2387; x_wconf 87' lang='lat' dir='ltr'><strong>reducam</strong></span> <span class='ocrx_word' id='word_1_415' title='bbox 2516 2334 2566 2385; x_wconf 89' lang='lat' dir='ltr'><strong>in</strong></span> <span class='ocrx_word' id='word_1_416' title='bbox 2586 2347 2673 2385; x_wconf 82' lang='lat' dir='ltr'><strong>vos</strong></span> <span class='ocrx_word' id='word_1_417' title='bbox 2712 2328 2793 2403; x_wconf 88' lang='lat'>(9)</span> <span class='ocrx_word' id='word_1_418' title='bbox 2829 2347 3028 2397; x_wconf 81' lang='lat' dir='ltr'><strong>carnes,</strong></span> <span class='ocrx_word' id='word_1_419' title='bbox 3061 2342 3107 2385; x_wconf 85' lang='lat' dir='ltr'><strong>et</strong></span> <span class='ocrx_word' id='word_1_420' title='bbox 3147 2330 3478 2386; x_wconf 86' lang='lat' dir='ltr'><strong>circumdabo</strong></span> <span class='ocrx_word' id='word_1_421' title='bbox 3513 2331 3646 2385; x_wconf 80' lang='lat' dir='ltr'><strong>vobis</strong></span> <span class='ocrx_word' id='word_1_422' title='bbox 3684 2330 3782 2402; x_wconf 89' lang='lat' dir='ltr'>(I0)</span> 
     </span>
    </p>
   </div>
   <div class='ocr_carea' id='block_1_53' title="bbox 2194 2425 3781 2498">
    <p class='ocr_par' dir='ltr' id='par_1_53' title="bbox 2194 2425 3781 2498">
     <span class='ocr_line' id='line_1_53' title="bbox 2194 2425 3781 2498; baseline -0.002 -17"><span class='ocrx_word' id='word_1_423' title='bbox 2194 2438 2379 2491; x_wconf 84' lang='lat' dir='ltr'><strong>cutem,</strong></span> <span class='ocrx_word' id='word_1_424' title='bbox 2413 2437 2458 2481; x_wconf 84' lang='lat' dir='ltr'><strong>et</strong></span> <span class='ocrx_word' id='word_1_425' title='bbox 2481 2425 2610 2479; x_wconf 85' lang='lat' dir='ltr'><strong>dabo</strong></span> <span class='ocrx_word' id='word_1_426' title='bbox 2632 2427 2682 2479; x_wconf 88' lang='lat' dir='ltr'><strong>in</strong></span> <span class='ocrx_word' id='word_1_427' title='bbox 2709 2426 2847 2481; x_wconf 80' lang='lat' dir='ltr'><strong>vobis</strong></span> <span class='ocrx_word' id='word_1_428' title='bbox 2886 2426 3141 2495; x_wconf 84' lang='lat' dir='ltr'><strong>spiritum,</strong></span> <span class='ocrx_word' id='word_1_429' title='bbox 3172 2435 3218 2479; x_wconf 90' lang='lat' dir='ltr'><strong>et</strong></span> <span class='ocrx_word' id='word_1_430' title='bbox 3245 2425 3421 2479; x_wconf 76' lang='lat' dir='ltr'><strong>vivatis</strong></span> <span class='ocrx_word' id='word_1_431' title='bbox 3469 2426 3610 2498; x_wconf 84' lang='lat' dir='ltr'><strong>(II),</strong></span> <span class='ocrx_word' id='word_1_432' title='bbox 3643 2435 3687 2480; x_wconf 79' lang='lat' dir='ltr'><strong>et</strong></span> <span class='ocrx_word' id='word_1_433' title='bbox 3711 2440 3781 2479; x_wconf 83' lang='lat' dir='ltr'><strong>co-</strong></span> 
     </span>
    </p>
   </div>
   <div class='ocr_carea' id='block_1_54' title="bbox 2195 2515 3777 2594">
    <p class='ocr_par' dir='ltr' id='par_1_54' title="bbox 2195 2515 3777 2594">
     <span class='ocr_line' id='line_1_54' title="bbox 2195 2515 3777 2594; baseline -0.003 -21"><span class='ocrx_word' id='word_1_434' title='bbox 2195 2518 2447 2590; x_wconf 80' lang='lat' dir='ltr'><strong>gnoscetis</strong></span> <span class='ocrx_word' id='word_1_435' title='bbox 2490 2518 2626 2589; x_wconf 88' lang='lat' dir='ltr'><strong>quod</strong></span> <span class='ocrx_word' id='word_1_436' title='bbox 2649 2535 2740 2588; x_wconf 92' lang='lat' dir='ltr'><strong>ego</strong></span> <span class='ocrx_word' id='word_1_437' title='bbox 2763 2515 3035 2571; x_wconf 88' lang='lat' dir='ltr'><strong>Dominus.</strong></span> <span class='ocrx_word' id='word_1_438' title='bbox 3070 2515 3137 2571; x_wconf 86' lang='lat' dir='ltr'><strong>Et</strong></span> <span class='ocrx_word' id='word_1_439' title='bbox 3162 2517 3470 2594; x_wconf 77' lang='lat' dir='ltr'><strong>prop/tetavi</strong></span> <span class='ocrx_word' id='word_1_440' title='bbox 3520 2516 3777 2572; x_wconf 81' lang='lat' dir='ltr'><strong>secundum</strong></span> 
     </span>
    </p>
   </div>
   <div class='ocr_carea' id='block_1_55' title="bbox 2194 2610 3782 2681">
    <p class='ocr_par' dir='ltr' id='par_1_55' title="bbox 2194 2610 3782 2681">
     <span class='ocr_line' id='line_1_55' title="bbox 2194 2610 3782 2681; baseline 0 -18"><span class='ocrx_word' id='word_1_441' title='bbox 2194 2620 2523 2681; x_wconf 69' lang='lat' dir='ltr'><strong>praeceptum,</strong></span> <span class='ocrx_word' id='word_1_442' title='bbox 2554 2620 2601 2665; x_wconf 89' lang='lat' dir='ltr'><strong>et</strong></span> <span class='ocrx_word' id='word_1_443' title='bbox 2620 2626 2731 2666; x_wconf 85' lang='lat' dir='ltr'><strong>ecce</strong></span> <span class='ocrx_word' id='word_1_444' title='bbox 2758 2626 2872 2677; x_wconf 76' lang='lat' dir='ltr'><strong>vox,</strong></span> <span class='ocrx_word' id='word_1_445' title='bbox 2892 2611 3012 2663; x_wconf 88' lang='lat' dir='ltr'><strong>dum</strong></span> <span class='ocrx_word' id='word_1_446' title='bbox 3031 2610 3299 2681; x_wconf 81' lang='lat' dir='ltr'><strong>propheta,</strong></span> <span class='ocrx_word' id='word_1_447' title='bbox 3328 2621 3375 2665; x_wconf 88' lang='lat' dir='ltr'><strong>et</strong></span> <span class='ocrx_word' id='word_1_448' title='bbox 3401 2626 3518 2665; x_wconf 87' lang='lat' dir='ltr'><strong>ecce</strong></span> <span class='ocrx_word' id='word_1_449' title='bbox 3542 2619 3715 2676; x_wconf 83' lang='lat' dir='ltr'><strong>motus,</strong></span> <span class='ocrx_word' id='word_1_450' title='bbox 3738 2617 3782 2663; x_wconf 82' lang='lat' dir='ltr'><strong>ct</strong></span> 
     </span>
    </p>
   </div>
   <div class='ocr_carea' id='block_1_56' title="bbox 2193 2692 3778 2776">
    <p class='ocr_par' dir='ltr' id='par_1_56' title="bbox 2193 2692 3778 2776">
     <span class='ocr_line' id='line_1_56' title="bbox 2193 2692 3778 2776; baseline -0.002 -17"><span class='ocrx_word' id='word_1_451' title='bbox 2193 2707 2498 2759; x_wconf 84' lang='lat' dir='ltr'><strong>accedebant</strong></span> <span class='ocrx_word' id='word_1_452' title='bbox 2538 2722 2655 2759; x_wconf 85' lang='lat' dir='ltr'><strong>ossa</strong></span> <span class='ocrx_word' id='word_1_453' title='bbox 2699 2704 2767 2758; x_wconf 89' lang='lat' dir='ltr'><strong>ad</strong></span> <span class='ocrx_word' id='word_1_454' title='bbox 2814 2720 2951 2759; x_wconf 89' lang='lat' dir='ltr'><strong>ossa.</strong></span> <span class='ocrx_word' id='word_1_455' title='bbox 2990 2703 3052 2756; x_wconf 76' lang='lat' dir='ltr'><strong>Et</strong></span> <span class='ocrx_word' id='word_1_456' title='bbox 3082 2703 3218 2769; x_wconf 86' lang='lat' dir='ltr'><strong>vidi,</strong></span> <span class='ocrx_word' id='word_1_457' title='bbox 3249 2714 3295 2758; x_wconf 87' lang='lat' dir='ltr'><strong>et</strong></span> <span class='ocrx_word' id='word_1_458' title='bbox 3322 2720 3437 2760; x_wconf 86' lang='lat' dir='ltr'><strong>ecce</strong></span> <span class='ocrx_word' id='word_1_459' title='bbox 3480 2692 3632 2776; x_wconf 60' lang='lat' dir='ltr'><strong>Euper</strong></span> <span class='ocrx_word' id='word_1_460' title='bbox 3673 2718 3778 2756; x_wconf 87' lang='lat' dir='ltr'><strong>ossa</strong></span> 
     </span>
    </p>
   </div>
   <div class='ocr_carea' id='block_1_57' title="bbox 2191 2792 3778 2868">
    <p class='ocr_par' dir='ltr' id='par_1_57' title="bbox 2191 2792 3778 2868">
     <span class='ocr_line' id='line_1_57' title="bbox 2191 2792 3778 2868; baseline -0.003 -16"><span class='ocrx_word' id='word_1_461' title='bbox 2191 2798 2410 2866; x_wconf 78' lang='lat' dir='ltr'><strong>nervi,et</strong></span> <span class='ocrx_word' id='word_1_462' title='bbox 2426 2815 2543 2852; x_wconf 89' lang='lat' dir='ltr'><strong>caro</strong></span> <span class='ocrx_word' id='word_1_463' title='bbox 2564 2797 2811 2862; x_wconf 87' lang='lat' dir='ltr'><strong>ascendit,</strong></span> <span class='ocrx_word' id='word_1_464' title='bbox 2831 2807 2875 2851; x_wconf 86' lang='lat' dir='ltr'><strong>et</strong></span> <span class='ocrx_word' id='word_1_465' title='bbox 2888 2796 3262 2867; x_wconf 78' lang='lat' dir='ltr'><strong>circumposita:</strong></span> <span class='ocrx_word' id='word_1_466' title='bbox 3280 2806 3397 2851; x_wconf 88' lang='lat' dir='ltr'><strong>sunt</strong></span> <span class='ocrx_word' id='word_1_467' title='bbox 3428 2797 3501 2852; x_wconf 87' lang='lat' dir='ltr'><strong>eis</strong></span> <span class='ocrx_word' id='word_1_468' title='bbox 3513 2806 3644 2852; x_wconf 87' lang='lat' dir='ltr'><strong>cutes</strong></span> <span class='ocrx_word' id='word_1_469' title='bbox 3654 2792 3778 2868; x_wconf 75' lang='grc'>(12),</span> 
     </span>
    </p>
   </div>
   <div class='ocr_carea' id='block_1_58' title="bbox 2190 2883 3770 2959">
    <p class='ocr_par' dir='ltr' id='par_1_58' title="bbox 2190 2883 3770 2959">
     <span class='ocr_line' id='line_1_58' title="bbox 2190 2883 3770 2959; baseline -0.003 -16"><span class='ocrx_word' id='word_1_470' title='bbox 2190 2901 2238 2943; x_wconf 88' lang='lat' dir='ltr'><strong>et</strong></span> <span class='ocrx_word' id='word_1_471' title='bbox 2256 2891 2465 2959; x_wconf 85' lang='lat' dir='ltr'><strong>spiritus</strong></span> <span class='ocrx_word' id='word_1_472' title='bbox 2496 2890 2547 2942; x_wconf 92' lang='lat' dir='ltr'><strong>in</strong></span> <span class='ocrx_word' id='word_1_473' title='bbox 2570 2890 2640 2943; x_wconf 89' lang='lat' dir='ltr'><strong>eis</strong></span> <span class='ocrx_word' id='word_1_474' title='bbox 2684 2904 2786 2943; x_wconf 89' lang='lat' dir='ltr'><strong>non</strong></span> <span class='ocrx_word' id='word_1_475' title='bbox 2833 2897 2961 2953; x_wconf 88' lang='lat' dir='ltr'><strong>erat,</strong></span> <span class='ocrx_word' id='word_1_476' title='bbox 2991 2898 3036 2941; x_wconf 87' lang='lat' dir='ltr'><strong>et</strong></span> <span class='ocrx_word' id='word_1_477' title='bbox 3064 2889 3133 2941; x_wconf 88' lang='lat' dir='ltr'><strong>ait</strong></span> <span class='ocrx_word' id='word_1_478' title='bbox 3156 2888 3225 2941; x_wconf 88' lang='lat' dir='ltr'><strong>ad</strong></span> <span class='ocrx_word' id='word_1_479' title='bbox 3254 2904 3333 2941; x_wconf 87' lang='lat' dir='ltr'><strong>me</strong></span> <span class='ocrx_word' id='word_1_480' title='bbox 3368 2904 3387 2941; x_wconf 93' lang='lat'><strong><em>:</em></strong></span> <span class='ocrx_word' id='word_1_481' title='bbox 3422 2886 3675 2959; x_wconf 83' lang='lat' dir='ltr'><strong>Pmplteta</strong></span> <span class='ocrx_word' id='word_1_482' title='bbox 3708 2883 3770 2957; x_wconf 74' lang='lat' dir='ltr'><strong>ad</strong></span> 
     </span>
    </p>
   </div>
   <div class='ocr_carea' id='block_1_59' title="bbox 2194 2981 3773 3055">
    <p class='ocr_par' dir='ltr' id='par_1_59' title="bbox 2194 2981 3773 3055">
     <span class='ocr_line' id='line_1_59' title="bbox 2194 2981 3773 3055; baseline -0.004 -17"><span class='ocrx_word' id='word_1_483' title='bbox 2194 2984 2452 3055; x_wconf 87' lang='lat' dir='ltr'><strong>spiritum,</strong></span> <span class='ocrx_word' id='word_1_484' title='bbox 2487 2984 2565 3053; x_wconf 82' lang='lat' dir='ltr'><strong>fili</strong></span> <span class='ocrx_word' id='word_1_485' title='bbox 2594 2982 2853 3047; x_wconf 86' lang='lat' dir='ltr'><strong>Itominis;</strong></span> <span class='ocrx_word' id='word_1_486' title='bbox 2884 2982 3154 3054; x_wconf 78' lang='lat' dir='ltr'><strong>propheta,</strong></span> <span class='ocrx_word' id='word_1_487' title='bbox 3186 2992 3231 3036; x_wconf 88' lang='lat' dir='ltr'><strong>et</strong></span> <span class='ocrx_word' id='word_1_488' title='bbox 3258 2981 3398 3036; x_wconf 85' lang='lat' dir='ltr'><strong>dices</strong></span> <span class='ocrx_word' id='word_1_489' title='bbox 3429 2982 3499 3035; x_wconf 86' lang='lat' dir='ltr'><strong>ad</strong></span> <span class='ocrx_word' id='word_1_490' title='bbox 3523 2981 3773 3053; x_wconf 87' lang='lat' dir='ltr'><strong>spiritum:</strong></span> 
     </span>
    </p>
   </div>
   <div class='ocr_carea' id='block_1_60' title="bbox 2198 3073 3777 3147">
    <p class='ocr_par' dir='ltr' id='par_1_60' title="bbox 2198 3073 3777 3147">
     <span class='ocr_line' id='line_1_60' title="bbox 2198 3073 3777 3147; baseline -0.004 -15"><span class='ocrx_word' id='word_1_491' title='bbox 2198 3077 2324 3133; x_wconf 67' lang='lat' dir='ltr'><strong>Hac</strong></span> <span class='ocrx_word' id='word_1_492' title='bbox 2347 3077 2469 3132; x_wconf 86' lang='lat' dir='ltr'><strong>dicit</strong></span> <span class='ocrx_word' id='word_1_493' title='bbox 2497 3077 2745 3131; x_wconf 88' lang='lat' dir='ltr'><strong>Dominus</strong></span> <span class='ocrx_word' id='word_1_494' title='bbox 2772 3076 3013 3130; x_wconf 83' lang='lat' dir='ltr'><strong>Adonai:</strong></span> <span class='ocrx_word' id='word_1_495' title='bbox 3053 3076 3096 3129; x_wconf 87' lang='lat' dir='ltr'><strong><em>A</em></strong></span> <span class='ocrx_word' id='word_1_496' title='bbox 3130 3085 3349 3147; x_wconf 84' lang='lat' dir='ltr'><strong>quatuor</strong></span> <span class='ocrx_word' id='word_1_497' title='bbox 3378 3076 3536 3130; x_wconf 84' lang='lat' dir='ltr'><strong>ventis</strong></span> <span class='ocrx_word' id='word_1_498' title='bbox 3560 3076 3666 3130; x_wconf 79' lang='lat' dir='ltr'><strong>veni</strong></span> <span class='ocrx_word' id='word_1_499' title='bbox 3686 3073 3777 3144; x_wconf 86' lang='lat' dir='ltr'><strong>spi-</strong></span> 
     </span>
    </p>
   </div>
   <div class='ocr_carea' id='block_1_61' title="bbox 2188 3165 3775 3241">
    <p class='ocr_par' dir='ltr' id='par_1_61' title="bbox 2188 3165 3775 3241">
     <span class='ocr_line' id='line_1_61' title="bbox 2188 3165 3775 3241; baseline -0.005 -15"><span class='ocrx_word' id='word_1_500' title='bbox 2188 3175 2338 3235; x_wconf 85' lang='lat' dir='ltr'><strong>ritus,</strong></span> <span class='ocrx_word' id='word_1_501' title='bbox 2371 3181 2416 3224; x_wconf 87' lang='lat' dir='ltr'><strong>et</strong></span> <span class='ocrx_word' id='word_1_502' title='bbox 2445 3171 2587 3241; x_wconf 87' lang='lat' dir='ltr'><strong>spira</strong></span> <span class='ocrx_word' id='word_1_503' title='bbox 2612 3171 2663 3223; x_wconf 91' lang='lat' dir='ltr'><strong>in</strong></span> <span class='ocrx_word' id='word_1_504' title='bbox 2684 3170 2794 3223; x_wconf 86' lang='lat' dir='ltr'><strong>istis</strong></span> <span class='ocrx_word' id='word_1_505' title='bbox 2817 3168 3153 3238; x_wconf 85' lang='lat' dir='ltr'><strong>interemptis,</strong></span> <span class='ocrx_word' id='word_1_506' title='bbox 3180 3178 3227 3222; x_wconf 91' lang='lat' dir='ltr'><strong>et</strong></span> <span class='ocrx_word' id='word_1_507' title='bbox 3253 3168 3445 3222; x_wconf 84' lang='lat' dir='ltr'><strong>vivant.</strong></span> <span class='ocrx_word' id='word_1_508' title='bbox 3478 3168 3544 3223; x_wconf 80' lang='lat' dir='ltr'><strong>Et</strong></span> <span class='ocrx_word' id='word_1_509' title='bbox 3573 3165 3775 3239; x_wconf 78' lang='lat' dir='ltr'><strong>prophe-</strong></span> 
     </span>
    </p>
   </div>
   <div class='ocr_carea' id='block_1_62' title="bbox 398 3254 3777 3336">
    <p class='ocr_par' dir='ltr' id='par_1_62' title="bbox 398 3254 3777 3336">
     <span class='ocr_line' id='line_1_62' title="bbox 398 3254 3777 3336; baseline 0.001 -25"><span class='ocrx_word' id='word_1_510' title='bbox 398 3263 402 3266; x_wconf 83' lang='grc'><em>’</em></span> <span class='ocrx_word' id='word_1_511' title='bbox 483 3255 763 3322; x_wconf 76' lang='lat' dir='ltr'><strong>vivificabo.</strong></span> <span class='ocrx_word' id='word_1_512' title='bbox 810 3254 969 3311; x_wconf 90' lang='lat' dir='ltr'><strong>Certe</strong></span> <span class='ocrx_word' id='word_1_513' title='bbox 1019 3266 1365 3328; x_wconf 89' lang='lat' dir='ltr'><strong>posteaquam</strong></span> <span class='ocrx_word' id='word_1_514' title='bbox 1420 3258 1711 3327; x_wconf 89' lang='lat' dir='ltr'><strong>occiderit,</strong></span> <span class='ocrx_word' id='word_1_515' title='bbox 1770 3263 2079 3321; x_wconf 81' lang='lat' dir='ltr'><strong>viviﬁcabit.</strong></span> <span class='ocrx_word' id='word_1_516' title='bbox 2113 3273 2158 3336; x_wconf 74' lang='grc' dir='ltr'><strong>ί]</strong></span> <span class='ocrx_word' id='word_1_517' title='bbox 2192 3267 2293 3320; x_wconf 84' lang='lat' dir='ltr'><strong>tavi</strong></span> <span class='ocrx_word' id='word_1_518' title='bbox 2320 3265 2387 3318; x_wconf 92' lang='lat' dir='ltr'><strong>ad</strong></span> <span class='ocrx_word' id='word_1_519' title='bbox 2416 3265 2685 3334; x_wconf 86' lang='lat' dir='ltr'><strong>spiritum,</strong></span> <span class='ocrx_word' id='word_1_520' title='bbox 2718 3264 2848 3319; x_wconf 87' lang='lat' dir='ltr'><strong>sicut</strong></span> <span class='ocrx_word' id='word_1_521' title='bbox 2878 3265 3116 3334; x_wconf 83' lang='lat' dir='ltr'><strong>prtecepit</strong></span> <span class='ocrx_word' id='word_1_522' title='bbox 3150 3263 3297 3329; x_wconf 81' lang='lat' dir='ltr'><strong>mihi,</strong></span> <span class='ocrx_word' id='word_1_523' title='bbox 3332 3272 3379 3317; x_wconf 86' lang='lat' dir='ltr'><strong>et</strong></span> <span class='ocrx_word' id='word_1_524' title='bbox 3416 3263 3636 3317; x_wconf 80' lang='lat' dir='ltr'><strong>introivit</strong></span> <span class='ocrx_word' id='word_1_525' title='bbox 3660 3260 3777 3314; x_wconf 85' lang='lat' dir='ltr'><strong>inca</strong></span> 
     </span>
    </p>
   </div>
   <div class='ocr_carea' id='block_1_63' title="bbox 482 3349 2082 3423">
    <p class='ocr_par' dir='ltr' id='par_1_63' title="bbox 482 3349 2082 3423">
     <span class='ocr_line' id='line_1_63' title="bbox 482 3349 2082 3423; baseline 0.004 -17"><span class='ocrx_word' id='word_1_526' title='bbox 482 3349 628 3422; x_wconf 84' lang='lat' dir='ltr'><strong>Ergo</strong></span> <span class='ocrx_word' id='word_1_527' title='bbox 662 3366 756 3422; x_wconf 90' lang='lat' dir='ltr'><strong>per</strong></span> <span class='ocrx_word' id='word_1_528' title='bbox 782 3359 1010 3406; x_wconf 90' lang='lat' dir='ltr'><strong>mortem</strong></span> <span class='ocrx_word' id='word_1_529' title='bbox 1043 3350 1312 3414; x_wconf 86' lang='lat' dir='ltr'><strong>occidens.</strong></span> <span class='ocrx_word' id='word_1_530' title='bbox 1348 3367 1443 3423; x_wconf 89' lang='lat' dir='ltr'><strong>per</strong></span> <span class='ocrx_word' id='word_1_531' title='bbox 1469 3356 1921 3413; x_wconf 85' lang='lat' dir='ltr'><strong>resurrectionem</strong></span> <span class='ocrx_word' id='word_1_532' title='bbox 1949 3359 2082 3413; x_wconf 83' lang='lat' dir='ltr'><strong>vivi-</strong></span> 
     </span>
    </p>
   </div>
   <div class='ocr_carea' id='block_1_64' title="bbox 480 3443 2083 3520">
    <p class='ocr_par' dir='ltr' id='par_1_64' title="bbox 480 3443 2083 3520">
     <span class='ocr_line' id='line_1_64' title="bbox 480 3443 2083 3520; baseline 0.004 -21"><span class='ocrx_word' id='word_1_533' title='bbox 480 3443 681 3500; x_wconf 83' lang='lat' dir='ltr'><strong>licabit.</strong></span> <span class='ocrx_word' id='word_1_534' title='bbox 714 3443 852 3497; x_wconf 83' lang='lat' dir='ltr'><strong>Caro</strong></span> <span class='ocrx_word' id='word_1_535' title='bbox 877 3452 960 3497; x_wconf 88' lang='lat' dir='ltr'><strong>est</strong></span> <span class='ocrx_word' id='word_1_536' title='bbox 997 3450 1176 3498; x_wconf 88' lang='lat' dir='ltr'><strong>autem</strong></span> <span class='ocrx_word' id='word_1_537' title='bbox 1208 3459 1328 3513; x_wconf 75' lang='lat' dir='ltr'><strong>qua:</strong></span> <span class='ocrx_word' id='word_1_538' title='bbox 1357 3445 1619 3500; x_wconf 90' lang='lat' dir='ltr'><strong>occiditur</strong></span> <span class='ocrx_word' id='word_1_539' title='bbox 1671 3445 1750 3520; x_wconf 84' lang='lat'>(6)</span> <span class='ocrx_word' id='word_1_540' title='bbox 1792 3464 1887 3518; x_wconf 88' lang='lat' dir='ltr'><strong>per</strong></span> <span class='ocrx_word' id='word_1_541' title='bbox 1938 3466 2083 3506; x_wconf 88' lang='lat' dir='ltr'><strong>mor-</strong></span> 
     </span>
    </p>
   </div>
   <div class='ocr_carea' id='block_1_65' title="bbox 482 3534 2077 3607">
    <p class='ocr_par' dir='ltr' id='par_1_65' title="bbox 482 3534 2077 3607">
     <span class='ocr_line' id='line_1_65' title="bbox 482 3534 2077 3607; baseline 0.003 -16"><span class='ocrx_word' id='word_1_542' title='bbox 482 3546 624 3600; x_wconf 91' lang='lat' dir='ltr'><strong>tem;</strong></span> <span class='ocrx_word' id='word_1_543' title='bbox 656 3549 784 3589; x_wconf 89' lang='lat' dir='ltr'><strong>earo</strong></span> <span class='ocrx_word' id='word_1_544' title='bbox 830 3534 1008 3604; x_wconf 88' lang='lat' dir='ltr'><strong>itaque</strong></span> <span class='ocrx_word' id='word_1_545' title='bbox 1036 3542 1092 3587; x_wconf 90' lang='lat' dir='ltr'><strong>et</strong></span> <span class='ocrx_word' id='word_1_546' title='bbox 1118 3534 1469 3590; x_wconf 84' lang='lat' dir='ltr'><strong>vivilicabitnr</strong></span> <span class='ocrx_word' id='word_1_547' title='bbox 1492 3553 1588 3607; x_wconf 89' lang='lat' dir='ltr'><strong>per</strong></span> <span class='ocrx_word' id='word_1_548' title='bbox 1608 3542 2077 3598; x_wconf 86' lang='lat' dir='ltr'><strong>resurrectionem.</strong></span> 
     </span>
    </p>
   </div>
   <div class='ocr_carea' id='block_1_66' title="bbox 478 3625 2073 3699">
    <p class='ocr_par' dir='ltr' id='par_1_66' title="bbox 478 3625 2073 3699">
     <span class='ocr_line' id='line_1_66' title="bbox 478 3625 2073 3699; baseline 0.004 -16"><span class='ocrx_word' id='word_1_549' title='bbox 478 3626 659 3694; x_wconf 87' lang='lat' dir='ltr'><strong>Certe,</strong></span> <span class='ocrx_word' id='word_1_550' title='bbox 688 3627 734 3681; x_wconf 89' lang='lat' dir='ltr'><strong>si</strong></span> <span class='ocrx_word' id='word_1_551' title='bbox 761 3625 1008 3682; x_wconf 86' lang='lat' dir='ltr'><strong>occidere</strong></span> <span class='ocrx_word' id='word_1_552' title='bbox 1034 3627 1183 3682; x_wconf 87' lang='lat' dir='ltr'><strong>carni</strong></span> <span class='ocrx_word' id='word_1_553' title='bbox 1224 3626 1459 3683; x_wconf 82' lang='lat' dir='ltr'><strong>animam</strong></span> <span class='ocrx_word' id='word_1_554' title='bbox 1503 3632 1715 3699; x_wconf 87' lang='lat' dir='ltr'><strong>eripere</strong></span> <span class='ocrx_word' id='word_1_555' title='bbox 1753 3641 1857 3696; x_wconf 87' lang='lat' dir='ltr'><strong>est,</strong></span> <span class='ocrx_word' id='word_1_556' title='bbox 1901 3634 2073 3690; x_wconf 81' lang='lat' dir='ltr'><strong>viviti-</strong></span> 
     </span>
    </p>
   </div>
   <div class='ocr_carea' id='block_1_67' title="bbox 2180 3351 3777 3428">
    <p class='ocr_par' dir='ltr' id='par_1_67' title="bbox 2180 3351 3777 3428">
     <span class='ocr_line' id='line_1_67' title="bbox 2180 3351 3777 3428; baseline -0.004 -16"><span class='ocrx_word' id='word_1_557' title='bbox 2180 3358 2409 3428; x_wconf 87' lang='lat' dir='ltr'><strong>spiritus,</strong></span> <span class='ocrx_word' id='word_1_558' title='bbox 2440 3366 2489 3411; x_wconf 88' lang='lat' dir='ltr'><strong>et</strong></span> <span class='ocrx_word' id='word_1_559' title='bbox 2517 3357 2769 3422; x_wconf 76' lang='lat' dir='ltr'><strong>vixerunt,</strong></span> <span class='ocrx_word' id='word_1_560' title='bbox 2800 3365 2846 3409; x_wconf 86' lang='lat' dir='ltr'><strong>et</strong></span> <span class='ocrx_word' id='word_1_561' title='bbox 2902 3356 3234 3409; x_wconf 84' lang='lat' dir='ltr'><strong>constiterunt</strong></span> <span class='ocrx_word' id='word_1_562' title='bbox 3271 3353 3391 3426; x_wconf 76' lang='grc'>(15)</span> <span class='ocrx_word' id='word_1_563' title='bbox 3456 3370 3609 3424; x_wconf 79' lang='lat' dir='ltr'><strong>super</strong></span> <span class='ocrx_word' id='word_1_564' title='bbox 3641 3351 3777 3422; x_wconf 78' lang='lat' dir='ltr'><strong>pedes</strong></span> 
     </span>
    </p>
   </div>
   <div class='ocr_carea' id='block_1_68' title="bbox 2181 3447 3773 3521">
    <p class='ocr_par' dir='ltr' id='par_1_68' title="bbox 2181 3447 3773 3521">
     <span class='ocr_line' id='line_1_68' title="bbox 2181 3447 3773 3521; baseline -0.003 -15"><span class='ocrx_word' id='word_1_565' title='bbox 2181 3467 2302 3506; x_wconf 87' lang='lat' dir='ltr'><strong>suos</strong></span> <span class='ocrx_word' id='word_1_566' title='bbox 2329 3449 2551 3504; x_wconf 83' lang='lat' dir='ltr'><strong>valentia</strong></span> <span class='ocrx_word' id='word_1_567' title='bbox 2572 3466 2757 3521; x_wconf 85' lang='lat' dir='ltr'><strong>magna</strong></span> <span class='ocrx_word' id='word_1_568' title='bbox 2778 3449 2900 3504; x_wconf 90' lang='lat' dir='ltr'><strong>satis</strong></span> <span class='ocrx_word' id='word_1_569' title='bbox 2921 3450 3013 3521; x_wconf 88' lang='lat' dir='ltr'>(f).</span> <span class='ocrx_word' id='word_1_570' title='bbox 3044 3448 3113 3504; x_wconf 84' lang='lat' dir='ltr'><strong>Et</strong></span> <span class='ocrx_word' id='word_1_571' title='bbox 3139 3450 3211 3503; x_wconf 85' lang='lat' dir='ltr'><strong>ait</strong></span> <span class='ocrx_word' id='word_1_572' title='bbox 3234 3449 3302 3503; x_wconf 85' lang='lat' dir='ltr'><strong>ad</strong></span> <span class='ocrx_word' id='word_1_573' title='bbox 3344 3465 3426 3504; x_wconf 89' lang='lat' dir='ltr'><strong>me</strong></span> <span class='ocrx_word' id='word_1_574' title='bbox 3454 3466 3468 3503; x_wconf 88' lang='lat'><strong>:</strong></span> <span class='ocrx_word' id='word_1_575' title='bbox 3496 3448 3600 3504; x_wconf 83' lang='lat' dir='ltr'><strong>Fili</strong></span> <span class='ocrx_word' id='word_1_576' title='bbox 3621 3447 3773 3503; x_wconf 81' lang='lat' dir='ltr'><strong>Itami-</strong></span> 
     </span>
    </p>
   </div>
   <div class='ocr_carea' id='block_1_69' title="bbox 2183 3540 3763 3613">
    <p class='ocr_par' dir='ltr' id='par_1_69' title="bbox 2183 3540 3763 3613">
     <span class='ocr_line' id='line_1_69' title="bbox 2183 3540 3763 3613; baseline -0.004 -12"><span class='ocrx_word' id='word_1_577' title='bbox 2183 3547 2281 3611; x_wconf 88' lang='lat' dir='ltr'><strong>nis,</strong></span> <span class='ocrx_word' id='word_1_578' title='bbox 2314 3561 2430 3598; x_wconf 89' lang='lat' dir='ltr'><strong>ossa</strong></span> <span class='ocrx_word' id='word_1_579' title='bbox 2473 3544 2573 3598; x_wconf 90' lang='lat' dir='ltr'><strong>ista</strong></span> <span class='ocrx_word' id='word_1_580' title='bbox 2615 3545 2782 3598; x_wconf 89' lang='lat' dir='ltr'><strong>omnis</strong></span> <span class='ocrx_word' id='word_1_581' title='bbox 2833 3543 3017 3598; x_wconf 81' lang='lat' dir='ltr'><strong>donius</strong></span> <span class='ocrx_word' id='word_1_582' title='bbox 3059 3541 3228 3599; x_wconf 81' lang='lat' dir='ltr'><strong>Israel</strong></span> <span class='ocrx_word' id='word_1_583' title='bbox 3272 3549 3365 3599; x_wconf 85' lang='lat' dir='ltr'><strong>est.</strong></span> <span class='ocrx_word' id='word_1_584' title='bbox 3405 3540 3522 3613; x_wconf 82' lang='lat' dir='ltr'><strong>Ipsi</strong></span> <span class='ocrx_word' id='word_1_585' title='bbox 3569 3540 3763 3596; x_wconf 84' lang='lat' dir='ltr'><strong>dicunt:</strong></span> 
     </span>
    </p>
   </div>
   <div class='ocr_carea' id='block_1_70' title="bbox 2186 3631 3773 3708">
    <p class='ocr_par' dir='ltr' id='par_1_70' title="bbox 2186 3631 3773 3708">
     <span class='ocr_line' id='line_1_70' title="bbox 2186 3631 3773 3708; baseline -0.005 -16"><span class='ocrx_word' id='word_1_586' title='bbox 2186 3636 2516 3692; x_wconf 74' lang='lat' dir='ltr'><strong>Exarucrunt</strong></span> <span class='ocrx_word' id='word_1_587' title='bbox 2537 3652 2652 3690; x_wconf 88' lang='lat' dir='ltr'><strong>ossa</strong></span> <span class='ocrx_word' id='word_1_588' title='bbox 2680 3644 2877 3704; x_wconf 86' lang='lat' dir='ltr'><strong>nostra,</strong></span> <span class='ocrx_word' id='word_1_589' title='bbox 2906 3644 2953 3690; x_wconf 85' lang='lat' dir='ltr'><strong>ct</strong></span> <span class='ocrx_word' id='word_1_590' title='bbox 2973 3634 3105 3707; x_wconf 85' lang='lat' dir='ltr'><strong>perit</strong></span> <span class='ocrx_word' id='word_1_591' title='bbox 3137 3650 3256 3708; x_wconf 80' lang='lat' dir='ltr'><strong>spes</strong></span> <span class='ocrx_word' id='word_1_592' title='bbox 3275 3643 3476 3703; x_wconf 85' lang='lat' dir='ltr'><strong>nostra,</strong></span> <span class='ocrx_word' id='word_1_593' title='bbox 3508 3631 3665 3689; x_wconf 77' lang='lat' dir='ltr'><strong>avulsi</strong></span> <span class='ocrx_word' id='word_1_594' title='bbox 3693 3645 3773 3686; x_wconf 85' lang='lat' dir='ltr'><strong>stt-</strong></span> 
     </span>
    </p>
   </div>
   <div class='ocr_carea' id='block_1_71' title="bbox 1703 3728 2540 3809">
    <p class='ocr_par' dir='ltr' id='par_1_71' title="bbox 1703 3728 2540 3809">
     <span class='ocr_line' id='line_1_71' title="bbox 1703 3728 2540 3809; baseline 0.004 -10"><span class='ocrx_word' id='word_1_595' title='bbox 1703 3743 2086 3809; x_wconf 85' lang='lat' dir='ltr'><strong>LECTIONES</strong></span> <span class='ocrx_word' id='word_1_596' title='bbox 2126 3728 2540 3808; x_wconf 67' lang='lat' dir='ltr'><strong>VARIAN’I‘IES.</strong></span> 
     </span>
    </p>
   </div>
   <div class='ocr_carea' id='block_1_72' title="bbox 544 3858 1079 3924">
    <p class='ocr_par' dir='ltr' id='par_1_72' title="bbox 544 3858 1079 3924">
     <span class='ocr_line' id='line_1_72' title="bbox 544 3858 1079 3924; baseline -0.011 -12"><span class='ocrx_word' id='word_1_597' title='bbox 544 3861 561 3923; x_wconf 91' lang='lat'><strong>(</strong></span> <span class='ocrx_word' id='word_1_598' title='bbox 570 3860 617 3924; x_wconf 86' lang='lat' dir='ltr'><strong>I)</strong></span> <span class='ocrx_word' id='word_1_599' title='bbox 653 3858 907 3924; x_wconf 88' lang='lat' dir='ltr'><strong>Sepulcris</strong></span> <span class='ocrx_word' id='word_1_600' title='bbox 928 3866 1079 3909; x_wconf 61' lang='grc' dir='ltr'><strong>[γαπ.</strong></span> 
     </span>
    </p>
   </div>
   <div class='ocr_carea' id='block_1_73' title="bbox 563 3923 1069 3991">
    <p class='ocr_par' dir='ltr' id='par_1_73' title="bbox 563 3923 1069 3991">
     <span class='ocr_line' id='line_1_73' title="bbox 563 3923 1069 3991; baseline -0.012 -15"><span class='ocrx_word' id='word_1_601' title='bbox 563 3923 614 3991; x_wconf 62' lang='grc' dir='ltr'>ἓ)</span> <span class='ocrx_word' id='word_1_602' title='bbox 648 3923 919 3991; x_wconf 64' lang='grc' dir='ltr'><strong>ῌοωιηωτ</strong></span> <span class='ocrx_word' id='word_1_603' title='bbox 941 3924 1069 3991; x_wconf 55' lang='lat' dir='ltr'><strong>Par.</strong></span> 
     </span>
    </p>
   </div>
   <div class='ocr_carea' id='block_1_74' title="bbox 563 3985 1271 4050">
    <p class='ocr_par' dir='ltr' id='par_1_74' title="bbox 563 3985 1271 4050">
     <span class='ocr_line' id='line_1_74' title="bbox 563 3985 1271 4050; baseline -0.004 -13"><span class='ocrx_word' id='word_1_604' title='bbox 563 3985 614 4050; x_wconf 81' lang='grc'>5)</span> <span class='ocrx_word' id='word_1_605' title='bbox 649 3985 987 4050; x_wconf 61' lang='grc' dir='ltr'><strong>ᾒθιῑειςωιυινει</strong></span> <span class='ocrx_word' id='word_1_606' title='bbox 1004 3985 1118 4050; x_wconf 80' lang='lat' dir='ltr'><strong>_Rig.</strong></span> <span class='ocrx_word' id='word_1_607' title='bbox 1149 3987 1271 4036; x_wconf 78' lang='lat' dir='ltr'><strong>Ven.</strong></span> 
     </span>
    </p>
   </div>
   <div class='ocr_carea' id='block_1_75' title="bbox 566 4046 1111 4112">
    <p class='ocr_par' dir='ltr' id='par_1_75' title="bbox 566 4046 1111 4112">
     <span class='ocr_line' id='line_1_75' title="bbox 566 4046 1111 4112; baseline -0.006 -14"><span class='ocrx_word' id='word_1_608' title='bbox 566 4046 615 4112; x_wconf 77' lang='grc'>4)</span> <span class='ocrx_word' id='word_1_609' title='bbox 651 4048 967 4112; x_wconf 76' lang='lat' dir='ltr'><strong>Exquisitura</strong></span> <span class='ocrx_word' id='word_1_610' title='bbox 982 4046 1111 4112; x_wconf 5' lang='lat' dir='ltr'><strong>(Jun.</strong></span> 
     </span>
    </p>
   </div>
   <div class='ocr_carea' id='block_1_76' title="bbox 540 4108 1713 4300">
    <p class='ocr_par' dir='ltr' id='par_1_76' title="bbox 540 4108 1713 4300">
     <span class='ocr_line' id='line_1_76' title="bbox 565 4108 1713 4237; baseline -0.001 -77"><span class='ocrx_word' id='word_1_611' title='bbox 565 4108 616 4237; x_wconf 59' lang='grc'>5)</span> <span class='ocrx_word' id='word_1_612' title='bbox 650 4108 951 4184; x_wconf 72' lang='lat' dir='ltr'><strong>Pro&#39;pbetem</strong></span> <span class='ocrx_word' id='word_1_613' title='bbox 974 4110 1115 4159; x_wconf 88' lang='lat' dir='ltr'><strong>Pam.</strong></span> <span class='ocrx_word' id='word_1_614' title='bbox 1140 4109 1383 4175; x_wconf 84' lang='lat' dir='ltr'><strong>prepbeta</strong></span> <span class='ocrx_word' id='word_1_615' title='bbox 1408 4111 1531 4161; x_wconf 77' lang='lat' dir='ltr'><strong>Ven.</strong></span> <span class='ocrx_word' id='word_1_616' title='bbox 1549 4108 1713 4163; x_wconf 76' lang='lat' dir='ltr'><strong>mead.</strong></span> 
     </span>
     <span class='ocr_line' id='line_1_77' title="bbox 540 4112 1069 4300; baseline -0.006 -14"><span class='ocrx_word' id='word_1_617' title='bbox 540 4112 615 4300; x_wconf 58' lang='lat' dir='ltr'><strong>Ii)</strong></span> 
     </span>
    </p>
   </div>
   <div class='ocr_carea' id='block_1_77' title="bbox 562 4230 1033 4300">
    <p class='ocr_par' dir='ltr' id='par_1_77' title="bbox 562 4230 1033 4300">
     <span class='ocr_line' id='line_1_78' title="bbox 562 4230 1033 4300; baseline -0.011 -13"><span class='ocrx_word' id='word_1_618' title='bbox 562 4230 615 4300; x_wconf 85' lang='lat'>7)</span> <span class='ocrx_word' id='word_1_619' title='bbox 648 4235 915 4286; x_wconf 83' lang='lat' dir='ltr'><strong>Obradiant</strong></span> <span class='ocrx_word' id='word_1_620' title='bbox 929 4230 1033 4284; x_wconf 81' lang='lat' dir='ltr'><strong>alii.</strong></span> 
     </span>
    </p>
   </div>
   <div class='ocr_carea' id='block_1_78' title="bbox 2270 3861 2846 3938">
    <p class='ocr_par' dir='ltr' id='par_1_78' title="bbox 2270 3861 2846 3938">
     <span class='ocr_line' id='line_1_79' title="bbox 2270 3861 2846 3938; baseline -0.005 -22"><span class='ocrx_word' id='word_1_621' title='bbox 2270 3862 2321 3938; x_wconf 59' lang='grc' dir='ltr'>ξ)</span> <span class='ocrx_word' id='word_1_622' title='bbox 2357 3865 2507 3938; x_wconf 70' lang='lat' dir='ltr'><strong>§pem</strong></span> <span class='ocrx_word' id='word_1_623' title='bbox 2530 3866 2673 3938; x_wconf 57' lang='lat' dir='ltr'><strong>Pam.</strong></span> <span class='ocrx_word' id='word_1_624' title='bbox 2700 3861 2846 3938; x_wconf 69' lang='lat' dir='ltr'><strong>libat.</strong></span> 
     </span>
    </p>
   </div>
   <div class='ocr_carea' id='block_1_79' title="bbox 2272 3924 3628 4113">
    <p class='ocr_par' dir='ltr' id='par_1_79' title="bbox 2272 3924 3628 4113">
     <span class='ocr_line' id='line_1_80' title="bbox 2272 3924 3628 4113; baseline -0.002 -74"><span class='ocrx_word' id='word_1_625' title='bbox 2272 3924 2949 4113; x_wconf 56' lang='lat' dir='ltr'><strong>iii)</strong></span> <span class='ocrx_word' id='word_1_626' title='bbox 2967 4051 2978 4061; x_wconf 32' lang='grc' dir='ltr'>θ</span> <span class='ocrx_word' id='word_1_627' title='bbox 3267 4048 3276 4055; x_wconf 88' lang='lat'><strong><em>_</em></strong></span> <span class='ocrx_word' id='word_1_628' title='bbox 3619 4049 3628 4059; x_wconf 46' lang='grc'><em>,</em></span> 
     </span>
     <span class='ocr_line' id='line_1_81' title="bbox 2275 4047 3628 4113; baseline 0 -12"><span class='ocrx_word' id='word_1_629' title='bbox 2275 4054 2321 4102; x_wconf 86' lang='lat' dir='ltr'><strong>tl</strong></span> <span class='ocrx_word' id='word_1_630' title='bbox 2385 4051 2447 4102; x_wconf 68' lang='lat' dir='ltr'><strong>Et</strong></span> <span class='ocrx_word' id='word_1_631' title='bbox 2468 4052 2595 4102; x_wconf 86' lang='lat' dir='ltr'><strong>dabo</strong></span> <span class='ocrx_word' id='word_1_632' title='bbox 2619 4066 2652 4101; x_wconf 87' lang='lat' dir='ltr'><strong>t.</strong></span> <span class='ocrx_word' id='word_1_633' title='bbox 2680 4068 2726 4102; x_wconf 80' lang='grc' dir='ltr'><strong>ν.</strong></span> <span class='ocrx_word' id='word_1_634' title='bbox 2753 4064 2794 4102; x_wconf 91' lang='lat' dir='ltr'><strong>s.</strong></span> <span class='ocrx_word' id='word_1_635' title='bbox 2821 4056 2875 4100; x_wconf 85' lang='lat' dir='ltr'><strong>et</strong></span> <span class='ocrx_word' id='word_1_636' title='bbox 2894 4064 2937 4100; x_wconf 87' lang='lat' dir='ltr'><strong>r.</strong></span> <span class='ocrx_word' id='word_1_637' title='bbox 2965 4064 3000 4100; x_wconf 84' lang='lat' dir='ltr'><strong>t.</strong></span> <span class='ocrx_word' id='word_1_638' title='bbox 3025 4063 3071 4100; x_wconf 78' lang='grc' dir='ltr'><strong>ν.</strong></span> <span class='ocrx_word' id='word_1_639' title='bbox 3093 4062 3139 4103; x_wconf 91' lang='lat' dir='ltr'><strong>c.</strong></span> <span class='ocrx_word' id='word_1_640' title='bbox 3164 4054 3323 4113; x_wconf 52' lang='lat' dir='ltr'><strong>etc.,c.</strong></span> <span class='ocrx_word' id='word_1_641' title='bbox 3345 4060 3452 4101; x_wconf 87' lang='lat' dir='ltr'><strong>v.c.</strong></span> <span class='ocrx_word' id='word_1_642' title='bbox 3479 4053 3531 4102; x_wconf 90' lang='lat' dir='ltr'><strong>et</strong></span> <span class='ocrx_word' id='word_1_643' title='bbox 3550 4047 3628 4101; x_wconf 86' lang='lat' dir='ltr'><strong>d.t</strong></span> 
     </span>
    </p>
   </div>
   <div class='ocr_carea' id='block_1_80' title="bbox 2275 4047 3771 4137">
    <p class='ocr_par' dir='ltr' id='par_1_80' title="bbox 2275 4047 3771 4137">
     <span class='ocr_line' id='line_1_82' title="bbox 2275 4047 3771 4137; baseline -0.006 -35"><span class='ocrx_word' id='word_1_644' title='bbox 2385 4050 2447 4137; x_wconf 54' lang='lat' dir='ltr'><strong>Et</strong></span> <span class='ocrx_word' id='word_1_645' title='bbox 2468 4052 2595 4137; x_wconf 70' lang='lat' dir='ltr'><strong>dabo</strong></span> <span class='ocrx_word' id='word_1_646' title='bbox 2619 4053 2726 4137; x_wconf 32' lang='lat' dir='ltr'><strong>iérg.</strong></span> <span class='ocrx_word' id='word_1_647' title='bbox 2821 4056 2875 4100; x_wconf 85' lang='lat' dir='ltr'><strong>et</strong></span> <span class='ocrx_word' id='word_1_648' title='bbox 2894 4051 3000 4137; x_wconf 36' lang='lat' dir='ltr'><strong>r.‘i.</strong></span> <span class='ocrx_word' id='word_1_649' title='bbox 3025 4063 3071 4100; x_wconf 78' lang='grc' dir='ltr'><strong>ν.</strong></span> <span class='ocrx_word' id='word_1_650' title='bbox 3093 4062 3139 4103; x_wconf 90' lang='lat' dir='ltr'><strong>c.</strong></span> <span class='ocrx_word' id='word_1_651' title='bbox 3164 4048 3323 4113; x_wconf 62' lang='grc' dir='ltr'><strong>βιαία.</strong></span> <span class='ocrx_word' id='word_1_652' title='bbox 3345 4060 3452 4101; x_wconf 89' lang='lat' dir='ltr'><strong>v.c.</strong></span> <span class='ocrx_word' id='word_1_653' title='bbox 3479 4053 3531 4102; x_wconf 89' lang='lat' dir='ltr'><strong>et</strong></span> <span class='ocrx_word' id='word_1_654' title='bbox 3550 4047 3650 4101; x_wconf 86' lang='lat' dir='ltr'><strong>d.i.</strong></span> <span class='ocrx_word' id='word_1_655' title='bbox 3667 4060 3711 4100; x_wconf 74' lang='grc' dir='ltr'><strong>ν.</strong></span> <span class='ocrx_word' id='word_1_656' title='bbox 3731 4057 3771 4095; x_wconf 85' lang='lat' dir='ltr'><strong>s.</strong></span> 
     </span>
    </p>
   </div>
   <div class='ocr_carea' id='block_1_81' title="bbox 2183 4113 2803 4165">
    <p class='ocr_par' dir='ltr' id='par_1_81' title="bbox 2183 4113 2803 4165">
     <span class='ocr_line' id='line_1_83' title="bbox 2183 4113 2803 4165; baseline -0.006 0"><span class='ocrx_word' id='word_1_657' title='bbox 2183 4113 2363 4165; x_wconf 78' lang='lat' dir='ltr'><strong>vivetis</strong></span> <span class='ocrx_word' id='word_1_658' title='bbox 2384 4113 2553 4165; x_wconf 87' lang='lat' dir='ltr'><strong>absunt</strong></span> <span class='ocrx_word' id='word_1_659' title='bbox 2575 4128 2605 4163; x_wconf 92' lang='lat' dir='ltr'><strong>a</strong></span> <span class='ocrx_word' id='word_1_660' title='bbox 2635 4117 2803 4165; x_wconf 80' lang='lat' dir='ltr'><strong>Venet.</strong></span> 
     </span>
    </p>
   </div>
   <div class='ocr_carea' id='block_1_82' title="bbox 2272 4169 3087 4239">
    <p class='ocr_par' dir='ltr' id='par_1_82' title="bbox 2272 4169 3087 4239">
     <span class='ocr_line' id='line_1_84' title="bbox 2272 4169 3087 4239; baseline -0.002 -13"><span class='ocrx_word' id='word_1_661' title='bbox 2272 4176 2347 4239; x_wconf 73' lang='lat' dir='ltr'><strong>l2)</strong></span> <span class='ocrx_word' id='word_1_662' title='bbox 2388 4176 2571 4228; x_wconf 87' lang='lat' dir='ltr'><strong>Carnes</strong></span> <span class='ocrx_word' id='word_1_663' title='bbox 2594 4172 2742 4239; x_wconf 71' lang='lat' dir='ltr'><strong>Rhea.</strong></span> <span class='ocrx_word' id='word_1_664' title='bbox 2772 4173 2881 4239; x_wconf 81' lang='lat' dir='ltr'><strong>cod.</strong></span> <span class='ocrx_word' id='word_1_665' title='bbox 2908 4169 3087 4239; x_wconf 72' lang='lat' dir='ltr'><strong>Pithae.</strong></span> 
     </span>
    </p>
   </div>
   <div class='ocr_carea' id='block_1_83' title="bbox 2272 4234 2993 4302">
    <p class='ocr_par' dir='ltr' id='par_1_83' title="bbox 2272 4234 2993 4302">
     <span class='ocr_line' id='line_1_85' title="bbox 2272 4234 2993 4302; baseline -0.004 -13"><span class='ocrx_word' id='word_1_666' title='bbox 2272 4234 2350 4302; x_wconf 77' lang='lat'><strong>13&#39;)</strong></span> <span class='ocrx_word' id='word_1_667' title='bbox 2384 4239 2644 4291; x_wconf 86' lang='lat' dir='ltr'><strong>Steterunt</strong></span> <span class='ocrx_word' id='word_1_668' title='bbox 2667 4238 2815 4290; x_wconf 73' lang='lat' dir='ltr'><strong>alien.</strong></span> <span class='ocrx_word' id='word_1_669' title='bbox 2840 4234 2993 4288; x_wconf 86' lang='lat' dir='ltr'><strong>Semt.</strong></span> 
     </span>
    </p>
   </div>
   <div class='ocr_carea' id='block_1_84' title="bbox 1827 4337 2389 4403">
    <p class='ocr_par' dir='ltr' id='par_1_84' title="bbox 1827 4337 2389 4403">
     <span class='ocr_line' id='line_1_86' title="bbox 1827 4337 2389 4403; baseline 0.014 -10"><span class='ocrx_word' id='word_1_670' title='bbox 1827 4337 2389 4403; x_wconf 71' lang='lat' dir='ltr'><strong>COMMENTARIUS.</strong></span> 
     </span>
    </p>
   </div>
   <div class='ocr_carea' id='block_1_85' title="bbox 471 4471 2062 4545">
    <p class='ocr_par' dir='ltr' id='par_1_85' title="bbox 471 4471 2062 4545">
     <span class='ocr_line' id='line_1_87' title="bbox 471 4471 2062 4545; baseline -0.007 -7"><span class='ocrx_word' id='word_1_671' title='bbox 471 4484 607 4538; x_wconf 82' lang='lat' dir='ltr'><strong>riunt</strong></span> <span class='ocrx_word' id='word_1_672' title='bbox 633 4478 846 4541; x_wconf 87' lang='lat' dir='ltr'><strong>tenebat,</strong></span> <span class='ocrx_word' id='word_1_673' title='bbox 891 4476 1079 4531; x_wconf 82' lang='lat' dir='ltr'><strong>audivit</strong></span> <span class='ocrx_word' id='word_1_674' title='bbox 1105 4474 1307 4545; x_wconf 81' lang='lat' dir='ltr'><strong>quidem</strong></span> <span class='ocrx_word' id='word_1_675' title='bbox 1333 4472 1559 4544; x_wconf 84' lang='lat' dir='ltr'><strong>jubentis</strong></span> <span class='ocrx_word' id='word_1_676' title='bbox 1598 4471 1858 4529; x_wconf 81' lang='lat' dir='ltr'><strong>Benedicti</strong></span> <span class='ocrx_word' id='word_1_677' title='bbox 1883 4475 2062 4544; x_wconf 86' lang='lat' dir='ltr'><strong>verba,</strong></span> 
     </span>
    </p>
   </div>
   <div class='ocr_carea' id='block_1_86' title="bbox 473 4547 1205 4619">
    <p class='ocr_par' dir='ltr' id='par_1_86' title="bbox 473 4547 1205 4619">
     <span class='ocr_line' id='line_1_88' title="bbox 473 4547 1205 4619; baseline -0.015 -9"><span class='ocrx_word' id='word_1_678' title='bbox 473 4555 565 4611; x_wconf 84' lang='lat' dir='ltr'><strong>sed</strong></span> <span class='ocrx_word' id='word_1_679' title='bbox 591 4550 797 4619; x_wconf 84' lang='lat' dir='ltr'><strong>implere</strong></span> <span class='ocrx_word' id='word_1_680' title='bbox 824 4549 1039 4603; x_wconf 88' lang='lat' dir='ltr'><strong>distulit.</strong></span> <span class='ocrx_word' id='word_1_681' title='bbox 1068 4547 1205 4619; x_wconf 59' lang='lat' dir='ltr'><strong>Pan.</strong></span> 
     </span>
    </p>
   </div>
   <div class='ocr_carea' id='block_1_87' title="bbox 546 4615 2068 4690">
    <p class='ocr_par' dir='ltr' id='par_1_87' title="bbox 546 4615 2068 4690">
     <span class='ocr_line' id='line_1_89' title="bbox 546 4615 2068 4690; baseline -0.003 -10"><span class='ocrx_word' id='word_1_682' title='bbox 546 4615 698 4680; x_wconf 78' lang='lat' dir='ltr'><strong>CAP.</strong></span> <span class='ocrx_word' id='word_1_683' title='bbox 729 4618 964 4676; x_wconf 78' lang='lat' dir='ltr'><strong>XXVIII.</strong></span> <span class='ocrx_word' id='word_1_684' title='bbox 984 4649 1052 4660; x_wconf 90' lang='lat'><strong>—</strong></span> <span class='ocrx_word' id='word_1_685' title='bbox 1077 4615 1153 4690; x_wconf 86' lang='lat' dir='ltr'>(a)</span> <span class='ocrx_word' id='word_1_686' title='bbox 1179 4616 1243 4670; x_wconf 83' lang='lat' dir='ltr'><strong>Et</strong></span> <span class='ocrx_word' id='word_1_687' title='bbox 1263 4626 1539 4690; x_wconf 83' lang='lat' dir='ltr'><strong>emortuam</strong></span> <span class='ocrx_word' id='word_1_688' title='bbox 1562 4619 1774 4688; x_wconf 78' lang='lat' dir='ltr'><strong>profert.</strong></span> <span class='ocrx_word' id='word_1_689' title='bbox 1806 4617 1974 4672; x_wconf 80' lang='lat' dir='ltr'><strong>Exodi</strong></span> <span class='ocrx_word' id='word_1_690' title='bbox 2002 4618 2068 4675; x_wconf 88' lang='lat' dir='ltr'><strong>IV</strong></span> 
     </span>
    </p>
   </div>
   <div class='ocr_carea' id='block_1_88' title="bbox 474 4688 2069 4760">
    <p class='ocr_par' dir='ltr' id='par_1_88' title="bbox 474 4688 2069 4760">
     <span class='ocr_line' id='line_1_90' title="bbox 474 4688 2069 4760; baseline -0.006 -8"><span class='ocrx_word' id='word_1_691' title='bbox 474 4693 831 4754; x_wconf 69' lang='lat' dir='ltr'><strong>referturhmc</strong></span> <span class='ocrx_word' id='word_1_692' title='bbox 860 4688 1102 4751; x_wconf 74' lang='lat' dir='ltr'><strong>historia,</strong></span> <span class='ocrx_word' id='word_1_693' title='bbox 1135 4688 1191 4744; x_wconf 89' lang='lat' dir='ltr'><strong>et</strong></span> <span class='ocrx_word' id='word_1_694' title='bbox 1221 4688 1392 4741; x_wconf 83' lang='lat' dir='ltr'><strong>solum</strong></span> <span class='ocrx_word' id='word_1_695' title='bbox 1420 4693 1611 4760; x_wconf 57' lang='grc' dir='ltr'><strong>ἐγενηθη</strong></span> <span class='ocrx_word' id='word_1_696' title='bbox 1640 4698 1666 4749; x_wconf 80' lang='grc' dir='ltr'><em>ἡ</em></span> <span class='ocrx_word' id='word_1_697' title='bbox 1691 4692 1965 4760; x_wconf 54' lang='lat' dir='ltr'><strong>piperata;</strong></span> <span class='ocrx_word' id='word_1_698' title='bbox 1990 4693 2069 4743; x_wconf 80' lang='grc' dir='ltr'><strong>λε-</strong></span> 
     </span>
    </p>
   </div>
   <div class='ocr_carea' id='block_1_89' title="bbox 472 4758 2071 4840">
    <p class='ocr_par' dir='ltr' id='par_1_89' title="bbox 472 4758 2071 4840">
     <span class='ocr_line' id='line_1_91' title="bbox 472 4758 2071 4840; baseline -0.004 -20"><span class='ocrx_word' id='word_1_699' title='bbox 472 4780 657 4840; x_wconf 74' lang='grc' dir='ltr'><strong>πρῶσοι.</strong></span> <span class='ocrx_word' id='word_1_700' title='bbox 673 4775 718 4819; x_wconf 87' lang='lat' dir='ltr'><strong>et</strong></span> <span class='ocrx_word' id='word_1_701' title='bbox 732 4769 950 4840; x_wconf 25' lang='lat' dir='ltr'><strong>facta‘cst</strong></span> <span class='ocrx_word' id='word_1_702' title='bbox 961 4776 1141 4840; x_wconf 81' lang='lat' dir='ltr'><strong>manus</strong></span> <span class='ocrx_word' id='word_1_703' title='bbox 1152 4760 1260 4830; x_wconf 86' lang='lat' dir='ltr'><strong>ejus</strong></span> <span class='ocrx_word' id='word_1_704' title='bbox 1273 4760 1495 4840; x_wconf 67' lang='lat' dir='ltr'><strong>(eprosa,</strong></span> <span class='ocrx_word' id='word_1_705' title='bbox 1513 4758 1753 4840; x_wconf 78' lang='lat' dir='ltr'><strong>habetur.</strong></span> <span class='ocrx_word' id='word_1_706' title='bbox 1774 4758 1972 4840; x_wconf 71' lang='lat' dir='ltr'><strong>Verum</strong></span> <span class='ocrx_word' id='word_1_707' title='bbox 1992 4762 2071 4840; x_wconf 82' lang='lat' dir='ltr'><strong>in—_</strong></span> 
     </span>
    </p>
   </div>
   <div class='ocr_carea' id='block_1_90' title="bbox 472 4831 2067 4907">
    <p class='ocr_par' dir='ltr' id='par_1_90' title="bbox 472 4831 2067 4907">
     <span class='ocr_line' id='line_1_92' title="bbox 472 4831 2067 4907; baseline 0.011 -40"><span class='ocrx_word' id='word_1_708' title='bbox 472 4831 700 4907; x_wconf 49' lang='lat' dir='ltr'><strong>ﬁta‘cap.</strong></span> <span class='ocrx_word' id='word_1_709' title='bbox 716 4831 806 4898; x_wconf 59' lang='lat'><strong>55,</strong></span> <span class='ocrx_word' id='word_1_710' title='bbox 824 4834 1162 4907; x_wconf 18' lang='lat' dir='ltr'><strong>nitidins‘r‘ent</strong></span> <span class='ocrx_word' id='word_1_711' title='bbox 1178 4832 1404 4897; x_wconf 67' lang='lat' dir='ltr'><strong>extillent</strong></span> <span class='ocrx_word' id='word_1_712' title='bbox 1422 4848 1434 4882; x_wconf 88' lang='lat'><strong>:</strong></span> <span class='ocrx_word' id='word_1_713' title='bbox 1452 4831 2067 4907; x_wconf 70' lang='lat' dir='ltr'><strong>mutatur,ittquit,Moysi</strong></span> 
     </span>
    </p>
   </div>
   <div class='ocr_carea' id='block_1_91' title="bbox 473 4903 2067 4974">
    <p class='ocr_par' dir='ltr' id='par_1_91' title="bbox 473 4903 2067 4974">
     <span class='ocr_line' id='line_1_93' title="bbox 473 4903 2067 4974; baseline -0.003 -11"><span class='ocrx_word' id='word_1_714' title='bbox 473 4903 675 4974; x_wconf 73' lang='lat' dir='ltr'><strong>uiantis,</strong></span> <span class='ocrx_word' id='word_1_715' title='bbox 696 4906 954 4974; x_wconf 84' lang='lat' dir='ltr'><strong>etquidem</strong></span> <span class='ocrx_word' id='word_1_716' title='bbox 980 4903 1047 4957; x_wconf 89' lang='lat' dir='ltr'><strong>ad</strong></span> <span class='ocrx_word' id='word_1_717' title='bbox 1064 4904 1222 4974; x_wconf 76' lang='lat' dir='ltr'><strong>instar</strong></span> <span class='ocrx_word' id='word_1_718' title='bbox 1244 4910 1504 4961; x_wconf 68' lang='lat' dir='ltr'><strong>emortum,</strong></span> <span class='ocrx_word' id='word_1_719' title='bbox 1527 4905 1815 4971; x_wconf 73' lang='lat' dir='ltr'><strong>exsanguis,</strong></span> <span class='ocrx_word' id='word_1_720' title='bbox 1838 4912 1939 4958; x_wconf 86' lang='lat' dir='ltr'><strong>etc.</strong></span> <span class='ocrx_word' id='word_1_721' title='bbox 1972 4904 2067 4958; x_wconf 84' lang='lat' dir='ltr'><strong>IIic</strong></span> 
     </span>
    </p>
   </div>
   <div class='ocr_carea' id='block_1_92' title="bbox 472 4972 2066 5044">
    <p class='ocr_par' dir='ltr' id='par_1_92' title="bbox 472 4972 2066 5044">
     <span class='ocr_line' id='line_1_94' title="bbox 472 4972 2066 5044; baseline -0.003 -9"><span class='ocrx_word' id='word_1_722' title='bbox 472 4982 614 5035; x_wconf 88' lang='lat' dir='ltr'><strong>enim</strong></span> <span class='ocrx_word' id='word_1_723' title='bbox 662 4972 1009 5032; x_wconf 74' lang='lat' dir='ltr'><strong>Similitudine</strong></span> <span class='ocrx_word' id='word_1_724' title='bbox 1050 4972 1277 5044; x_wconf 88' lang='lat' dir='ltr'><strong>quadam</strong></span> <span class='ocrx_word' id='word_1_725' title='bbox 1326 4982 1622 5044; x_wconf 64' lang='lat' dir='ltr'><strong>emortuam</strong></span> <span class='ocrx_word' id='word_1_726' title='bbox 1658 4974 1806 5033; x_wconf 88' lang='lat' dir='ltr'><strong>dicit,</strong></span> <span class='ocrx_word' id='word_1_727' title='bbox 1856 4989 1961 5027; x_wconf 91' lang='lat' dir='ltr'><strong>non</strong></span> <span class='ocrx_word' id='word_1_728' title='bbox 2007 4990 2066 5030; x_wconf 85' lang='lat' dir='ltr'><strong>re</strong></span> 
     </span>
    </p>
   </div>
   <div class='ocr_carea' id='block_1_93' title="bbox 475 5042 2068 5123">
    <p class='ocr_par' dir='ltr' id='par_1_93' title="bbox 475 5042 2068 5123">
     <span class='ocr_line' id='line_1_95' title="bbox 475 5042 2068 5123; baseline -0.004 -18"><span class='ocrx_word' id='word_1_729' title='bbox 475 5052 608 5123; x_wconf 62' lang='lat' dir='ltr'><strong>Ipsa.</strong></span> <span class='ocrx_word' id='word_1_730' title='bbox 642 5048 703 5123; x_wconf 66' lang='lat' dir='ltr'><strong>S.</strong></span> <span class='ocrx_word' id='word_1_731' title='bbox 730 5042 1088 5123; x_wconf 74' lang='lat' dir='ltr'><strong>Hieronymus</strong></span> <span class='ocrx_word' id='word_1_732' title='bbox 1108 5052 1294 5123; x_wconf 58' lang='lat' dir='ltr'><strong>contra</strong></span> <span class='ocrx_word' id='word_1_733' title='bbox 1324 5042 1474 5098; x_wconf 80' lang='lat' dir='ltr'><strong>.Ioan.</strong></span> <span class='ocrx_word' id='word_1_734' title='bbox 1504 5042 1715 5123; x_wconf 81' lang='lat' dir='ltr'><strong>Ilteros.</strong></span> <span class='ocrx_word' id='word_1_735' title='bbox 1748 5044 1937 5123; x_wconf 67' lang='lat' dir='ltr'><strong>eodem</strong></span> <span class='ocrx_word' id='word_1_736' title='bbox 1967 5046 2068 5099; x_wconf 90' lang='lat' dir='ltr'><strong>uti-</strong></span> 
     </span>
    </p>
   </div>
   <div class='ocr_carea' id='block_1_94' title="bbox 474 5115 2066 5185">
    <p class='ocr_par' dir='ltr' id='par_1_94' title="bbox 474 5115 2066 5185">
     <span class='ocr_line' id='line_1_96' title="bbox 474 5115 2066 5185; baseline -0.006 -8"><span class='ocrx_word' id='word_1_737' title='bbox 474 5115 561 5179; x_wconf 69' lang='lat' dir='ltr'><strong>tilt&#39;</strong></span> <span class='ocrx_word' id='word_1_738' title='bbox 589 5122 896 5177; x_wconf 88' lang='lat' dir='ltr'><strong>testimonio</strong></span> <span class='ocrx_word' id='word_1_739' title='bbox 917 5115 980 5172; x_wconf 57' lang='lat' dir='ltr'><strong>at]</strong></span> <span class='ocrx_word' id='word_1_740' title='bbox 1010 5115 1335 5185; x_wconf 81' lang='lat' dir='ltr'><strong>pt&#39;ohutttInttI</strong></span> <span class='ocrx_word' id='word_1_741' title='bbox 1370 5117 1839 5170; x_wconf 72' lang='lat' dir='ltr'><strong>rcsut‘t‘ecliuncm.</strong></span> <span class='ocrx_word' id='word_1_742' title='bbox 1882 5115 2066 5170; x_wconf 66' lang='lat' dir='ltr'><strong>.Ilantts</strong></span> 
     </span>
    </p>
   </div>
   <div class='ocr_carea' id='block_1_95' title="bbox 475 5185 2068 5265">
    <p class='ocr_par' dir='ltr' id='par_1_95' title="bbox 475 5185 2068 5265">
     <span class='ocr_line' id='line_1_97' title="bbox 475 5185 2068 5265; baseline -0.007 -16"><span class='ocrx_word' id='word_1_743' title='bbox 475 5194 645 5265; x_wconf 79' lang='lat' dir='ltr'><strong>Moysi</strong></span> <span class='ocrx_word' id='word_1_744' title='bbox 668 5200 857 5265; x_wconf 68' lang='lat' dir='ltr'><strong>mutata</strong></span> <span class='ocrx_word' id='word_1_745' title='bbox 882 5199 953 5265; x_wconf 83' lang='lat' dir='ltr'><strong>est</strong></span> <span class='ocrx_word' id='word_1_746' title='bbox 983 5190 1033 5241; x_wconf 91' lang='lat' dir='ltr'><strong>in</strong></span> <span class='ocrx_word' id='word_1_747' title='bbox 1052 5187 1271 5265; x_wconf 74' lang='lat' dir='ltr'><strong>candore</strong></span> <span class='ocrx_word' id='word_1_748' title='bbox 1300 5187 1427 5265; x_wconf 76' lang='lat' dir='ltr'><strong>uiuis</strong></span> <span class='ocrx_word' id='word_1_749' title='bbox 1454 5197 1499 5240; x_wconf 91' lang='lat' dir='ltr'><strong>ct</strong></span> <span class='ocrx_word' id='word_1_750' title='bbox 1528 5188 1761 5265; x_wconf 73' lang='lat' dir='ltr'><strong>deinceps</strong></span> <span class='ocrx_word' id='word_1_751' title='bbox 1778 5185 1941 5265; x_wconf 56' lang='lat' dir='ltr'><strong>colori</strong></span> <span class='ocrx_word' id='word_1_752' title='bbox 1964 5188 2068 5265; x_wconf 82' lang='lat' dir='ltr'><strong>pri-</strong></span> 
     </span>
    </p>
   </div>
   <div class='ocr_carea' id='block_1_96' title="bbox 473 5258 2061 5328">
    <p class='ocr_par' dir='ltr' id='par_1_96' title="bbox 473 5258 2061 5328">
     <span class='ocr_line' id='line_1_98' title="bbox 473 5258 2061 5328; baseline -0.004 -8"><span class='ocrx_word' id='word_1_753' title='bbox 473 5258 604 5320; x_wconf 64' lang='lat' dir='ltr'><strong>stini)</strong></span> <span class='ocrx_word' id='word_1_754' title='bbox 632 5264 862 5317; x_wconf 78' lang='lat' dir='ltr'><strong>restituta</strong></span> <span class='ocrx_word' id='word_1_755' title='bbox 884 5264 933 5314; x_wconf 87' lang='lat' dir='ltr'><strong>in</strong></span> <span class='ocrx_word' id='word_1_756' title='bbox 965 5270 1174 5327; x_wconf 82' lang='lat' dir='ltr'><strong>utraque</strong></span> <span class='ocrx_word' id='word_1_757' title='bbox 1200 5258 1481 5311; x_wconf 82' lang='lat' dir='ltr'><strong>diversitate</strong></span> <span class='ocrx_word' id='word_1_758' title='bbox 1506 5275 1683 5311; x_wconf 85' lang='lat' dir='ltr'><strong>manus</strong></span> <span class='ocrx_word' id='word_1_759' title='bbox 1715 5259 1828 5328; x_wconf 85' lang='lat' dir='ltr'><strong>fuit.</strong></span> <span class='ocrx_word' id='word_1_760' title='bbox 1867 5258 1941 5313; x_wconf 81' lang='lat' dir='ltr'><strong>LE</strong></span> <span class='ocrx_word' id='word_1_761' title='bbox 1967 5261 2061 5314; x_wconf 76' lang='lat' dir='ltr'><strong>I’n.</strong></span> 
     </span>
    </p>
   </div>
   <div class='ocr_carea' id='block_1_97' title="bbox 548 5329 2067 5407">
    <p class='ocr_par' dir='ltr' id='par_1_97' title="bbox 548 5329 2067 5407">
     <span class='ocr_line' id='line_1_99' title="bbox 548 5329 2067 5407; baseline -0.004 -18"><span class='ocrx_word' id='word_1_762' title='bbox 548 5335 627 5407; x_wconf 89' lang='lat' dir='ltr'>(b)</span> <span class='ocrx_word' id='word_1_763' title='bbox 659 5333 723 5407; x_wconf 74' lang='lat' dir='ltr'><strong>Et</strong></span> <span class='ocrx_word' id='word_1_764' title='bbox 758 5349 933 5407; x_wconf 68' lang='lat' dir='ltr'><strong>rursus</strong></span> <span class='ocrx_word' id='word_1_765' title='bbox 971 5332 1209 5385; x_wconf 83' lang='lat' dir='ltr'><strong>insinuat.</strong></span> <span class='ocrx_word' id='word_1_766' title='bbox 1251 5329 1402 5396; x_wconf 78' lang='lat' dir='ltr'><strong>Quod</strong></span> <span class='ocrx_word' id='word_1_767' title='bbox 1434 5329 1595 5384; x_wconf 88' lang='lat' dir='ltr'><strong>modo</strong></span> <span class='ocrx_word' id='word_1_768' title='bbox 1625 5329 1779 5396; x_wconf 75' lang='lat' dir='ltr'><strong>dixit,</strong></span> <span class='ocrx_word' id='word_1_769' title='bbox 1808 5331 1858 5384; x_wconf 91' lang='lat' dir='ltr'><strong>in</strong></span> <span class='ocrx_word' id='word_1_770' title='bbox 1898 5332 2067 5383; x_wconf 85' lang='lat' dir='ltr'><strong>sinunt</strong></span> 
     </span>
    </p>
   </div>
   <div class='ocr_carea' id='block_1_98' title="bbox 473 5403 895 5463">
    <p class='ocr_par' dir='ltr' id='par_1_98' title="bbox 473 5403 895 5463">
     <span class='ocr_line' id='line_1_100' title="bbox 473 5403 895 5463; baseline -0.014 0"><span class='ocrx_word' id='word_1_771' title='bbox 473 5403 663 5463; x_wconf 82' lang='lat' dir='ltr'><strong>condit.</strong></span> <span class='ocrx_word' id='word_1_772' title='bbox 698 5405 771 5459; x_wconf 79' lang='lat' dir='ltr'><strong>Le</strong></span> <span class='ocrx_word' id='word_1_773' title='bbox 799 5403 895 5458; x_wconf 88' lang='lat' dir='ltr'><strong>Pn.</strong></span> 
     </span>
    </p>
   </div>
   <div class='ocr_carea' id='block_1_99' title="bbox 548 5471 2064 5550">
    <p class='ocr_par' dir='ltr' id='par_1_99' title="bbox 548 5471 2064 5550">
     <span class='ocr_line' id='line_1_101' title="bbox 548 5471 2064 5550; baseline -0.003 -18"><span class='ocrx_word' id='word_1_774' title='bbox 548 5477 623 5550; x_wconf 87' lang='lat' dir='ltr'>(c)</span> <span class='ocrx_word' id='word_1_775' title='bbox 660 5476 731 5550; x_wconf 81' lang='lat' dir='ltr'><strong>De</strong></span> <span class='ocrx_word' id='word_1_776' title='bbox 750 5491 848 5541; x_wconf 87' lang='lat' dir='ltr'><strong>quo</strong></span> <span class='ocrx_word' id='word_1_777' title='bbox 869 5474 1005 5545; x_wconf 86' lang='lat' dir='ltr'><strong>apud</strong></span> <span class='ocrx_word' id='word_1_778' title='bbox 1016 5471 1244 5527; x_wconf 87' lang='lat' dir='ltr'><strong>eumdem</strong></span> <span class='ocrx_word' id='word_1_779' title='bbox 1269 5472 1586 5538; x_wconf 85' lang='lat' dir='ltr'><strong>prapltetam.</strong></span> <span class='ocrx_word' id='word_1_780' title='bbox 1608 5471 2064 5550; x_wconf 63' lang='lat' dir='ltr'><strong>Nentpebltiysen,</strong></span> 
     </span>
    </p>
   </div>
   <div class='ocr_carea' id='block_1_100' title="bbox 477 5543 2068 5605">
    <p class='ocr_par' dir='ltr' id='par_1_100' title="bbox 477 5543 2068 5605">
     <span class='ocr_line' id='line_1_102' title="bbox 477 5543 2068 5605; baseline -0.004 0"><span class='ocrx_word' id='word_1_781' title='bbox 477 5543 637 5605; x_wconf 60' lang='lat' dir='ltr'><strong>tat-ite</strong></span> <span class='ocrx_word' id='word_1_782' title='bbox 678 5543 908 5602; x_wconf 73' lang='lat' dir='ltr'><strong>innuents</strong></span> <span class='ocrx_word' id='word_1_783' title='bbox 934 5561 1057 5601; x_wconf 81' lang='lat' dir='ltr'><strong>euut</strong></span> <span class='ocrx_word' id='word_1_784' title='bbox 1100 5561 1217 5599; x_wconf 78' lang='lat' dir='ltr'><strong>esse</strong></span> <span class='ocrx_word' id='word_1_785' title='bbox 1249 5553 1522 5598; x_wconf 83' lang='lat' dir='ltr'><strong>auctorem</strong></span> <span class='ocrx_word' id='word_1_786' title='bbox 1570 5554 1623 5599; x_wconf 80' lang='lat' dir='ltr'><strong>et</strong></span> <span class='ocrx_word' id='word_1_787' title='bbox 1667 5544 1835 5598; x_wconf 77' lang='lat' dir='ltr'><strong>Exodi</strong></span> <span class='ocrx_word' id='word_1_788' title='bbox 1868 5543 1923 5599; x_wconf 85' lang='lat' dir='ltr'><strong>et</strong></span> <span class='ocrx_word' id='word_1_789' title='bbox 1962 5543 2068 5599; x_wconf 85' lang='lat' dir='ltr'><strong>Ce-</strong></span> 
     </span>
    </p>
   </div>
   <div class='ocr_carea' id='block_1_101' title="bbox 477 5615 2067 5687">
    <p class='ocr_par' dir='ltr' id='par_1_101' title="bbox 477 5615 2067 5687">
     <span class='ocr_line' id='line_1_103' title="bbox 477 5615 2067 5687; baseline -0.004 -10"><span class='ocrx_word' id='word_1_790' title='bbox 477 5635 690 5685; x_wconf 80' lang='lat' dir='ltr'><strong>neseos,</strong></span> <span class='ocrx_word' id='word_1_791' title='bbox 717 5634 781 5673; x_wconf 80' lang='lat' dir='ltr'><strong>ex</strong></span> <span class='ocrx_word' id='word_1_792' title='bbox 809 5619 999 5687; x_wconf 85' lang='lat' dir='ltr'><strong>quibus</strong></span> <span class='ocrx_word' id='word_1_793' title='bbox 1047 5615 1161 5671; x_wconf 64' lang='lat' dir='ltr'><strong>hare</strong></span> <span class='ocrx_word' id='word_1_794' title='bbox 1192 5615 1494 5687; x_wconf 83' lang='lat' dir='ltr'><strong>testimonia</strong></span> <span class='ocrx_word' id='word_1_795' title='bbox 1535 5615 1682 5687; x_wconf 86' lang='lat' dir='ltr'><strong>citat,</strong></span> <span class='ocrx_word' id='word_1_796' title='bbox 1729 5624 1892 5685; x_wconf 88' lang='lat' dir='ltr'><strong>atque</strong></span> <span class='ocrx_word' id='word_1_797' title='bbox 1932 5615 2067 5687; x_wconf 81' lang='lat' dir='ltr'><strong>adeo</strong></span> 
     </span>
    </p>
   </div>
   <div class='ocr_carea' id='block_1_102' title="bbox 476 5684 2065 5749">
    <p class='ocr_par' dir='ltr' id='par_1_102' title="bbox 476 5684 2065 5749">
     <span class='ocr_line' id='line_1_104' title="bbox 476 5684 2065 5749; baseline -0.006 0"><span class='ocrx_word' id='word_1_798' title='bbox 476 5703 531 5749; x_wconf 87' lang='lat' dir='ltr'><strong>et</strong></span> <span class='ocrx_word' id='word_1_799' title='bbox 557 5684 716 5746; x_wconf 76' lang='lat' dir='ltr'><strong>latins</strong></span> <span class='ocrx_word' id='word_1_800' title='bbox 744 5684 1111 5745; x_wconf 80' lang='lat' dir='ltr'><strong>Peittaleuehi.</strong></span> <span class='ocrx_word' id='word_1_801' title='bbox 1142 5687 1303 5742; x_wconf 86' lang='lat' dir='ltr'><strong>Certe</strong></span> <span class='ocrx_word' id='word_1_802' title='bbox 1334 5686 1402 5739; x_wconf 85' lang='lat' dir='ltr'><strong>de</strong></span> <span class='ocrx_word' id='word_1_803' title='bbox 1432 5686 1617 5739; x_wconf 81' lang='lat' dir='ltr'><strong>Exodo</strong></span> <span class='ocrx_word' id='word_1_804' title='bbox 1644 5693 1700 5741; x_wconf 88' lang='lat' dir='ltr'><strong>et</strong></span> <span class='ocrx_word' id='word_1_805' title='bbox 1731 5684 1948 5741; x_wconf 76' lang='lat' dir='ltr'><strong>Denter.</strong></span> <span class='ocrx_word' id='word_1_806' title='bbox 1983 5684 2065 5740; x_wconf 87' lang='lat' dir='ltr'><strong>id-</strong></span> 
     </span>
    </p>
   </div>
   <div class='ocr_carea' id='block_1_103' title="bbox 474 5755 2071 5833">
    <p class='ocr_par' dir='ltr' id='par_1_103' title="bbox 474 5755 2071 5833">
     <span class='ocr_line' id='line_1_105' title="bbox 474 5755 2071 5833; baseline -0.005 -12"><span class='ocrx_word' id='word_1_807' title='bbox 474 5768 648 5833; x_wconf 85' lang='lat' dir='ltr'><strong>ipsum</strong></span> <span class='ocrx_word' id='word_1_808' title='bbox 698 5769 839 5833; x_wconf 70' lang='lat' dir='ltr'><strong>patri.</strong></span> <span class='ocrx_word' id='word_1_809' title='bbox 870 5777 947 5833; x_wconf 83' lang='lat' dir='ltr'><strong>ex</strong></span> <span class='ocrx_word' id='word_1_810' title='bbox 983 5759 1273 5833; x_wconf 67' lang='lat' dir='ltr'><strong>Scriptura:</strong></span> <span class='ocrx_word' id='word_1_811' title='bbox 1316 5757 1494 5833; x_wconf 76' lang='lat' dir='ltr'><strong>verbis</strong></span> <span class='ocrx_word' id='word_1_812' title='bbox 1518 5755 1720 5833; x_wconf 80' lang='lat' dir='ltr'><strong>_E.cod.,</strong></span> <span class='ocrx_word' id='word_1_813' title='bbox 1767 5755 1983 5833; x_wconf 64' lang='lat' dir='ltr'><strong>XXIV,_</strong></span> <span class='ocrx_word' id='word_1_814' title='bbox 2013 5766 2071 5812; x_wconf 86' lang='lat' dir='ltr'><strong>et</strong></span> 
     </span>
    </p>
   </div>
   <div class='ocr_carea' id='block_1_104' title="bbox 475 5781 2068 5900">
    <p class='ocr_par' dir='ltr' id='par_1_104' title="bbox 475 5781 2068 5900">
     <span class='ocr_line' id='line_1_106' title="bbox 475 5781 2068 5833; baseline -0.006 -12"><span class='ocrx_word' id='word_1_815' title='bbox 475 5781 491 5821; x_wconf 87' lang='lat' dir='ltr'><strong>I</strong></span> <span class='ocrx_word' id='word_1_816' title='bbox 531 5781 648 5820; x_wconf 87' lang='lat' dir='ltr'><strong>sum</strong></span> <span class='ocrx_word' id='word_1_817' title='bbox 698 5781 839 5831; x_wconf 64' lang='lat' dir='ltr'><strong>patet</strong></span> <span class='ocrx_word' id='word_1_818' title='bbox 880 5781 947 5816; x_wconf 77' lang='lat' dir='ltr'><strong>ex</strong></span> <span class='ocrx_word' id='word_1_819' title='bbox 983 5781 1273 5833; x_wconf 69' lang='lat' dir='ltr'><strong>DCI‘IplUl‘iB</strong></span> <span class='ocrx_word' id='word_1_820' title='bbox 1318 5781 1494 5812; x_wconf 71' lang='grc' dir='ltr'><strong>νωύιδ</strong></span> <span class='ocrx_word' id='word_1_821' title='bbox 1520 5781 1720 5822; x_wconf 62' lang='lat' dir='ltr'><strong>suum,</strong></span> <span class='ocrx_word' id='word_1_822' title='bbox 1770 5781 1960 5821; x_wconf 64' lang='lat' dir='ltr'><strong>AA”,</strong></span> <span class='ocrx_word' id='word_1_823' title='bbox 2013 5781 2068 5812; x_wconf 74' lang='lat' dir='ltr'><strong>et</strong></span> 
     </span>
     <span class='ocr_line' id='line_1_107' title="bbox 475 5781 2068 5900; baseline -0.004 -8"><span class='ocrx_word' id='word_1_824' title='bbox 475 5781 706 5900; x_wconf 45' lang='lat' dir='ltr'><strong>{lentem</strong></span> <span class='ocrx_word' id='word_1_825' title='bbox 737 5831 940 5900; x_wconf 71' lang='lat' dir='ltr'><strong>XXXI;</strong></span> <span class='ocrx_word' id='word_1_826' title='bbox 966 5840 1021 5889; x_wconf 87' lang='lat' dir='ltr'><strong>et</strong></span> <span class='ocrx_word' id='word_1_827' title='bbox 1046 5831 1112 5887; x_wconf 83' lang='lat' dir='ltr'><strong>de</strong></span> <span class='ocrx_word' id='word_1_828' title='bbox 1152 5839 1262 5885; x_wconf 87' lang='lat' dir='ltr'><strong>toto</strong></span> <span class='ocrx_word' id='word_1_829' title='bbox 1292 5843 1457 5900; x_wconf 81' lang='lat' dir='ltr'><strong>opere</strong></span> <span class='ocrx_word' id='word_1_830' title='bbox 1483 5827 1827 5900; x_wconf 18' lang='lat' dir='ltr'><strong>idiasserunt</strong></span> <span class='ocrx_word' id='word_1_831' title='bbox 1866 5826 2025 5887; x_wconf 86' lang='lat' dir='ltr'><strong>Philo</strong></span> <span class='ocrx_word' id='word_1_832' title='bbox 2050 5866 2068 5897; x_wconf 65' lang='grc' dir='ltr'><strong>ρ</strong></span> 
     </span>
    </p>
   </div>
   <div class='ocr_carea' id='block_1_105' title="bbox 478 5898 1690 5985">
    <p class='ocr_par' dir='ltr' id='par_1_105' title="bbox 478 5898 1690 5985">
     <span class='ocr_line' id='line_1_108' title="bbox 478 5898 1690 5985; baseline -0.007 -20"><span class='ocrx_word' id='word_1_833' title='bbox 478 5906 570 5975; x_wconf 84' lang='lat' dir='ltr'><strong>lib.</strong></span> <span class='ocrx_word' id='word_1_834' title='bbox 600 5906 661 5965; x_wconf 80' lang='lat' dir='ltr'><strong>de</strong></span> <span class='ocrx_word' id='word_1_835' title='bbox 683 5898 890 5976; x_wconf 81' lang='lat' dir='ltr'><strong>mundo,</strong></span> <span class='ocrx_word' id='word_1_836' title='bbox 920 5898 982 5967; x_wconf 77' lang='lat' dir='ltr'><strong>ut:</strong></span> <span class='ocrx_word' id='word_1_837' title='bbox 1010 5900 1278 5985; x_wconf 76' lang='lat' dir='ltr'><strong>Iosephus</strong></span> <span class='ocrx_word' id='word_1_838' title='bbox 1305 5898 1519 5958; x_wconf 82' lang='lat' dir='ltr'><strong>alicubi.</strong></span> <span class='ocrx_word' id='word_1_839' title='bbox 1547 5899 1690 5961; x_wconf 71' lang='lat' dir='ltr'><strong>Psu.</strong></span> 
     </span>
    </p>
   </div>
   <div class='ocr_carea' id='block_1_106' title="bbox 2248 4474 3766 4554">
    <p class='ocr_par' dir='ltr' id='par_1_106' title="bbox 2248 4474 3766 4554">
     <span class='ocr_line' id='line_1_109' title="bbox 2248 4474 3766 4554; baseline -0.003 -19"><span class='ocrx_word' id='word_1_840' title='bbox 2248 4480 2326 4554; x_wconf 83' lang='lat' dir='ltr'>(d)</span> <span class='ocrx_word' id='word_1_841' title='bbox 2358 4480 2614 4554; x_wconf 85' lang='lat' dir='ltr'><strong>Qualeest</strong></span> <span class='ocrx_word' id='word_1_842' title='bbox 2634 4483 2773 4554; x_wconf 85' lang='lat' dir='ltr'><strong>apud</strong></span> <span class='ocrx_word' id='word_1_843' title='bbox 2803 4480 3030 4547; x_wconf 78' lang='lat' dir='ltr'><strong>Esaiam,</strong></span> <span class='ocrx_word' id='word_1_844' title='bbox 3054 4490 3159 4537; x_wconf 92' lang='lat' dir='ltr'><strong>etc.</strong></span> <span class='ocrx_word' id='word_1_845' title='bbox 3189 4480 3363 4538; x_wconf 88' lang='lat' dir='ltr'><strong>Verba</strong></span> <span class='ocrx_word' id='word_1_846' title='bbox 3392 4496 3512 4550; x_wconf 77' lang='lat' dir='ltr'><strong>qua:</strong></span> <span class='ocrx_word' id='word_1_847' title='bbox 3533 4493 3598 4535; x_wconf 83' lang='lat' dir='ltr'><strong>ex</strong></span> <span class='ocrx_word' id='word_1_848' title='bbox 3645 4474 3766 4531; x_wconf 79' lang='lat' dir='ltr'><strong>Isaia</strong></span> 
     </span>
    </p>
   </div>
   <div class='ocr_carea' id='block_1_107' title="bbox 2093 4552 3759 4623">
    <p class='ocr_par' dir='ltr' id='par_1_107' title="bbox 2093 4552 3759 4623">
     <span class='ocr_line' id='line_1_110' title="bbox 2093 4552 3759 4623; baseline -0.003 -15"><span class='ocrx_word' id='word_1_849' title='bbox 2093 4555 2144 4614; x_wconf 92' lang='lat' dir='ltr'><strong>D</strong></span> <span class='ocrx_word' id='word_1_850' title='bbox 2171 4552 2336 4608; x_wconf 77' lang='lat' dir='ltr'><strong>refert</strong></span> <span class='ocrx_word' id='word_1_851' title='bbox 2362 4552 2721 4607; x_wconf 86' lang='lat' dir='ltr'><strong>&#39;I‘ertullianus</strong></span> <span class='ocrx_word' id='word_1_852' title='bbox 2747 4553 2801 4608; x_wconf 87' lang='lat' dir='ltr'><strong>itt</strong></span> <span class='ocrx_word' id='word_1_853' title='bbox 2838 4563 2945 4607; x_wconf 84' lang='lat' dir='ltr'><strong>tota</strong></span> <span class='ocrx_word' id='word_1_854' title='bbox 2979 4554 3257 4623; x_wconf 85' lang='lat' dir='ltr'><strong>prophetia</strong></span> <span class='ocrx_word' id='word_1_855' title='bbox 3285 4557 3536 4619; x_wconf 69' lang='grc' dir='ltr'><strong>αὗτολίεει</strong></span> <span class='ocrx_word' id='word_1_856' title='bbox 3559 4563 3657 4623; x_wconf 90' lang='lat' dir='ltr'><strong>non</strong></span> <span class='ocrx_word' id='word_1_857' title='bbox 3679 4562 3759 4623; x_wconf 59' lang='lat' dir='ltr'><strong>re:-</strong></span> 
     </span>
    </p>
   </div>
   <div class='ocr_carea' id='block_1_108' title="bbox 2174 4616 3801 4695">
    <p class='ocr_par' dir='ltr' id='par_1_108' title="bbox 2174 4616 3801 4695">
     <span class='ocr_line' id='line_1_111' title="bbox 2174 4616 3801 4695; baseline -0.005 -16"><span class='ocrx_word' id='word_1_858' title='bbox 2174 4627 2487 4695; x_wconf 86' lang='lat' dir='ltr'><strong>periuntur;</strong></span> <span class='ocrx_word' id='word_1_859' title='bbox 2517 4625 2694 4695; x_wconf 82' lang='lat' dir='ltr'><strong>colligi</strong></span> <span class='ocrx_word' id='word_1_860' title='bbox 2739 4633 2919 4680; x_wconf 89' lang='lat' dir='ltr'><strong>tamen</strong></span> <span class='ocrx_word' id='word_1_861' title='bbox 2967 4616 3194 4695; x_wconf 77' lang='lat' dir='ltr'><strong>possunt</strong></span> <span class='ocrx_word' id='word_1_862' title='bbox 3218 4640 3281 4678; x_wconf 76' lang='lat' dir='ltr'><strong>ex</strong></span> <span class='ocrx_word' id='word_1_863' title='bbox 3317 4625 3379 4677; x_wconf 88' lang='lat' dir='ltr'><strong>iis</strong></span> <span class='ocrx_word' id='word_1_864' title='bbox 3415 4616 3625 4695; x_wconf 63' lang='lat' dir='ltr'><strong>Iul-isin</strong></span> <span class='ocrx_word' id='word_1_865' title='bbox 3651 4616 3757 4693; x_wconf 76' lang='lat' dir='ltr'><strong>qqi-</strong></span> <span class='ocrx_word' id='word_1_866' title='bbox 3790 4680 3801 4689; x_wconf 23' lang='grc' dir='ltr'>κ</span> 
     </span>
    </p>
   </div>
   <div class='ocr_carea' id='block_1_109' title="bbox 2176 4694 3759 4765">
    <p class='ocr_par' dir='ltr' id='par_1_109' title="bbox 2176 4694 3759 4765">
     <span class='ocr_line' id='line_1_112' title="bbox 2176 4694 3759 4765; baseline -0.002 -16"><span class='ocrx_word' id='word_1_867' title='bbox 2176 4697 2271 4750; x_wconf 57' lang='grc' dir='ltr'><strong>Ιιυς</strong></span> <span class='ocrx_word' id='word_1_868' title='bbox 2300 4694 2440 4749; x_wconf 87' lang='lat' dir='ltr'><strong>Dens</strong></span> <span class='ocrx_word' id='word_1_869' title='bbox 2471 4694 2763 4763; x_wconf 79' lang='lat' dir='ltr'><strong>putentiatn</strong></span> <span class='ocrx_word' id='word_1_870' title='bbox 2795 4711 2945 4750; x_wconf 90' lang='lat' dir='ltr'><strong>suam</strong></span> <span class='ocrx_word' id='word_1_871' title='bbox 2978 4694 3212 4751; x_wconf 88' lang='lat' dir='ltr'><strong>ostendit</strong></span> <span class='ocrx_word' id='word_1_872' title='bbox 3241 4711 3304 4748; x_wconf 84' lang='lat' dir='ltr'><strong>ex</strong></span> <span class='ocrx_word' id='word_1_873' title='bbox 3334 4709 3398 4749; x_wconf 88' lang='lat' dir='ltr'><strong>eo</strong></span> <span class='ocrx_word' id='word_1_874' title='bbox 3423 4694 3563 4765; x_wconf 90' lang='lat' dir='ltr'><strong>quod</strong></span> <span class='ocrx_word' id='word_1_875' title='bbox 3606 4703 3759 4762; x_wconf 86' lang='lat' dir='ltr'><strong>popu-</strong></span> 
     </span>
    </p>
   </div>
   <div class='ocr_carea' id='block_1_110' title="bbox 2175 4765 3760 4842">
    <p class='ocr_par' dir='ltr' id='par_1_110' title="bbox 2175 4765 3760 4842">
     <span class='ocr_line' id='line_1_113' title="bbox 2175 4765 3760 4842; baseline 0.001 -24"><span class='ocrx_word' id='word_1_876' title='bbox 2175 4767 2282 4821; x_wconf 89' lang='lat' dir='ltr'><strong>Iutn</strong></span> <span class='ocrx_word' id='word_1_877' title='bbox 2311 4768 2364 4821; x_wconf 90' lang='lat' dir='ltr'><strong>itt</strong></span> <span class='ocrx_word' id='word_1_878' title='bbox 2407 4769 2677 4842; x_wconf 78' lang='lat' dir='ltr'><strong>angustias</strong></span> <span class='ocrx_word' id='word_1_879' title='bbox 2707 4766 2895 4842; x_wconf 69' lang='lat' dir='ltr'><strong>tnortis</strong></span> <span class='ocrx_word' id='word_1_880' title='bbox 2928 4766 3166 4842; x_wconf 62' lang='lat' dir='ltr'><strong>dejicere</strong></span> <span class='ocrx_word' id='word_1_881' title='bbox 3204 4765 3497 4842; x_wconf 69' lang='lat' dir='ltr'><strong>possit,_et</strong></span> <span class='ocrx_word' id='word_1_882' title='bbox 3539 4778 3574 4842; x_wconf 54' lang='grc' dir='ltr'>ξ</span> <span class='ocrx_word' id='word_1_883' title='bbox 3608 4768 3760 4842; x_wconf 61' lang='grc' dir='ltr'>ηιξκιε</span> 
     </span>
    </p>
   </div>
   <div class='ocr_carea' id='block_1_111' title="bbox 2172 4832 3758 4905">
    <p class='ocr_par' dir='ltr' id='par_1_111' title="bbox 2172 4832 3758 4905">
     <span class='ocr_line' id='line_1_114' title="bbox 2172 4832 3758 4905; baseline 0 -14"><span class='ocrx_word' id='word_1_884' title='bbox 2172 4853 2446 4892; x_wconf 85' lang='lat' dir='ltr'><strong>revocare.</strong></span> <span class='ocrx_word' id='word_1_885' title='bbox 2471 4832 2680 4892; x_wconf 79' lang='lat' dir='ltr'><strong>Clarius</strong></span> <span class='ocrx_word' id='word_1_886' title='bbox 2710 4838 2969 4893; x_wconf 88' lang='lat' dir='ltr'><strong>habentur</strong></span> <span class='ocrx_word' id='word_1_887' title='bbox 2993 4832 3113 4892; x_wconf 78' lang='lat' dir='ltr'><strong>lucc</strong></span> <span class='ocrx_word' id='word_1_888' title='bbox 3155 4836 3169 4889; x_wconf 95' lang='grc' dir='ltr'><strong>Ι</strong></span> <span class='ocrx_word' id='word_1_889' title='bbox 3204 4832 3359 4905; x_wconf 65' lang='lat' dir='ltr'><strong>Reg,</strong></span> <span class='ocrx_word' id='word_1_890' title='bbox 3394 4834 3436 4890; x_wconf 91' lang='lat' dir='ltr'><strong>II</strong></span> <span class='ocrx_word' id='word_1_891' title='bbox 3473 4854 3487 4891; x_wconf 70' lang='grc' dir='ltr'>ε</span> <span class='ocrx_word' id='word_1_892' title='bbox 3535 4832 3758 4905; x_wconf 55' lang='lat' dir='ltr'><strong>(longi!!!</strong></span> 
     </span>
    </p>
   </div>
   <div class='ocr_carea' id='block_1_112' title="bbox 2171 4894 3759 4978">
    <p class='ocr_par' dir='ltr' id='par_1_112' title="bbox 2171 4894 3759 4978">
     <span class='ocr_line' id='line_1_115' title="bbox 2171 4894 3759 4978; baseline -0.004 -17"><span class='ocrx_word' id='word_1_893' title='bbox 2171 4909 2441 4978; x_wconf 79' lang='lat' dir='ltr'><strong>mortiﬁcat</strong></span> <span class='ocrx_word' id='word_1_894' title='bbox 2479 4920 2523 4963; x_wconf 88' lang='lat' dir='ltr'><strong>ct</strong></span> <span class='ocrx_word' id='word_1_895' title='bbox 2551 4910 2794 4974; x_wconf 78' lang='lat' dir='ltr'><strong>rivi/icat,</strong></span> <span class='ocrx_word' id='word_1_896' title='bbox 2817 4918 2877 4978; x_wconf 88' lang='lat' dir='ltr'><strong>et</strong></span> <span class='ocrx_word' id='word_1_897' title='bbox 2915 4909 2966 4962; x_wconf 89' lang='lat' dir='ltr'><strong>in</strong></span> <span class='ocrx_word' id='word_1_898' title='bbox 3000 4908 3136 4976; x_wconf 66' lang='lat' dir='ltr'><strong>psal.</strong></span> <span class='ocrx_word' id='word_1_899' title='bbox 3175 4894 3311 4963; x_wconf 43' lang='lat' dir='ltr'><strong>Etsi&quot;</strong></span> <span class='ocrx_word' id='word_1_900' title='bbox 3334 4894 3483 4960; x_wconf 64' lang='lat' dir='ltr'><strong>Isaiae</strong></span> <span class='ocrx_word' id='word_1_901' title='bbox 3513 4894 3759 4978; x_wconf 73' lang='lat' dir='ltr'><strong>XXXVIII</strong></span> 
     </span>
    </p>
   </div>
   <div class='ocr_carea' id='block_1_113' title="bbox 2171 4977 3755 5103">
    <p class='ocr_par' dir='ltr' id='par_1_113' title="bbox 2171 4977 3755 5103">
     <span class='ocr_line' id='line_1_116' title="bbox 2171 4977 3755 5103; baseline -0.005 -68"><span class='ocrx_word' id='word_1_902' title='bbox 2171 4977 2429 5052; x_wconf 73' lang='grc' dir='ltr'><strong>εει-ἰιιιιιιιι</strong></span> <span class='ocrx_word' id='word_1_903' title='bbox 2488 4982 2740 5051; x_wconf 80' lang='lat' dir='ltr'><strong>legatur:</strong></span> <span class='ocrx_word' id='word_1_904' title='bbox 2792 4977 3052 5050; x_wconf 83' lang='lat' dir='ltr'><strong>Corripies</strong></span> <span class='ocrx_word' id='word_1_905' title='bbox 3109 4996 3189 5034; x_wconf 87' lang='lat' dir='ltr'><strong>me</strong></span> <span class='ocrx_word' id='word_1_906' title='bbox 3246 4989 3293 5034; x_wconf 84' lang='lat' dir='ltr'><strong>et</strong></span> <span class='ocrx_word' id='word_1_907' title='bbox 3341 4977 3619 5103; x_wconf 48' lang='lat' dir='ltr'><strong>vivificalbis</strong></span> <span class='ocrx_word' id='word_1_908' title='bbox 3668 4986 3755 5027; x_wconf 79' lang='lat' dir='ltr'><strong>me.</strong></span> 
     </span>
     <span class='ocr_line' id='line_1_117' title="bbox 3470 5062 3626 5103; baseline -0.019 0"><span class='ocrx_word' id='word_1_909' title='bbox 3470 5065 3500 5103; x_wconf 76' lang='grc' dir='ltr'>ε</span> <span class='ocrx_word' id='word_1_910' title='bbox 3574 5062 3626 5101; x_wconf 85' lang='lat' dir='ltr'><strong>n.</strong></span> 
     </span>
    </p>
   </div>
   <div class='ocr_carea' id='block_1_114' title="bbox 3470 5062 3626 5103">
    <p class='ocr_par' dir='ltr' id='par_1_114' title="bbox 3470 5062 3626 5103">
     <span class='ocr_line' id='line_1_118' title="bbox 3470 5062 3626 5103; baseline -0.019 0"><span class='ocrx_word' id='word_1_911' title='bbox 3470 5065 3500 5103; x_wconf 78' lang='grc' dir='ltr'>Ε</span> <span class='ocrx_word' id='word_1_912' title='bbox 3533 5062 3626 5101; x_wconf 77' lang='lat' dir='ltr'><strong>I&#39;R.</strong></span> 
     </span>
    </p>
   </div>
   <div class='ocr_carea' id='block_1_115' title="bbox 2242 5140 3756 5215">
    <p class='ocr_par' dir='ltr' id='par_1_115' title="bbox 2242 5140 3756 5215">
     <span class='ocr_line' id='line_1_119' title="bbox 2242 5140 3756 5215; baseline -0.007 -18"><span class='ocrx_word' id='word_1_913' title='bbox 2242 5144 2397 5199; x_wconf 76' lang='lat' dir='ltr'><strong>CAP.</strong></span> <span class='ocrx_word' id='word_1_914' title='bbox 2432 5142 2625 5198; x_wconf 68' lang='lat' dir='ltr'><strong>XXIX.</strong></span> <span class='ocrx_word' id='word_1_915' title='bbox 2662 5174 2733 5184; x_wconf 96' lang='lat'><strong><em>—</em></strong></span> <span class='ocrx_word' id='word_1_916' title='bbox 2762 5140 2840 5215; x_wconf 92' lang='lat' dir='ltr'>(e)</span> <span class='ocrx_word' id='word_1_917' title='bbox 2891 5143 3196 5214; x_wconf 78' lang='lat' dir='ltr'><strong>Atlegorica:</strong></span> <span class='ocrx_word' id='word_1_918' title='bbox 3222 5142 3491 5211; x_wconf 82' lang='lat' dir='ltr'><strong>scriptura:</strong></span> <span class='ocrx_word' id='word_1_919' title='bbox 3530 5148 3578 5193; x_wconf 88' lang='lat' dir='ltr'><strong>et</strong></span> <span class='ocrx_word' id='word_1_920' title='bbox 3617 5147 3756 5215; x_wconf 74' lang='lat' dir='ltr'><strong>argu-</strong></span> 
     </span>
    </p>
   </div>
   <div class='ocr_carea' id='block_1_116' title="bbox 2170 5215 3749 5285">
    <p class='ocr_par' dir='ltr' id='par_1_116' title="bbox 2170 5215 3749 5285">
     <span class='ocr_line' id='line_1_120' title="bbox 2170 5215 3749 5285; baseline -0.004 -16"><span class='ocrx_word' id='word_1_921' title='bbox 2170 5225 2358 5276; x_wconf 87' lang='lat' dir='ltr'><strong>menta,</strong></span> <span class='ocrx_word' id='word_1_922' title='bbox 2375 5225 2478 5269; x_wconf 86' lang='lat' dir='ltr'><strong>etc.</strong></span> <span class='ocrx_word' id='word_1_923' title='bbox 2497 5218 2912 5285; x_wconf 63' lang='grc' dir='ltr'><strong>ἀνηκρραλοιίωσιν</strong></span> <span class='ocrx_word' id='word_1_924' title='bbox 2935 5215 3161 5269; x_wconf 89' lang='lat' dir='ltr'><strong>instituit</strong></span> <span class='ocrx_word' id='word_1_925' title='bbox 3180 5215 3628 5285; x_wconf 68' lang='lat' dir='ltr'><strong>testimoniorum,</strong></span> <span class='ocrx_word' id='word_1_926' title='bbox 3640 5220 3749 5277; x_wconf 51' lang='lat' dir='ltr'><strong>qut.</strong></span> 
     </span>
    </p>
   </div>
   <div class='ocr_carea' id='block_1_117' title="bbox 2171 5279 3646 5344">
    <p class='ocr_par' dir='ltr' id='par_1_117' title="bbox 2171 5279 3646 5344">
     <span class='ocr_line' id='line_1_121' title="bbox 2171 5279 3646 5344; baseline -0.008 -1"><span class='ocrx_word' id='word_1_927' title='bbox 2171 5288 2269 5344; x_wconf 90' lang='lat' dir='ltr'><strong>btts</strong></span> <span class='ocrx_word' id='word_1_928' title='bbox 2298 5286 2618 5341; x_wconf 87' lang='lat' dir='ltr'><strong>resurrectio</strong></span> <span class='ocrx_word' id='word_1_929' title='bbox 2646 5279 2976 5341; x_wconf 83' lang='lat' dir='ltr'><strong>mortuorum</strong></span> <span class='ocrx_word' id='word_1_930' title='bbox 2997 5285 3419 5341; x_wconf 83' lang='lat' dir='ltr'><strong>demonstratur.</strong></span> <span class='ocrx_word' id='word_1_931' title='bbox 3450 5282 3526 5337; x_wconf 77' lang='lat' dir='ltr'><strong>Le</strong></span> <span class='ocrx_word' id='word_1_932' title='bbox 3553 5279 3646 5334; x_wconf 74' lang='lat' dir='ltr'><strong>Pa.</strong></span> 
     </span>
    </p>
   </div>
   <div class='ocr_carea' id='block_1_118' title="bbox 2244 5390 3753 5474">
    <p class='ocr_par' dir='ltr' id='par_1_118' title="bbox 2244 5390 3753 5474">
     <span class='ocr_line' id='line_1_122' title="bbox 2244 5390 3753 5474; baseline -0.008 -17"><span class='ocrx_word' id='word_1_933' title='bbox 2244 5399 2307 5474; x_wconf 74' lang='grc' dir='ltr'>(ι’)</span> <span class='ocrx_word' id='word_1_934' title='bbox 2345 5400 2517 5471; x_wconf 79' lang='lat' dir='ltr'><strong>Super</strong></span> <span class='ocrx_word' id='word_1_935' title='bbox 2545 5399 2697 5474; x_wconf 84' lang='lat' dir='ltr'><strong>pedes</strong></span> <span class='ocrx_word' id='word_1_936' title='bbox 2726 5416 2845 5455; x_wconf 89' lang='lat' dir='ltr'><strong>suos</strong></span> <span class='ocrx_word' id='word_1_937' title='bbox 2876 5399 3097 5474; x_wconf 82' lang='lat' dir='ltr'><strong>valentia</strong></span> <span class='ocrx_word' id='word_1_938' title='bbox 3122 5415 3308 5474; x_wconf 74' lang='lat' dir='ltr'><strong>magna</strong></span> <span class='ocrx_word' id='word_1_939' title='bbox 3336 5398 3479 5453; x_wconf 87' lang='lat' dir='ltr'><strong>satis.</strong></span> <span class='ocrx_word' id='word_1_940' title='bbox 3514 5390 3753 5474; x_wconf 76' lang='lat' dir='ltr'><strong>Inpritno</strong></span> 
     </span>
    </p>
   </div>
   <div class='ocr_carea' id='block_1_119' title="bbox 2171 5470 3751 5535">
    <p class='ocr_par' dir='ltr' id='par_1_119' title="bbox 2171 5470 3751 5535">
     <span class='ocr_line' id='line_1_123' title="bbox 2171 5470 3751 5535; baseline -0.002 -10"><span class='ocrx_word' id='word_1_941' title='bbox 2171 5470 2295 5526; x_wconf 74' lang='lat' dir='ltr'><strong>casu</strong></span> <span class='ocrx_word' id='word_1_942' title='bbox 2324 5483 2404 5525; x_wconf 88' lang='lat' dir='ltr'><strong>est</strong></span> <span class='ocrx_word' id='word_1_943' title='bbox 2430 5488 2529 5525; x_wconf 81' lang='lat' dir='ltr'><strong>vnx</strong></span> <span class='ocrx_word' id='word_1_944' title='bbox 2566 5471 2772 5535; x_wconf 72' lang='lat' dir='ltr'><strong>isthzec,</strong></span> <span class='ocrx_word' id='word_1_945' title='bbox 2808 5487 2911 5525; x_wconf 91' lang='lat' dir='ltr'><strong>non</strong></span> <span class='ocrx_word' id='word_1_946' title='bbox 2943 5472 2992 5525; x_wconf 92' lang='lat' dir='ltr'><strong>in</strong></span> <span class='ocrx_word' id='word_1_947' title='bbox 3016 5480 3189 5526; x_wconf 87' lang='lat' dir='ltr'><strong>sexto.</strong></span> <span class='ocrx_word' id='word_1_948' title='bbox 3212 5470 3399 5524; x_wconf 71' lang='lat' dir='ltr'><strong>Crtecc</strong></span> <span class='ocrx_word' id='word_1_949' title='bbox 3423 5487 3436 5522; x_wconf 92' lang='lat'>:</span> <span class='ocrx_word' id='word_1_950' title='bbox 3459 5470 3541 5535; x_wconf 67' lang='lat' dir='ltr'><strong>ut</strong></span> <span class='ocrx_word' id='word_1_951' title='bbox 3568 5472 3751 5522; x_wconf 70' lang='grc' dir='ltr'><strong>ἐστησιν</strong></span> 
     </span>
    </p>
   </div>
   <div class='ocr_carea' id='block_1_120' title="bbox 2171 5534 3748 5617">
    <p class='ocr_par' dir='ltr' id='par_1_120' title="bbox 2171 5534 3748 5617">
     <span class='ocr_line' id='line_1_124' title="bbox 2171 5534 3748 5617; baseline 0.007 -22"><span class='ocrx_word' id='word_1_952' title='bbox 2171 5547 2249 5617; x_wconf 54' lang='grc' dir='ltr'><strong>ἐπὶ</strong></span> <span class='ocrx_word' id='word_1_953' title='bbox 2278 5562 2365 5599; x_wconf 74' lang='grc' dir='ltr'><strong>τῶν</strong></span> <span class='ocrx_word' id='word_1_954' title='bbox 2398 5547 2547 5599; x_wconf 74' lang='grc' dir='ltr'><strong>ποδῶν</strong></span> <span class='ocrx_word' id='word_1_955' title='bbox 2566 5549 2720 5602; x_wconf 70' lang='grc' dir='ltr'><strong>αὐτῶν</strong></span> <span class='ocrx_word' id='word_1_956' title='bbox 2736 5549 2819 5598; x_wconf 75' lang='grc' dir='ltr'><strong>καὶ</strong></span> <span class='ocrx_word' id='word_1_957' title='bbox 2845 5553 3086 5617; x_wconf 61' lang='grc' dir='ltr'><strong>ᾳυνιγωγῆ</strong></span> <span class='ocrx_word' id='word_1_958' title='bbox 3103 5540 3261 5598; x_wconf 70' lang='grc' dir='ltr'><strong>πολλῦ</strong></span> 
     </span>
    </p>
   </div>
   <div class='ocr_carea' id='block_1_121' title="bbox 2174 5605 3750 5685">
    <p class='ocr_par' dir='ltr' id='par_1_121' title="bbox 2174 5605 3750 5685">
     <span class='ocr_line' id='line_1_125' title="bbox 2174 5605 3750 5685; baseline 0 -16"><span class='ocrx_word' id='word_1_959' title='bbox 2174 5614 2532 5684; x_wconf 77' lang='lat' dir='ltr'><strong>Steteruntque</strong></span> <span class='ocrx_word' id='word_1_960' title='bbox 2571 5631 2724 5684; x_wconf 84' lang='lat' dir='ltr'><strong>super</strong></span> <span class='ocrx_word' id='word_1_961' title='bbox 2768 5615 2917 5683; x_wconf 71' lang='lat' dir='ltr'><strong>pedes</strong></span> <span class='ocrx_word' id='word_1_962' title='bbox 2961 5605 3080 5668; x_wconf 74' lang='lat' dir='ltr'><strong>suos</strong></span> <span class='ocrx_word' id='word_1_963' title='bbox 3106 5605 3596 5685; x_wconf 6' lang='grc' dir='ltr'><strong>μ«εαῑεηξξριε(ριοτυιιίἰες</strong></span> <span class='ocrx_word' id='word_1_964' title='bbox 3616 5605 3750 5685; x_wconf 63' lang='grc' dir='ltr'><strong>ηξιηίξ</strong></span> 
     </span>
    </p>
   </div>
   <div class='ocr_carea' id='block_1_122' title="bbox 2172 5670 3748 5755">
    <p class='ocr_par' dir='ltr' id='par_1_122' title="bbox 2172 5670 3748 5755">
     <span class='ocr_line' id='line_1_126' title="bbox 2172 5670 3748 5755; baseline -0.006 -17"><span class='ocrx_word' id='word_1_965' title='bbox 2172 5686 2343 5739; x_wconf 85' lang='lat' dir='ltr'><strong>valde.</strong></span> <span class='ocrx_word' id='word_1_966' title='bbox 2381 5670 2486 5741; x_wconf 74' lang='lat' dir='ltr'><strong>Per</strong></span> <span class='ocrx_word' id='word_1_967' title='bbox 2518 5670 2803 5740; x_wconf 66' lang='lat' dir='ltr'><strong>valentiatit</strong></span> <span class='ocrx_word' id='word_1_968' title='bbox 2835 5685 3081 5755; x_wconf 85' lang='lat' dir='ltr'><strong>intelligit</strong></span> <span class='ocrx_word' id='word_1_969' title='bbox 3102 5670 3748 5755; x_wconf 59' lang='lat' dir='ltr'><strong>’I‘ertullian&#39;itsputentiaiu</strong></span> 
     </span>
    </p>
   </div>
   <div class='ocr_carea' id='block_1_123' title="bbox 2173 5750 3748 5827">
    <p class='ocr_par' dir='ltr' id='par_1_123' title="bbox 2173 5750 3748 5827">
     <span class='ocr_line' id='line_1_127' title="bbox 2173 5750 3748 5827; baseline -0.006 -16"><span class='ocrx_word' id='word_1_970' title='bbox 2173 5772 2420 5827; x_wconf 87' lang='lat' dir='ltr'><strong>magnam</strong></span> <span class='ocrx_word' id='word_1_971' title='bbox 2453 5758 2726 5825; x_wconf 75' lang='lat' dir='ltr'><strong>coniarum</strong></span> <span class='ocrx_word' id='word_1_972' title='bbox 2763 5766 2816 5810; x_wconf 91' lang='lat' dir='ltr'><strong>et</strong></span> <span class='ocrx_word' id='word_1_973' title='bbox 2859 5750 3130 5827; x_wconf 73' lang='lat' dir='ltr'><strong>exercitus</strong></span> <span class='ocrx_word' id='word_1_974' title='bbox 3165 5752 3474 5827; x_wconf 74' lang='lat' dir='ltr'><strong>congregati</strong></span> <span class='ocrx_word' id='word_1_975' title='bbox 3497 5750 3748 5827; x_wconf 26' lang='lat' dir='ltr'><strong>ascen“?</strong></span> 
     </span>
    </p>
   </div>
   <div class='ocr_carea' id='block_1_124' title="bbox 2173 5815 3745 5900">
    <p class='ocr_par' dir='ltr' id='par_1_124' title="bbox 2173 5815 3745 5900">
     <span class='ocr_line' id='line_1_128' title="bbox 2173 5815 3745 5900; baseline -0.006 -18"><span class='ocrx_word' id='word_1_976' title='bbox 2173 5815 2573 5885; x_wconf 71' lang='lat' dir='ltr'><strong>translationem</strong></span> <span class='ocrx_word' id='word_1_977' title='bbox 2623 5829 2828 5900; x_wconf 72' lang='lat' dir='ltr'><strong>Aquilte</strong></span> <span class='ocrx_word' id='word_1_978' title='bbox 2884 5837 2939 5884; x_wconf 88' lang='lat' dir='ltr'><strong>et</strong></span> <span class='ocrx_word' id='word_1_979' title='bbox 2996 5815 3411 5900; x_wconf 54' lang='lat' dir='ltr'><strong>Theodotitinis&#39;,</strong></span> <span class='ocrx_word' id='word_1_980' title='bbox 3454 5815 3539 5896; x_wconf 81' lang='lat' dir='ltr'><strong>qui</strong></span> <span class='ocrx_word' id='word_1_981' title='bbox 3580 5815 3745 5887; x_wconf 78' lang='lat' dir='ltr'><strong>habet,</strong></span> 
     </span>
    </p>
   </div>
   <div class='ocr_carea' id='block_1_125' title="bbox 2173 5897 3156 5975">
    <p class='ocr_par' dir='ltr' id='par_1_125' title="bbox 2173 5897 3156 5975">
     <span class='ocr_line' id='line_1_129' title="bbox 2173 5897 3156 5975; baseline 0 -18"><span class='ocrx_word' id='word_1_982' title='bbox 2173 5904 2367 5972; x_wconf 68' lang='grc' dir='ltr'><strong>δύναμις</strong></span> <span class='ocrx_word' id='word_1_983' title='bbox 2394 5906 2615 5975; x_wconf 66' lang='grc' dir='ltr'><strong>μεγάλη,</strong></span> <span class='ocrx_word' id='word_1_984' title='bbox 2670 5897 2741 5959; x_wconf 80' lang='lat' dir='ltr'><strong>vis</strong></span> <span class='ocrx_word' id='word_1_985' title='bbox 2778 5915 2984 5974; x_wconf 83' lang='lat' dir='ltr'><strong>magna.</strong></span> <span class='ocrx_word' id='word_1_986' title='bbox 3030 5897 3156 5960; x_wconf 61' lang='grc' dir='ltr'><strong>[λλον</strong></span> 
     </span>
    </p>
   </div>
  </div>
