4042 6288
358 333 465 388 857

362 549 498 619 facio
522 548 758 620 sepulcra
788 554 1040 609 vestra;et
1062 542 1269 598 eae/tam
1293 555 1378 597 vos
1406 541 1468 596 de
1495 541 1743 611 sepulcris
1768 541 1963 606 uestris,

362 639 586 709 papulas
616 655 788 705 meus;
813 647 858 692 et
889 635 1130 691 inducant
1158 650 1246 688 vos
1267 635 1320 687 in
1342 643 1528 687 terram
1556 631 1721 689 Israel
1737 649 1755 694 .°
1786 643 1833 686 et
1873 649 1963 691 co-

362 731 616 800 gnoscetis
661 730 800 803 quod
853 745 943 801 ego
989 726 1240 782 Dominus
1285 731 1569 796 aperuerint
1618 728 1700 795 (i)
1733 727 1967 797 sepulcra

362 833 566 888 uestra,
611 833 658 879 et
706 824 969 878 eduxerim
1013 838 1098 876 vos
1124 821 1187 874 de
1214 821 1464 892 sepulcris
1510 820 1716 886 vestris,
1749 821 1966 889 populus

362 932 537 982 mens;
570 926 616 970 et
646 915 778 969 dabo
807 914 944 970 vobis
981 914 1063 984 (‘2)
1087 912 1343 985 spiritmn,
1368 922 1414 967 et
1436 912 1626 974 vivatis,
1675 922 1721 966 et
1750 914 1971 983 requies~

1362 330 1567 387 LIBER
1625 331 1714 388 DE
1753 327 2330 389 RESDRRECTIONE
2367 331 2635 390 CARNIS.

361 471 475 510 mus
498 452 554 510 in
576 455 664 510 eis.
699 453 986 525 PrOpterea
1005 448 1254 523 praplteta
1280 446 1349 501 nd
1378 464 1461 503 eos
1491 463 1508 501 :
1535 446 1668 502 Ecce
1697 463 1788 521 ego
1811 457 1953 519 pate-
1985 448 2035 506 A
2063 446 2166 502 sibi
2217 463 2324 518 quo
2392 448 2483 504 alii
2548 446 2914 519 conﬁgeretur
2966 465 2980 502 :

3561 334 3667 395 858

3038 449 3107 505 de
3150 464 3320 506 vacuo
3369 443 3722 575 similitudoi

3049 560 3073 575 η
3122 556 3226 575 “nn
3279 545 3523 575 ηηηιηιηῖο
3592 544 3665 575 lla

2069 554 2174 594 non
2200 542 2490 612 competit;
2532 541 2601 597 de
2632 542 2779 597 nullo
2820 542 3075 612 parabola
3122 556 3226 599 non
3279 545 3547 599 convenit.
3590 544 3667 598 Ita

2068 635 2340 703 oportebit
2380 637 2583 692 ossium
2628 651 2845 707 quoque
2895 636 3041 691 credi
3098 639 3564 693 revisccrationem
3613 644 3670 692 et
3702 646 3757 658 “

2069 727 2480 797 respirationem
2511 727 2686 797 qualis
2739 728 2956 795 dicitur,
2980 729 3046 784 de
3068 745 3169 798 qua
3228 732 3398 800 possit
3438 728 3667 800 exprimi

2069 818 2412 877 Judaicarum
2444 836 2625 876 rerum
2658 820 2973 877 reformatio
2998 822 3173 893 qualis
3225 822 3508 892 attingitur.
3559 822 3668 879 Sed

2072 911 2241 982 magis
2274 913 2583 982 religiosum
2622 923 2739 979 est,
2783 914 3061 968 veritatem
3103 913 3169 969 de
3208 929 3319 969 sua:
3354 916 3670 972 auctoritate

360 1006 489 1060 cetis
536 1008 585 1061 in
639 1015 776 1061 terra
820 1016 1015 1071 vestra,
1059 1014 1104 1059 et
1135 1006 1447 1075 cognoscetis
1486 1004 1623 1073 quod
1660 1019 1752 1075 ego
1785 1003 1965 1058 Domi-
2060 1001 2148 1075 (9)
2176 1004 2532 1073 simplicitatis
2580 1002 2819 1071 defendi,
2878 1020 3039 1075 quam
3101 1020 3292 1061 sensus
3323 1006 3516 1060 divinae
3546 1021 3670 1076 pro-

364 1117 463 1155 nus
496 1100 696 1156 locutus
720 1100 817 1155 sim
840 1108 886 1155 et
911 1099 1146 1170 fecerim,
1172 1097 1292 1151 dicit
1320 1097 1591 1153 Dominus.

939 1190 1167 1247 quem
1208 1189 1379 1246 xxx.
1651 1256 1658 1263 _

444 1284 592 1341 llanc
639 1288 851 1357 quoque
901 1284 1339 1355 przedicationem
1371 1282 1484 1337 scio
1511 1283 1740 1354 qualiter
1765 1297 1966 1338 concu-

371 1380 506 1433 tiant
538 1379 588 1432 in
621 1378 893 1449 allegoria:
939 1377 1462 1448 argumentationem
1494 1416 1506 1428 .
1542 1376 1665 1447 quia
1718 1375 1968 1442 dicendo,

373 1469 508 1525 Ossa
533 1469 633 1524 ista
673 1469 838 1524 omnis
879 1469 1061 1525 domus
1109 1466 1278 1522 Israel
1325 1477 1396 1522 est
1443 1464 1541 1539 (ὅ),
1574 1469 1855 1538 imaginem
1908 1481 1971 1521 ea

366 1559 560 1617 fecerit
615 1559 691 1633 (tt)
722 1560 888 1617 Israel
939 1559 1021 1634 (4)
1095 1571 1149 1616 et
1381 1558 1597 1630 prOpria
1664 1558 1974 1614 eanditione

373 1652 742 1719 transtulerit;
794 1663 960 1724 atque
1001 1655 1072 1707 ita
1120 1653 1402 1724 figuratam
1449 1667 1603 1718 esse,
1653 1668 1758 1706 rion
1793 1667 1972 1706 veram

375 1746 783 1802 resurrectionis
827 1746 1280 1817 praedicationem.
1321 1748 1523 1800 Statum
1572 1746 1713 1799 enim
1763 1744 1975 1800 Judaeu-

2074 1095 2350 1165 positionis
2377 1095 2709 1165 expostulat.
2757 1096 2811 1151 Si
2843 1097 2987 1151 enim
3015 1095 3080 1150 ad
3108 1111 3195 1151 res
3239 1096 3489 1152 Judaicas
3517 1112 3671 1167 spec-

2075 1198 2213 1244 taret
2240 1187 2354 1242 hoec
2382 1188 2537 1254 visio,
2566 1190 2746 1242 statim
2781 1190 3018 1244 revelato
3063 1194 3169 1244 situ
3201 1191 3440 1256 ossium,
3490 1191 3670 1261 subje-

2073 1281 2254 1347 cisset,
2294 1279 2424 1335 Ossa
2461 1272 2581 1339 ista.
2610 1281 2773 1334 omnis
2813 1281 2993 1335 domus
3020 1278 3233 1335 Israelis
3259 1292 3367 1347 est;
3391 1290 3448 1336 et
3475 1291 3671 1338 cmtera

2074 1374 2348 1445 deinceps.
2393 1373 2465 1428 At
2503 1389 2624 1427 cum
2669 1373 2902 1428 ostensis
2943 1373 3191 1440 ossibus,
3221 1373 3289 1429 de
3316 1375 3528 1444 propria
3574 1388 3672 1444 Spe

2074 1484 2261 1523 eorum
2290 1467 2416 1537 quid
2459 1465 2575 1539 (-IO)
2605 1467 2934 1536 obloquitur,
2985 1466 3221 1521 nondum
3277 1470 3552 1522 nominato
3589 1467 3671 1523 ls-

2076 1560 2243 1625 raele,
2276 1571 2331 1614 et
2374 1560 2531 1614 ﬁdem
2587 1567 2756 1613 tentat
2806 1559 3111 1628 prophetae:
3162 1557 3271 1613 Fili
3324 1560 3580 1627 hominis,
3628 1560 3676 1614 si

2075 1656 2237 1711 vivent
2265 1670 2379 1708 ossa
2400 1655 2506 1707 inec
2536 1650 2654 1724 (Η)
2680 1653 2702 1705 ?
2726 1660 2857 1707 utet
2880 1653 2967 1707 ille
2995 1653 3381 1721 res-penderet;
3435 1651 3670 1720 Domine,

2078 1758 2131 1801 tu
2156 1747 2291 1809 scis;
2335 1740 2441 1800 non
2478 1746 2659 1814 utique
2691 1745 2829 1799 Deus
2858 1745 3129 1814 propheta:
3176 1744 3333 1799 ﬁdem
3384 1744 3450 1800 de
3503 1760 3565 1800 ea
3613 1759 3675 1800 re

372 1855 495 1894 rum
518 1839 1078 1910 delorniari,quodam
1108 1839 1271 1894 modo
1289 1848 1590 1893 emortuum
1617 1848 1669 1892 et
1689 1837 1963 1892 exaridmu
1996 1847 2043 1905 Β
2073 1846 2351 1900 tentasset,
2384 1852 2504 1907 qua:
2530 1835 2706 1890 futura
2740 1851 2845 1889 non
2875 1844 3042 1901 esset,
3085 1852 3244 1906 quam
3279 1852 3548 1907 nunquam
3592 1835 3670 1893 ls-

371 1941 429 1986 οι
475 1930 773 2002 dispersum
821 1931 873 1986 in
918 1946 1110 2002 campo
1152 1930 1317 1986 orbis.
1361 1930 1545 2000 Itaque
1591 1940 1643 1983 et
1683 1929 1967 2000 imaginem

375 2023 789 2079 resurrectionis
840 2023 891 2078 in
944 2023 1087 2077 illum
1140 2023 1508 2093 allegorizari,
1565 2022 1686 2094 quia
1734 2021 1970 2091 reColligi

373 2115 569 2171 haheat
594 2126 647 2172 et
676 2117 1004 2187 reiowpingi
1050 2131 1111 2170 os
1133 2117 1199 2171 ad
1230 2133 1312 2185 os,
1343 2116 1392 2170 id
1420 2124 1519 2181 est,
1558 2116 1725 2170 trihus
1769 2115 1834 2170 ad
1872 2115 1968 2170 tri~

296 2234 350 2247 --
372 2209 500 2263 hum
522 2250 536 2274 ,
570 2219 622 2263 et
649 2209 876 2279 populus
904 2210 969 2263 ad
996 2210 1245 2279 pepulum
1268 2251 1283 2276 ,
1335 2218 1391 2263 et
1437 2209 1769 2278 recorporari
1798 2210 1974 2263 carni-

376 2300 477 2355 hus
541 2300 848 2356 facultatum
906 2300 986 2373 (6)
1039 2312 1094 2355 et
1147 2300 1327 2355 nervis
1384 2300 1562 2369 regni;
1607 2309 1766 2369 atque
1808 2300 1878 2354 ita
1906 2300 1974 2355 de

378 2393 633 2464 Sepnleri,
663 2393 714 2447 id
744 2404 848 2456 est,
883 2393 951 2447 de
978 2392 1296 2447 habitaculis
1314 2391 1974 2460 captivitatistristissimis

372 2495 535 2554 atque
589 2485 878 2541 teterrimis
922 2486 1109 2548 educi,
1137 2496 1191 2540 et
1220 2485 1484 2555 refrigerii
1533 2484 1750 2543 nomine
1799 2484 1973 2553 respi-

374 2595 516 2644 rare,
544 2587 598 2632 ct
632 2579 812 2635 vivere
849 2579 1047 2635 exinde
1092 2580 1143 2633 in
1189 2589 1329 2633 terra
1381 2592 1473 2632 sua
1505 2576 1708 2632 Juduea.
1753 2578 1819 2632 Et
1847 2577 1974 2647 quid

377 2680 499 2740 post
525 2669 684 2727 haec?
711 2650 1005 2726 Moriemur
1033 2671 1149 2726 sine
1174 2671 1355 2726 dubio.
1404 2670 1471 2724 lit
1498 2669 1625 2738 quid
1670 2680 1791 2741 post
1817 2686 1983 2755 mor:

378 2763 521 2816 tem?
542 2762 714 2831 Nulla,
734 2765 946 2830 o,»inor,
974 2764 1332 2831 resuscitatio,
1362 2764 1404 2817 si
1436 2780 1543 2818 non
1568 2763 1683 2821 haec
1707 2765 1811 2819 erit
1840 2765 1972 2833 ipsa,

375 2870 497 2924 qua:
530 2854 799 2911 Ezechieli
829 2856 1122 2911 reveletur.
1165 2856 1268 2911 Sed
1290 2856 1433 2912 enim
1463 2866 1517 2911 et
1541 2856 1672 2910 alias
1713 2855 1942 2925 prtediea
1962 2886 1975 2897 -

380 2955 466 3001 tur
510 2948 832 3004 resurrectio
878 2966 891 3001 :
965 2963 1094 3020 ergo
1147 2960 1202 3005 et
1257 2946 1338 3020 (7)
1390 2948 1504 3003 hanc
1553 2949 1689 3014 erit,
1759 2958 1816 3004 et
1893 2959 1970 3004 te-

389 3051 537 3091 mere
566 3037 618 3091 in
642 3046 841 3092 statum
881 3054 998 3094 eam
1039 3038 1381 3096 Judaiearum
1411 3054 1592 3093 rerum
1635 3048 1975 3094 convertunt.

383 3133 491 3183 Aut
518 3130 560 3183 si
588 3130 687 3184 alia
716 3140 798 3185 est
844 3129 934 3184 illa
978 3146 1136 3199 quam
1168 3130 1524 3195 defendimus,
1552 3131 1681 3185 nihil
1729 3146 1846 3186 mea
1901 3132 1981 3187 in-

2076 1931 2184 1985 rael
2231 1929 2682 1997 andisset,rpiam
2730 1926 2878 1983 credi
2913 1942 3017 1981 non
3069 1939 3361 1996 Oporteret.
3405 1929 3511 1984 Sed
3538 1943 3675 1999 quo-

2078 2023 2218 2077 niam
2246 2022 2637 2091 praedicabatur
2685 2021 2902 2091 quidem
2948 2025 3274 2078 resurrectio
3306 2034 3672 2089 mortuormn,

2079 2114 2240 2169 Israel
2276 2131 2401 2169 vero
2433 2129 2532 2183 pro
2554 2128 2653 2168 sua
2685 2112 3060 2168 incredulitate
3091 2113 3379 2180 dissidens,
3411 2113 3679 2190 scandali-
3719 2143 3791 2189 τι,

2078 2209 2330 2269 zabatur;
2360 2216 2416 2262 et
2440 2206 2707 2276 aSpiciens
2735 2206 2815 2277 (ιι)
2848 2205 3094 2261 habitum
3136 2209 3469 2263 senescentis
3497 2211 3681 2278 sepulo

2080 2309 2245 2361 turre,
2294 2298 2616 2368 desirerabat
2658 2299 3147 2364 resurrectionem;
3187 2299 3271 2354 vel
3301 2315 3407 2355 non
3455 2302 3507 2357 in
3557 2317 3676 2356 eam

2081 2393 2255 2462 potius
2274 2392 2513 2445 animum
2542 2390 2827 2461 dirigebat,
2856 2390 2950 2446 sed
2973 2393 3024 2445 in
3052 2391 3483 2449 circumstantias
3514 2410 3670 2464 suas;

2080 2484 2281 2541 ideirco
2312 2486 2469 2547 Deus,
2502 2494 2556 2539 et
2601 2484 2939 2554 prophetam,
2985 2488 3135 2556 quasi
3165 2485 3281 2559 (12)
3309 2497 3363 2543 et
3394 2489 3564 2558 ipsum
3587 2489 3681 2544 du-

2079 2578 2247 2638 bium.
2273 2580 2582 2648 praestruxit
2604 2576 2670 2632 ad
2693 2578 3051 2632 constantiam
3076 2580 3495 2648 prtedicationis,
3527 2597 3682 2637 reve—
3740 2596 3745 2609 '

2082 2670 2189 2725 lato
2217 2671 2406 2725 ordine
2435 2671 2883 2736 resurrectionis;
2923 2680 2978 2726 et
3019 2673 3216 2742 populo
3260 2672 3312 2727 id
3353 2675 3682 2731 credendum

2079 2762 2370 2827 mandavit,
2399 2762 2542 2832 quod
2566 2762 2838 2832 propheta:
2865 2764 3326 2834 revelavit,6psos
3350 2766 3538 2820 dicens
3562 2782 3683 2822 esse

2081 2868 2202 2909 ossa
2226 2870 2345 2923 quae
2386 2865 2539 2909 erant
2587 2864 2974 2912 resurrectura.
3005 2857 3093 2925 qui
3126 2871 3240 2911 non
3269 2857 3559 2913 credebant
3595 2873 3683 2915 re-

2084 2957 2413 3003 surrectura.
2445 2946 2683 3017 Denique
2699 2946 2754 3001 in
2772 2948 3007 3002 clausula
3035 2966 3047 3001 :
3068 2958 3117 3001 et
3133 2951 3465 3020 cognoscetis,
3490 2950 3681 3020 inquit,

2081 3042 2217 3112 quod
2241 3057 2332 3111 ego
2361 3040 2610 3095 Dominus
2640 3040 2837 3094 locutus
2883 3042 2999 3107 sim,
3046 3052 3091 3096 et
3148 3043 3388 3113 fecerim;
3419 3043 3466 3097 id
3499 3045 3685 3115 utique

2083 3134 2342 3197 facturus,
2385 3132 2526 3202 quod
2556 3130 2730 3187 fuerat
2755 3133 2990 3199 loeutus;
3019 3143 3273 3189 cancrum
3315 3151 3419 3191 non
3444 3136 3493 3190 id
3519 3135 3688 3192 factu-

380 3231 569 3286 terest.
599 3227 725 3279 dum
756 3224 825 3280 sit
851 3235 906 3281 et
945 3240 1234 3296 corporum
1272 3226 1618 3288 resurrecﬁo,
1647 3225 1783 3278 sicut
1810 3233 1866 3280 et
1895 3241 1977 3281 re-
2005 3241 2049 3304 ρ
2083 3242 2174 3281 rus
2199 3225 2340 3296 quod
2369 3224 2601 3292 locutus,
2635 3225 2679 3279 si
2705 3225 2860 3280 aliter
2885 3225 3139 3281 facturus.

386 3335 501 3373 rum
542 3316 907 3374 Iudaicarum.
942 3319 1200 3390 Denique,
1258 3318 1360 3373 hoc
1396 3319 1511 3389 ipso
1555 3318 1695 3389 quod
1727 3318 1986 3374 recidiva-

384 3419 470 3463 tus
496 3408 706 3465 Judaici
730 3420 902 3465 status
926 3409 993 3465 de
1020 3409 1096 3483 (b)
1125 3410 1565 3480 recorporatione
1592 3418 1649 3464 et
1676 3410 1981 3465 redanima-

312 3500 527 3558 “tione
576 3499 655 3575 (8)
709 3503 910 3558 ossium
955 3502 1234 3574 ﬁguratur,
1291 3502 1341 3557 id
1386 3518 1601 3575 quoque
1665 3512 1981 3560 eventurum

381 3594 597 3649 ossibus
655 3595 936 3666 probatur.
962 3595 1077 3651 Non
1099 3596 1246 3652 enim
1273 3604 1456 3667 posset
1479 3596 1546 3651 de
1567 3596 1714 3652 ossib
1730 3612 1790 3652 us
1814 3595 1981 3668 ﬁgura

381 3686 658 3757 Componi,
687 3687 731 3742 si
762 3702 867 3743 non
898 3687 1128 3759 idipsum
1160 3697 1212 3745 et
1229 3688 1441 3745 ossilms
1463 3701 1784 3745 eventurmn
1818 3699 1980 3745 esset.

276 3786 344 3855 νς
382 3776 461 3852 (c)
489 3776 620 3833 Nam
650 3779 750 3835 etsi
790 3778 1104 3852 ﬁgmentum
1133 3781 1367 3837 veritatis
1392 3782 1443 3835 iu
1465 3781 1694 3855 imagine
1716 3790 1821 3848 est,
1855 3783 1987 3836 ima-

382 3786 461 3852 (c)
489 3786 620 3833 Nam
650 3786 750 3835 etsi
790 3786 1104 3852 ﬁgmentum
1133 3786 1367 3837 veritatis
1392 3786 1443 3835 iu
1465 3786 1694 3855 imagine
1716 3790 1821 3848 est,
1855 3786 1987 3836 ima-

311 3786 346 3950 ἶ
384 3885 456 3942 go
487 3871 601 3942 ipsa
628 3870 681 3926 in
714 3873 940 3927 veritate
962 3881 1046 3927 est
1097 3872 1209 3937 sui;
1271 3888 1494 3929 necesse
1531 3884 1613 3929 est
1666 3889 1788 3930 esse
1840 3875 1989 3945 prius

2650 3315 2878 3371 CAPUT
2918 3316 3106 3372 XXXI.

2160 3408 2323 3462 Plane
2350 3407 2393 3461 si
2419 3416 2471 3462 et
2498 3407 2728 3478 populus
2759 3409 3048 3479 allegorice
3075 3412 3387 3468 mussitaret
3422 3428 3545 3469 ossa
3590 3429 3686 3473 sua

2085 3500 2354 3567 arefacta,
2402 3510 2457 3555 et
2493 3516 2644 3570 Spem
2687 3517 2840 3556 suam
2885 3503 3147 3573 perditam
3195 3508 3547 3585 dispersionis
3575 3512 3691 3566 exi-

2087 3603 2144 3648 tu
2172 3591 2288 3666 (15)
2321 3593 2599 3663 querulus,
2662 3595 2858 3649 merito
2904 3595 3177 3652 videretur
3203 3599 3319 3671 (M)
3363 3611 3418 3657 et
3447 3604 3585 3658 Deus
3615 3600 3690 3677 (ε)

2064 3686 2369 3759 ﬁguratam
2406 3687 2835 3761 desperationem
2860 3687 3083 3765 ﬁgurata
3122 3694 3477 3765 promissione
3499 3710 3695 3769 ςρῃξρς
3744 3726 3769 3769 ,ι

2288 3778 2357 3851 (Ῑ)
2407 3779 2515 3835 Sed
2541 3796 2663 3835 cum
2690 3780 3043 3851 dispersionis
3084 3785 3299 3853 quidem
3339 3786 3531 3856 injuria
3561 3806 3694 3844 tton-

2054 3843 2249 3861 ᾖ

2093 3871 2219 3927 dum
2254 3872 2448 3943 pepulo
2476 3873 2781 3941 accidisset,
2810 3877 3220 3933 resurrectionis
3242 3894 3370 3936 vero
3404 3896 3528 3952 spes
3554 3882 3695 3953 apud

1583 3985 1875 4042 LECTION
1883 3986 1964 4044 ES
2006 3982 2415 4042 VARIANTES.

451 4095 524 4170 lt)
558 4097 744 4170 ᾼῐδθνυί
760 4096 913 4170 1.?!th-

450 4161 526 4226 (2)
561 4161 618 4226 hi
642 4175 728 4226 vos
746 4161 849 4226 atii.

450 4219 527 4287 (ὃ)
560 4222 647 4287 Est
670 4223 841 4287 Israel,
862 4224 910 4287 in
934 4219 1258 4287 altenISentl.
1286 4222 1441 4287 Israel
1468 4232 1566 4286 est,
1592 4223 1640 4272 in
1661 4226 1804 4274 Pam.

563 4283 1136 4364 ξξζξερὶὶιξεηιέξζει-λειω
1157 4285 1267 4337 cod.
1292 4282 1427 4336 Pith.

1056 4408 1205 4462 Itlwn.
1232 4409 1376 4460 Sernl.

2094 4094 2491 4209 ωᾶεξωξὲτίωιε
2515 4095 2669 4150 then.
2698 4096 2847 4151 Seml.
2874 4101 2938 4152 de
2962 4116 3050 4155 sua
3076 4106 3369 4214 auctoritate
3395 4113 3450 4159 et
3469 4108 3701 4175 simplici-

2158 4219 2260 4342 $10)
2296 4222 2386 4280 Qui
2414 4222 2564 4272 Fran.

2186 4284 2263 4342 11)
2302 4285 2418 4333 litee
2436 4283 2564 4336 abe:t

2186 4284 2263 4346 11)
2302 4285 2418 4333 Haec
2436 4283 2566 4336 abe:t
2589 4299 2621 4335 a
2641 4284 2794 4338 Rhen.
2821 4287 2975 4342 Seml.

2190 4345 2262 4405 t2)
2300 4350 2404 4405 Qua
2427 4345 2538 4405 Itig.
2571 4350 2693 4400 Ven.

2160 4346 2265 4536 ξιξ)
2300 4346 2538 4419 Qualiig.
2571 4350 2693 4400 Ven.

2188 4410 2244 4456 lo
2302 4410 2522 4458 Lxcrtunt
2549 4408 2701 4463 Rhea.
2725 4408 2875 4463 Seml.

2193 4470 2266 4535 14)
2302 4470 2511 4521 Videtur
2527 4470 2633 4523 alii.

2193 4470 2266 4535 14)
2302 4470 2511 4521 Videtur
2527 4470 2633 4523 alii.

476 4471 529 4538 7)
560 4473 660 4538 Aut
680 4474 715 4522 ,1
721 4486 803 4524 un.

476 4474 529 4538 7)
560 4474 660 4523 Aut
680 4474 803 4524 Jun.

453 4474 528 4602 28)
562 4534 936 4587 Readunatione
970 4537 1125 4587 Fran.
1152 4534 1526 4586 readuntatione
1564 4537 1707 4585 Pam.
1750 4536 1992 4587 mendose.
2020 4517 2073 4577 D

1765 4618 2326 4678 COMMENTARIUS.

464 4732 620 4807 CAP.
653 4733 822 4807 XXX.
847 4764 916 4776 —
936 4731 1012 4807 (ει)
1055 4731 1334 4807 Imaginem
1358 4750 1419 4807 ea
1448 4733 1621 4807 fecerit
1650 4730 1834 4807 Israel.
1887 4733 1987 4791 Lo-

387 4822 490 4863 cus
517 4805 587 4861 de
606 4822 711 4875 quo
737 4806 822 4860 hic
845 4804 1071 4877 quaestio
1100 4820 1220 4859 meo
1241 4805 1442 4874 judicio
1466 4820 1495 4858 a
1530 4804 1860 4858 Tertulliauo
1891 4821 1985 4873 0p-

389 4879 527 4933 limc
547 4877 612 4932 de
643 4876 1042 4934 resurreCtione
1070 4888 1402 4930 nummorum
1450 4876 1747 4946 explicatur
1767 4891 1796 4940 ;.
1818 4891 1989 4944 neque

391 4949 541 5004 enim
585 4964 646 5002 ea
697 4946 825 5003 mihi
855 4948 1136 5001 allulieseit
1176 4949 1545 5017 interpretatio
1592 4962 1751 5016 quam
1794 4948 1990 5001 refellit

392 5020 621 5082 Auctor,
651 5033 876 5088 qmeque
894 5021 1252 5073 recentiorum
1297 5029 1380 5073 est
1427 5018 1535 5071 fere
1576 5020 1834 5088 omnium.
1866 5018 1987 5072 Pari

394 5090 609 5147 ratione
643 5091 701 5145 Β.
742 5086 1098 5161 Hieronymus
1142 5090 1193 5143 in
1233 5106 1349 5160 cap.
1407 5087 1652 5144 XXXVII
1693 5089 1988 5143 Ezechielis

395 5172 734 5217 mortuorum
766 5162 1212 5217 resurrectionem
1242 5164 1469 5227 evincit,
1508 5168 1574 5214 e'o
1609 5162 1749 5228 quod
1785 5170 1988 5214 l'Crl-tll'

398 5232 543 5288 ratio
568 5230 775 5288 Judaici
810 5233 987 5302 pepuli
1023 5231 1387 5302 promittatur.
1420 5233 1776 5300 fulciaturque
1805 5248 1990 5285 resur-

398 5303 662 5370 rectione,
688 5321 805 5374 qua:
831 5306 872 5359 si
898 5319 1005 5358 non
1029 5314 1195 5368 esset,
1224 5318 1355 5356 vana
1388 5313 1532 5357 esset
1567 5304 1886 5372 promissio;
1926 5304 1994 5357 de

396 5374 567 5429 rebus
589 5376 731 5430 enim
782 5391 885 5429 non
932 5376 1291 5445 exstantibus,
1322 5374 1502 5428 nullus
1544 5375 1676 5428 certi
1704 5374 1992 5445 quidquam

399 5456 581 5516 potest
605 5448 848 5511 probare.
882 5446 1013 5502 Vide
1033 5450 1227 5501 locum.
1271 5443 1346 5499 LE
1378 5445 1471 5498 Pu.

475 5515 555 5590 (in)
589 5517 1082 5590 llecorporationeet
1109 5517 1530 5590 redanimntione.
1552 5514 1647 5590 Est
1668 5520 1990 5590 annexus“;

396 5587 544 5659 male
594 5587 900 5659 eurrigunt,
949 5589 1039 5659 qui
1090 5588 1457 5648 reatlnnatione
1492 5588 1753 5659 scribunt.
1789 5587 1866 5640 LE
1896 5587 1993 5640 Pu.

477 5657 550 5732 (ο)
586 5659 726 5715 Nam
744 5657 795 5713 et
820 5662 863 5714 si
894 5657 1189 5731 ﬁgmentum
1238 5659 1481 5732 veritatis.
1537 5658 1852 5732 Exemplum
1904 5674 1998 5712 seu

401 5729 582 5803 potius
615 5729 1009 5803 metaphoram,
1038 5741 1132 5787 aut
1161 5729 1588 5803 similitudinem,
1620 5730 1727 5783 vult
1757 5731 1999 5803 innuere,

400 5800 630 5877 quised
684 5800 985 5877 tingendam
1037 5818 1133 5866 seu
1181 5800 1671 5877 repraesentandam
1722 5800 2004 5860 veritatem

402 5871 712 5938 adhibetur.
738 5871 817 5934 Ls
844 5873 940 5935 Ps.

2173 4733 2251 4807 (d)
2293 4734 2532 4815 [lubitum
2556 4740 2859 4796 senescentis
2888 4746 3186 4815 sepulturas.
3233 4749 3464 4808 Venuste
3503 4752 3701 4810 dictum

2098 4822 2194 4894 pro
2211 4820 2410 4894 seruet
2443 4808 2693 4862 diuturna
2720 4827 2867 4894 mora
2895 4808 3206 4885 sepultum,
3225 4820 3362 4875 sicut
3390 4835 3441 4877 et
3469 4827 3554 4894 qui
3581 4808 3704 4880 diu?

2101 4887 2253 4964 turnia
2304 4889 2357 4931 et
2401 4880 2643 4964 lanngaiva
2669 4894 2791 4935 sunt
2824 4880 3305 4964 vitia-senescunt;
3338 4895 3413 4947 sic
3440 4880 3554 4964 cap.
3590 4897 3700 4953 52:

2100 4949 2549 5038 .Qnanrcapulum,
2573 4967 2744 5038 quam.
2756 4957 3074 5035 sepulcrum,
3104 4976 3256 5029 quam
3284 4949 3481 5019 senium
3506 4949 3704 5038 requie:-

2096 5030 2206 5098 tw,__
2222 5022 2671 5098 ql-fluf-[t’§fltt(lil@
2691 5024 2915 5098 alicujus
2940 5022 3234 5098 sepulturte.
3270 5033 3403 5090 Lac.

2168 5092 2325 5179 ῼΑΡἶ
2349 5091 2723 5179 ΧΧΧΙτγ-χῳ)
2752 5091 3054 5179 Figuratum
3088 5102 3511 5171 desperationem.
3547 5106 3707 5179 Figu-

2100 5172 2215 5235 rata
2243 5167 2383 5216 enim
2417 5167 2672 5235 partemin
2726 5167 3063 5235 explicabunt
3100 5167 3248 5227 suam
3283 5189 3577 5232 extremam
3608 5167 3702 5233 ca-

2098 5233 2427 5321 l'amitaten't,
2481 5234 2755 5287 dicentes:
2791 5233 3043 5321 {trucrnnt
3095 5259 3209 5297 ossa
3262 5259 3476 5314 nostra;
3506 5266 3704 5321 eosque

2103 5306 2241 5359 Dens
2283 5305 2467 5378 eodem
2504 5314 2691 5359 tenore
2732 5307 2937 5361 solatur
2970 5313 3218 5368 vaticiuio
3264 5318 3358 5372 illo
3399 5305 3470 5375 et.
3500 5305 3705 5378 visione

2099 5378 2299 5429 Oesinm
2333 5375 2626 5429 aridorum.
2664 5377 2793 5431 an.
3012 5436 3017 5441 1

2172 5447 2237 5518 (Γ)
2279 5446 2384 5500 Sed
2408 5462 2518 5525 cum
2556 5447 2886 5517 dispersionis
2911 5451 3114 5519 quidem
3144 5455 3351 5525 injuria,
3386 5471 3491 5515 etc.
3537 5463 3702 5519 Vide-

2099 5525 2183 5570 tur
2213 5525 2425 5588 putasse
2479 5520 2680 5572 Aactor
2707 5529 2830 5573 ante
2859 5520 3217 5578 calamitatem
3251 5520 3393 5582 illam
3431 5533 3703 5588 Ιεινειιιιιιῦιτί

2108 5588 2300 5669 populi
2316 5587 2551 5671 edidisse
2582 5589 2988 5671 hoe‘oraeulum
3032 5593 3368 5671 Eztechielem
3394 5617 3407 5663 ;
3439 5604 3580 5671 quod
3610 5587 3707 5657 ιιιιέ

2105 5658 2483 5744 smus-idetur,
2516 5676 2644 5744 crum.
2667 5661 2971 5718 Ezechielis
3021 5666 3298 5744 prophetia
3328 5658 3535 5744 uidisset
3588 5686 3705 5744 post

2108 5732 2502 5813 captivita‘lenr.
2543 5731 2645 5787 Sed
2693 5745 2873 5813 potest
2917 5731 3551 5813 accipi"fl‘crtulhanus,
3588 5731 3703 5800 'non

2110 5801 2253 5880 quod
2282 5801 2510 5880 voluerit
2560 5801 2780 5880 omnino
2824 5815 2948 5862 ante
2976 5801 3377 5880 captivitatem,
3433 5801 3549 5868 sed
3582 5827 3707 5873 ante

2113 5871 2324 5947 plenam
2352 5872 2764 5951 dispersionem,
2793 5888 2844 5938 et
2870 5871 3273 5957 oppreSSioucm
3302 5871 3705 5955 acerbisdutaui
