4042 6288
341 276 449 336 859

1764 273 2230 334 TERTULLIANI

3536 269 3652 327 840

344 395 494 450 illum
551 393 847 466 smpissime
893 392 1207 457 cecidisset,
1256 400 1309 448 et
1360 390 1439 465 (l)
1479 391 1795 447 manifestus
1856 401 1939 447 est
1966 396 2012 454 Α
2046 393 2225 458 maris,
2265 398 2314 446 et
2348 389 2651 446 eructubunt
2692 405 2808 445 ossa
2854 404 2969 461 qua:
3009 397 3124 444 sunt
3169 397 3421 453 comesta,
3468 396 3517 441 et
3560 390 3651 456 fa-

338 484 408 542 de
431 501 717 557 corporum
740 485 954 541 interitu
987 483 1314 540 labefactans
1374 482 1618 539 ﬁduciam
1660 499 1932 540 resurrec-

339 581 538 636 tionis:
574 579 645 635 ita
675 588 728 633 rt
757 579 896 634 Deus
922 594 1040 634 eam
1068 576 1371 633 restrnehat
1416 576 1595 644 tidem,
1627 592 1786 647 quam
1838 591 1936 647 po-

338 671 496 743 pulus
522 670 851 727 destruebat.
885 671 1202 740 Quanquam
1232 670 1333 725 etsi
1376 668 1553 739 aliqua
1591 669 1935 738 praesentium

338 776 520 818 rerum
581 771 706 817 tunc
757 760 1153 816 conﬂictatione
1197 759 1459 816 maerebat
1502 757 1581 833 (‘2)
1622 758 1785 813 Israel
1837 757 1938 830 (a),

339 870 447 910 non
479 853 679 909 idcirco
708 854 760 909 in
792 848 1043 924 parabole
1073 852 1383 923 accipienda
1408 862 1554 908 esset
1593 851 1939 907 revelationis

340 948 588 1015 intentio,
614 946 706 1002 sed
733 948 783 1001 in
813 949 1150 1002 testationem
1171 945 1602 1012 resurrectionis,
1633 954 1690 999 ut
1714 945 1765 999 in
1794 944 1938 998 illam

340 1056 491 1112 spem
516 1042 746 1112 erigeret
775 1040 896 1095 illos
922 1049 1137 1094 anei-ua:
1165 1038 1373 1094 scilicet
1400 1038 1610 1102 salutis,
1652 1047 1705 1092 et
1754 1050 1941 1091 neces-

340 1133 562 1189 sarioris
589 1132 963 1198 restitutionis,
991 1139 1047 1187 et
1067 1139 1335 1187 averteret
1355 1145 1384 1185 a
1419 1138 1664 1199 reSpeetu
1709 1144 1943 1200 praesen-

342 1226 476 1280 tium
535 1240 736 1280 rerum.
777 1223 863 1279 Ad
901 1226 1002 1278 hoc
1054 1224 1197 1279 enim
1253 1233 1307 1278 et
1351 1221 1439 1276 alii
1468 1222 1777 1299 ‘prophetm
1826 1218 1939 1291 (‘5):

344 1316 566 1373 Exibitis
612 1318 677 1371 de
705 1316 974 1386 sepulcris,
1003 1315 1158 1369 veluti
1198 1314 1343 1368 vituli
1374 1313 1437 1367 de
1462 1314 1674 1368 vinculis
1700 1313 1871 1377 soluti,
1899 1322 1943 1365 ct

343 1408 702 1464 conculcabitis
731 1409 984 1462 inimicos.
1018 1406 1173 1478 (Μαι.
1205 1406 1230 1459 1
1254 1404 1313 1472 ν,
1344 1404 1424 1478 5.)
1452 1406 1517 1460 Et
1534 1420 1745 1459 rursum
1769 1422 1779 1456 :
1804 1402 1943 1457 Gau-

345 1503 476 1557 debit
504 1517 591 1555 cor
615 1510 852 1565 vestrum,
882 1509 927 1554 et
960 1515 1075 1554 ossa
1092 1509 1257 1553 vestra
1281 1500 1410 1552 velut
1453 1496 1605 1550 herba
1650 1494 1727 1569 (ιι)
1773 1495 1942 1548 orien-

346 1606 428 1648 tur
457 1594 560 1667 (Js.
593 1592 926 1664 LXVI),quia
951 1601 997 1645 et
1025 1592 1178 1645 herba
1207 1592 1269 1644 de
1299 1589 1632 1644 dissolutione
1659 1598 1705 1642 et
1734 1604 1948 1656 corrupo

347 1687 448 1741 tela
473 1687 677 1742 seminis
704 1690 1032 1758 reformatur.
1084 1684 1141 1739 In
1179 1697 1408 1747 summa,
1442 1684 1488 1736 si
1517 1682 1729 1753 preprie
1773 1682 1824 1735 in
1870 1680 1947 1735 Is-

2048 487 2181 540 ciunt
2234 482 2313 557 (6)
2353 485 2702 556 compaginem
2750 483 2820 536 ad
2868 480 3242 552 compaginetn,
3286 491 3334 535 et
3375 497 3433 536 os
3473 478 3544 532 ad
3570 496 3652 533 os.

2046 577 2211 648 Ergo,
2260 579 2457 648 inquis,
2487 591 2539 635 et
2573 578 2746 646 pisces
2791 577 3291 642 resuscitabuntur,
3337 585 3392 631 et
3436 579 3657 632 etatem:

2047 672 2232 730 bistia:
2273 671 2352 745 (ά)
2392 682 2446 728 et
2513 673 2670 728 alites
2719 673 3049 737 carnivorm,
3103 680 3160 726 tit
3230 678 3510 725 revomant
3570 666 3657 742 (7)

2046 778 2183 834 quos
2210 762 2562 820 comederunt
2587 782 2599 818 :
2624 765 2746 834 quia
2775 771 2828 819 et
2851 763 2989 834 apud
3014 762 3235 835 Moysen
3257 762 3412 834 legis.
3438 760 3685 831 exquiri.

2047 855 2358 926 sanguinem
2404 855 2472 911 de
2520 855 2771 910 omnibus
2845 854 3078 911 bestiis?
3122 838 3497 925 NonOutique.
3544 855 3656 909 Sed
3694 849 3727 888 τ

2049 945 2251 1002 idcirco
2305 948 2650 1002 nominantur
2690 948 2875 1003 bestia:
2921 958 2976 1003 et
3023 947 3198 1018 pisces
3244 947 3295 1001 in
3339 946 3660 1001 redhibitio-

2050 1055 2169 1093 nem
2218 1038 2297 1111 (8)
2325 1040 2501 1094 carnis
2546 1047 2599 1094 et
2650 1039 2946 1110 Sanguinis,
2987 1055 3093 1110 quo
3117 1040 3285 1110 magis
3322 1038 3663 1109 exprimatur

2050 1131 2376 1187 resurrectio
2419 1132 2581 1187 etiam
2640 1131 3023 1190 devoratorum
3063 1146 3373 1201 corporum,
3420 1145 3541 1186 cum
3586 1130 3659 1184 de

2048 1224 2179 1294 ipsis
2205 1223 2618 1279 devoratoribus
2647 1224 2859 1279 exac1io
2885 1222 3135 1279 edicitur.
3174 1222 3312 1277 Puto
3334 1232 3514 1277 autem
3557 1229 3659 1275 ltu-

2045 1315 2134 1386 jus
2179 1330 2393 1387 quoque
2430 1317 2625 1370 divinae
2670 1309 2954 1388 potestatis
2979 1315 3361 1370 documentum
3390 1314 3656 1369 idoneum

2048 1410 2263 1477 Jonam,
2292 1425 2414 1465 cum
2472 1410 2819 1480 incorruptus
2860 1421 3086 1480 utraque
3130 1409 3462 1475 substantia,
3493 1422 3660 1463 carne

2049 1514 2210 1575 atque
2246 1504 2423 1559 anima
2453 1502 2532 1576 (9)
2558 1544 2572 1567 ,
2603 1503 2671 1559 de
2725 1503 2845 1558 alvo
2893 1502 3052 1573 piscis
3107 1502 3371 1558 evolvitur
3410 1499 3547 1575 (ιιι).
3593 1502 3661 1556 Et

2052 1598 2234 1666 tuique.
2289 1596 2467 1651 triduo
2512 1594 2911 1666 eouroqueuda:
2955 1596 3104 1650 carni
3153 1596 3354 1650 viscera
3393 1597 3498 1650 ceti
3540 1602 3650 1649 tam

2050 1690 2409 1755 stilliscissent,
2436 1706 2594 1761 quam
2644 1687 2760 1762 (Il)
2805 1689 3078 1760 capulum,
3109 1704 3267 1759 quam
3312 1686 3654 1758 sepulcrum,

345 1781 511 1837 raelis
542 1790 740 1834 statum
772 1779 1161 1849 resurgentium
1207 1775 1410 1832 ossium
1460 1775 1635 1847 imago
1665 1773 1946 1829 eontendi-
1976 1791 2023 1849 Β
2051 1800 2208 1854 quam
2239 1784 2446 1838 senium
2497 1784 2756 1853 requiem,
2807 1791 2965 1852 atque
3003 1783 3293 1836 ι-ροοησίιω
3322 1777 3372 1854 (ι
3390 1778 3437 1852 ξ)
3489 1780 3661 1834 anc"-

349 1885 457 1943 tur,
486 1891 582 1931 cur
610 1874 773 1930 etiam
797 1888 901 1928 non
922 1872 1104 1927 Israeli
1136 1869 1529 1933 tantummodo,
1559 1885 1743 1923 vertnn
1760 1878 1813 1923 et
1839 1882 1951 1921 om-

349 1969 509 2026 nibus
556 1967 805 2040 gentibus
841 1965 1028 2022 eadem
1075 1979 1199 2034 spes
1242 1963 1587 2018 annuntiatur
1615 1970 1670 2016 et
1697 1974 1950 2029 reciirpo-

350 2064 663 2129 randarum,
697 2071 752 2117 et
792 2059 1297 2117 redanimandarmn
1350 2057 1731 2127 reliquiarum,
1783 2068 1837 2109 et
1880 2053 1949 2109 de

348 2155 611 2227 sepulcris
699 2152 1199 2209 exsuscitandorum
1272 2149 1352 2222 (5)
1427 2146 1824 2203 mortuorum?
1878 2146 1951 2202 De

351 2248 601 2304 omnibus
630 2247 773 2302 enim
796 2246 1000 2302 dictum
1021 2255 1104 2300 est
1134 2242 1237 2317 (Is.
1262 2241 1455 2315 XXVI)
1485 2238 1592 2313 (b):
1625 2238 1801 2294 Vivent
1822 2254 1953 2291 mor-

352 2342 446 2406 tui,
476 2350 523 2395 ct
553 2350 823 2411 exsurgent
848 2339 910 2394 de
938 2339 1185 2412 sepulcris
1212 2356 1229 2390 :
1253 2353 1336 2391 ros
1356 2335 1489 2390 enim
1533 2333 1620 2403 qui
1671 2349 1702 2385 a
1755 2341 1802 2385 te
1855 2339 1947 2395 est,

350 2435 546 2489 medela
569 2443 642 2488 est
670 2432 863 2487 ossibus
892 2446 1087 2484 eorum.
1123 2428 1252 2483 Item
1284 2426 1417 2481 alibi
1446 2423 1547 2498 (Is.
1577 2422 1759 2494 LXVI)
1791 2437 1809 2476 :
1846 2420 1948 2475 Ve-

353 2530 453 2583 niet
482 2525 699 2579 adorare
728 2523 892 2578 onmis
917 2538 1037 2575 caro
1066 2522 1119 2574 in
1144 2528 1416 2587 conspectu
1457 2532 1588 2579 meo,
1617 2515 1740 2569 dicit
1768 2512 1949 2567 Domi-

353 2637 470 2675 nus.
503 2617 752 2685 Quando?
782 2616 916 2671 Cum
952 2614 1231 2685 prmterire
1256 2609 1481 2681 cmperit
1506 2609 1717 2665 habitus
1766 2607 1949 2663 nmndi

354 2711 532 2783 hujus.
563 2710 733 2780 Supra
760 2709 903 2764 enim
930 2725 943 2762 :
977 2704 1421 2773 Quemadmodum
1445 2704 1624 2758 caelum
1669 2717 1851 2756 novum
1907 2711 1952 2756 et

358 2813 495 2859 terra
521 2817 673 2867 nova,
699 2815 813 2869 qua:
841 2815 931 2870 ego
953 2797 1088 2869 facio
1109 2797 1161 2850 in
1182 2806 1451 2865 conspectu
1476 2809 1605 2857 meo,
1630 2793 1750 2847 dicit
1776 2792 1951 2846 Domi-

357 2912 485 2960 nus;
516 2895 589 2948 ita
609 2892 758 2948 stabit
788 2907 955 2947 semen
1002 2899 1240 2944 vestrum.
1285 2887 1439 2942 Tunc
1463 2901 1595 2957 ergo
1643 2884 1783 2956 quod
1823 2883 1951 2939 sub-

347 2989 488 3060 jicit,
520 2986 826 3055 implebitur
855 3003 867 3039 :
901 2994 948 3039 et
977 2982 1183 3038 exibunt
1211 2980 1418 3055 (utique
1444 2980 1512 3037 de
1553 2977 1869 3051 sepulcris),
1902 2990 1951 3034 et

353 3080 590 3137 videbunt
615 3090 757 3134 artus
781 3094 959 3132 eorum
1001 3077 1088 3147 qui
1128 3076 1283 3144 impie
1310 3084 1538 3146 egerunt,
1566 3073 1806 3144 quoniam
1836 3087 1946 3125 ver-

2049 1875 2136 1945 jus
2154 1874 2470 1944 sepulturae:
2492 1874 2563 1947 (c)
2582 1875 2729 1930 salvo
2747 1890 2832 1941 eo,
2858 1873 3000 1945 quod
3044 1884 3099 1931 et
3119 1874 3341 1940 bestias,
3368 1874 3510 1929 {eros
3533 1869 3656 1946 (ιὸ)

2055 1970 2105 2023 in
2138 1967 2483 2023 cbristiamnn
2510 1968 2590 2023 vel
2618 1968 2847 2022 maxime
2881 1983 3074 2022 nomen
3108 1967 3371 2030 homines,
3395 1966 3479 2022 vel
3502 1966 3653 2034 ipsos

2051 2062 2211 2116 etiam
2240 2060 2533 2130 iniquitatis
2558 2060 2778 2130 angelos
2810 2059 3076 2129 ligm'avit,
3109 2058 3175 2114 de
3202 2058 3397 2129 quibus
3424 2059 3659 2129 sanguis

2051 2155 2295 2224 exigetur
2336 2169 2429 2223 per
2481 2153 2738 2207 ultionem
2799 2152 3144 2224 pensandum.
3189 2152 3320 2221 Quis
3361 2150 3492 2223 ergo
3535 2153 3656 2207 dis-

2051 2246 2205 2302 cendi
2238 2246 2406 2316 magis
2434 2244 2648 2312 adﬁnis,
2676 2261 2836 2316 quam
2887 2245 3281 2316 pru'sumendi;
3316 2256 3367 2301 et
3390 2244 3650 2301 credendi

2052 2338 2379 2408 diligentior,
2410 2352 2570 2407 quam
2600 2336 2955 2392 contendendi
2981 2354 3005 2401 ;.
3035 2346 3089 2391 et
3133 2336 3327 2392 divina:
3358 2337 3533 2409 potius
3570 2353 3661 2391 sa-

2054 2432 2267 2503 pientia:
2306 2431 2618 2502 religiosus,
2661 2447 2819 2500 quam
2859 2447 2970 2485 sua:
3011 2431 3361 2498 libidinosus,
3421 2429 3660 2485 audiens

2052 2520 2253 2593 aliquid
2279 2538 2309 2578 a
2339 2522 2448 2578 Deo
2470 2521 2799 2577 destinatum
2833 2523 2883 2576 iu
2912 2537 3128 2588 carnes,
3153 2530 3209 2578 et
3235 2534 3406 2587 cutes,
3437 2533 3492 2578 et
3523 2539 3660 2577 ner-

2058 2632 2172 2681 vos,
2203 2623 2255 2670 et
2281 2630 2438 2679 ossa,
2467 2613 2611 2668 aliud
2658 2614 2783 2686 quid
2831 2613 2946 2670 hanc
2990 2615 3459 2682 commentabitur,
3502 2616 3662 2686 quasi

2059 2722 2164 2773 non
2229 2707 2281 2762 iu
2332 2706 2602 2761 hominem
2667 2706 2997 2773 destinetur,
3049 2706 3192 2778 quod
3235 2708 3285 2761 in
3345 2707 3476 2762 istas
3528 2708 3665 2763 sub-

2054 2801 2281 2858 stantias
2351 2801 2706 2871 prmdicatur?
2763 2801 2867 2855 Aut
2923 2800 3066 2855 enim
3141 2800 3275 2856 nihil
3357 2801 3413 2856 in
3486 2799 3701 2856 honii--

2055 2910 2177 2950 nem
2224 2893 2560 2959 destinatur,
2620 2908 2724 2948 non
2757 2892 3043 2948 liberalitas
3100 2895 3271 2965 regni,
3321 2909 3426 2949 nou
3476 2909 3605 2949 seve

2054 2988 2183 3042 ritas
2254 2986 2463 3057 iudicii,
2526 3001 2630 3042 non
2690 2987 3061 3058 quodcumque
3130 2998 3215 3042 est
3269 2987 3608 3043 resurrectio

2055 3089 2146 3134 aut
2176 3079 2217 3133 si
2250 3080 2301 3133 in
2330 3078 2599 3135 hominem
2626 3078 2946 3147 destinatur,
2976 3094 3197 3134 necesse
3223 3088 3306 3135 est
3330 3080 3381 3134 in
3408 3093 3499 3135 eas
3520 3080 3655 3134 Stib-

353 3175 450 3228 mis
476 3172 680 3227 illorum
709 3186 809 3225 non
840 3168 1057 3235 decidet,
1084 3177 1129 3222 et
1151 3167 1284 3238 ignis
1322 3182 1496 3220 eorum
1523 3182 1626 3219 non
1656 3165 1948 3235 exstingue-
1978 3180 2023 3243 ρ
2058 3171 2281 3226 stantias
2303 3170 2624 3239 destinetur,
2654 3188 2719 3227 ex
2751 3173 2944 3243 quibus
2975 3172 3136 3228 Ιιοιηυ
3176 3182 3414 3228 structus
3455 3183 3563 3240 est,
3607 3175 3666 3230 in

355 3274 460 3333 tur,
488 3274 535 3319 et
560 3273 704 3321 erunt
732 3261 1024 3332 conspectui
1064 3261 1201 3313 omni
1230 3260 1407 3324 carni;
1450 3258 1654 3313 scilicet
1709 3274 1829 3327 qua:
1870 3271 1955 3311 re-

354 3361 608 3416 suscitata
630 3368 685 3414 et
713 3370 927 3429 egressa
954 3354 1022 3411 de
1049 3353 1345 3425 sepulcris,
1378 3351 1660 3407 Dominum
1707 3359 1802 3422 pro
1852 3348 1953 3405 hac

354 3453 525 3526 gratia
559 3451 823 3508 adorabit.

911 3538 1139 3596 CAPUT
1181 3538 1400 3595 XXXII.

425 3637 534 3694 Sed
574 3653 640 3693 ne
680 3634 1020 3691 solummodo
1071 3649 1259 3689 eorum
1300 3647 1585 3704 corporum
1629 3633 1955 3689 resurrectio

355 3730 601 3786 videatur
624 3727 921 3799 prtetlicari,
953 3741 1073 3798 qua:
1099 3713 1359 3797 sepulcris
1375 3725 1799 3789 demandantur,
1850 3724 1949 3779 ha-

356 3827 453 3885 bes
477 3827 735 3898 scriptum
785 3823 969 3897 (Apoc.
1019 3820 1157 3894 Ill):
1201 3821 1272 3893 (c)
1328 3820 1396 3877 Et
1432 3820 1685 3877 mandabo
1731 3821 1952 3891 piscibus

2057 3280 2217 3336 quem
2240 3265 2557 3320 destinatur.
2595 3264 2723 3321 Illud
2748 3266 2909 3321 etiam
2938 3265 3006 3321 de
3033 3266 3389 3337 argutiSsimis
3411 3266 3528 3322 istis
3552 3267 3623 3322 de
3641 3300 3660 3309 -

2056 3356 2411 3412 mutatoribus
2448 3357 2690 3421 ossium,
2731 3367 2786 3412 et
2823 3358 3103 3426 carnium,
3145 3368 3196 3414 et
3237 3374 3562 3425 nervorum,
3605 3371 3668 3416 et

2058 3448 2428 3519 sepulcrorum
2448 3448 2664 3519 requiro
2683 3446 2754 3521 (ί)
2791 3463 2886 3504 cur
2901 3449 2945 3505 si
2964 3447 3179 3519 quando
3204 3449 3255 3504 in
3277 3450 3513 3505 animam
3531 3454 3665 3522 quid

2062 3541 2453 3611 pronuntiatur.
2486 3540 2616 3596 nihil
2640 3540 2783 3596 aliud
2811 3543 3047 3597 animam
3080 3542 3526 3613 interpretantur,
3559 3560 3670 3602 nec

2063 3634 2442 3705 trausligurant
2470 3631 2586 3707 (II)
2626 3650 2743 3691 eam
2775 3634 2828 3689 in
2874 3634 3097 3691 alterius
3132 3634 3212 3691 rei
3239 3645 3620 3708 argumentum
3651 3655 3668 3704 ;

2058 3741 2180 3783 cum
2210 3740 2337 3781 vero
2376 3725 2428 3780 in
2468 3726 2699 3795 aliquam
2739 3725 2977 3795 speciem
3005 3726 3342 3798 corporalem
3375 3725 3502 3797 quid
3542 3728 3672 3784 edi-

2056 3821 2217 3887 citur,
2263 3818 2443 3873 omnia
2486 3817 2666 3888 p0tius
2723 3827 3075 3884 asseverant,
3120 3833 3279 3889 quam
3341 3818 3487 3891 quod
3557 3835 3670 3875 no.

1591 3912 1973 3973 LECTIONICS
2015 3909 2432 3972 VAIIIANTES.

442 4074 492 4143 2)
526 4079 762 4143 Haerebat
782 4075 932 4143 Riten.
952 4074 1107 4128 Seml.

446 4142 498 4209 τῇ)
533 4142 792 4209 Prophetze
812 4142 941 4209 Kell.
1056 4200 1067 4209 ‘
1112 4198 1171 4209 ω

447 4194 498 4267 ι)
534 4194 785 4267 {circiter
807 4199 1086 4267 Rheuit‘od.
1106 4194 1239 4267 Pii/1:

446 4260 497 4330 ὅ)
532 4263 909 4330 Exeitandorum
933 4265 1084 4313 Rhea.
1109 4260 1250 4310 sentt.

425 4321 498 4390 (ϐ)
534 4326 737 4390 Facient
756 4321 905 4390 Itlten.

447 4382 498 4455 7)
531 4389 739 4455 Yomant
761 4382 1087 4455 RheuLSeml:

448 4447 499 4518 8)
537 4452 877 4504 Itedbibitioue
899 4452 1042 4501 Pam.
1068 4447 1222 4498 Fran.

2126 4005 2200 4071 (9)
2235 4004 2505 4068 Utramque
2526 4004 2880 4067 substantiam,
2906 4016 3109 4057 carnem
3146 4013 3293 4070 atque
3317 4006 3522 4056 animam
3551 4004 3675 4074 Rig.

2068 4072 2191 4120 Ven.

2123 4132 2140 4190 (
2155 4130 2227 4193 l0)
2264 4130 2513 4193 Evomi'ur
2533 4131 2637 4180 Lat.

2125 4189 2140 4252 (
2154 4195 2166 4241 l
2184 4189 2227 4253 Ι)
2263 4192 2369 4252 Qua
2391 4192 2467 4243 vel
2489 4195 2623 4255 quasi
2646 4189 2787 4243 then.

2154 4319 2206 4367 15

2152 4381 2206 4430 14

2264 4318 2458 4368 Bestias
2481 4317 2609 4368 feras
2630 4317 2780 4370 Rhea.
2807 4315 2958 4368 Seml.

2260 4380 2569 4443 'I‘rausligunt
2595 4379 2736 4433 (then.
2763 4377 2870 4445 Rig.
2893 4378 3045 4433 Seml.
3080 4384 3200 4432 Ven.

2153 4255 2209 4304 12
2262 4255 2480 4306 Condita:
2502 4253 2657 4307 Rhea.
2682 4255 2832 4306 Seml.

2154 4319 2206 4367 15
2264 4318 2458 4368 Bestias
2481 4317 2609 4368 feras
2630 4317 2780 4370 Rhea.
2807 4318 2832 4368 ,ε

2122 4256 2230 4445 illi
2260 4380 2569 4443 'I‘rausligunt
2595 4379 2736 4433 (then.
2763 4377 2832 4445 ait

1982 4423 2035 4482 D

1696 4530 1703 4547 ‘
1733 4520 2288 4581 COMMENTARIUS.

362 4626 574 4684 Israelis
599 4626 941 4681 vaticinatum
993 4622 1109 4676 lucc
1166 4615 1505 4695 prophetam.
1562 4616 1632 4670 At
1662 4630 1807 4695 .vrro
1847 4630 1951 4695 lion

362 4700 583 4756 nimium
612 4698 775 4753 lueret
805 4695 925 4749 huic
950 4691 1228 4747 sententia:
1247 4692 1466 4746 Auctor.
1495 4700 1616 4741 cum
1647 4687 1823 4739 statim
1852 4687 1954 4739 alia

304 4770 311 4773 “
364 4786 450 4825 vta
478 4784 629 4824 suam
663 4764 1155 4836 interpretationem
1207 4760 1523 4823 conﬁrmet,
1581 4757 1951 4836 (‘lllllmlllqllilu

366 4842 687 4910 Quamquam
713 4827 1010 4910 etsi-aliqua
1053 4838 1376 4910 prtcsenttum
1420 4838 1536 4910 tunc
1579 4827 1957 4910 conﬂictatione

360 4900 598 4967 intereunt
628 4910 813 4971 Israel,
841 4900 937 4962 etc.
967 4900 1099 4962 Nam
1131 4918 1254 4958 cum
1286 4900 1535 4971 Ezechiel
1586 4900 1950 4968 prophetarit,

361 4985 476 5039 haec
503 4984 766 5053 dispersio
790 4970 899 5051 jam
924 4987 1038 5053 erat
1066 4972 1340 5053 lacta._Sie
1370 4970 1726 5053 Ilicronyimts
1750 4971 1950 5053 inquit;

359 5072 451 5126 per
476 5039 856 5109 resurrectionis
887 5048 1193 5126 parabolant_
1210 5046 1273 5099 de
1297 5039 1614 5126 ri’stitutirnie.
1640 5039 1804 5126 Israel
1835 5058 1953 5126 prof

360 5111 578 5194 pltctari,
610 5126 695 5194 qui
725 5139 781 5194 eo
812 5111 1285 5194 temporelcaptivus
1313 5123 1419 5194 erat
1440 5114 1498 5194 in_
1519 5111 1957 5194 Babylone._lflpi-

362 5181 691 5268 'plltlttitt'sjill
731 5193 858 5268 Vitis
903 5181 1320 5268 j'trOpItelit_rttttt,-
1347 5181 1680 5240 Iizrchielein
1710 5181 1871 5239 tradit
1903 5185 1955 5237 in

362 5257 671 5338 captivitate
702 5257 1044 5338 vaticinatum
1086 5260 1267 5338 luis-se:
1300 5257 1429 5313 Lsc.

436 5326 512 5412 (a)
550 5339 670 5393 Non
710 5337 904 5412 idcirco
953 5335 1005 5387 in
1045 5329 1291 5412 parabole
1334 5326 1631 5412 accipienda
1673 5338 1820 5392 esset,
1849 5335 1952 5412 etc.

362 5402 563 5465 Probat
598 5409 987 5464 restitutionem
1045 5405 1188 5458 illam
1243 5402 1633 5463 l~raelitarum,
1690 5415 1794 5453 non
1849 5407 1954 5451 tam

362 5481 528 5537 fuisse
560 5478 934 5536 revelatiouem
961 5490 1064 5546 qua
1094 5474 1232 5528 Deos
1284 5472 1432 5546 illos_
1453 5474 1735 5546 restituere
1771 5468 1953 5535 vellet,

365 5568 526 5622 quam
560 5542 1385 5622 resurrectionistestimonium.
1413 5542 1490 5597 Le
1516 5542 1607 5595 l’u.

437 5623 517 5697 (b)
556 5617 1050 5697 Vivent_nt_ot_'_lui._ltt
1077 5625 1379 5697 ὅτῳ-ρους),
1412 5624 1720 5697 resurgent,
1750 5617 1958 5674 ἀν’·στγξ·

365 5685 545 5753 σρνῖ-οίὶ.
581 5692 713 5748 Isai.
742 5691 933 5755 XXVI,
961 5685 1109 5760 juxta
1131 5685 1296 5760 LXX.
1328 5686 1403 5760 Ls
1426 5686 1530 5760 APn.

436 5766 590 5824 CAP.
643 5762 833 5818 XXXI.
882 5754 1063 5833 -¥—'(r)
1122 5758 1190 5833 Et
1226 5758 1477 5811 mandabo
1539 5754 1796 5833 piscibus,
1847 5763 1954 5833 etc.

366 5839 534 5910 Apoc.
580 5836 712 5907 XX,
742 5836 866 5893 licet
912 5826 1330 5890 diversuslocus
1379 5843 1500 5885 esse
1554 5828 1829 5893 videatur,
1862 5826 1956 5882 sed

2061 4615 2228 4671 citant
2254 4624 2461 4673 veteres
2488 4616 2731 4691 qumdatn
2761 4617 3049 4691 aliquando
3087 4634 3153 4675 ex
3200 4617 3479 4690 Scriptura
3537 4635 3668 4691 qua:

2063 4698 2239 4742 tamen
2270 4705 2373 4743 non
2409 4701 2643 4743 exstant.
2677 4689 2755 4745 LE
2786 4690 2885 4746 Pu.

2132 4757 2211 4832 (il)
2245 4757 2308 4812 ιςι
2333 4761 2477 4834 alites
2502 4761 2800 4817 carnivorat.
2833 4765 3113 4834 xcpzoeépot
3140 4761 3314 4817 alites.
3364 4762 3669 4834 Hzt'relieo-

2061 4830 2326 4904 tumerat
2353 4830 2605 4900 objectio,
2638 4834 2750 4904 tieri
2805 4830 2910 4888 non
2960 4830 3149 4903 poSsc,
3200 4847 3257 4888 ut
3284 4833 3375 4904 qui
3404 4848 3434 4888 a
3465 4834 3667 4890 belluis

2059 4902 2314 4977 discerpti
2326 4904 2638 4977 _avibu_s_que
2688 4902 3362 4977 fuissent,’resurgerent.
3408 4905 3521 4961 llos
3575 4909 3666 4962 hic

2060 4974 2300 5027 coiil'utat
2326 4973 2709 5029 Tertullianus.
2737 4975 2814 5030 Ls
2845 4975 2941 5031 Pa.

2132 5042 2206 5117 (e)
2252 5045 2408 5119 Salvo
2438 5062 2493 5119 eo
2514 5047 2649 5119 quod
2668 5055 2714 5100 et
2737 5047 2940 5119 bestias,
2972 5049 3126 5119 feros,
3156 5057 3261 5103 etc.
3313 5046 3427 5102 Non
3457 5046 3668 5118 abSquc

2060 5115 2235 5186 aliqua
2265 5116 2434 5170 ironia
2458 5116 2572 5170 haec
2592 5117 2734 5175 diota
2754 5134 2783 5172 a
2804 5115 3131 5174 Tertulliano
3148 5119 3490 5174 subindicant
3520 5115 3667 5174 bane

2063 5187 2557 5257 interpretationem
2589 5188 2963 5245 haereticorum
3006 5189 3073 5244 ad
3124 5191 3299 5245 locum
3325 5189 3527 5245 Genes.
3552 5189 3626 5243 IX
3646 5232 3663 5255 ,

2062 5272 2220 5331 quem
2251 5275 2420 5331 nuper
2454 5258 2744 5314 insinuavit
2771 5262 3009 5327 Auctor,
3040 5270 3095 5314 et
3119 5276 3236 5331 cap.
3267 5260 3373 5331 ‘28,,
3407 5262 3669 5331 attulerat

2063 5330 2129 5384 ad
2155 5330 2480 5400 probandam
2522 5331 2683 5387 etiam
2732 5328 3201 5387 resurrecuoneml
3248 5330 3356 5387 Sed
3396 5328 3664 5400 effugiunt

2067 5400 2443 5472 haereticorum
2491 5403 2857 5472 statimccepit
2882 5411 3191 5471 retorquere
3223 5404 3272 5456 in
3298 5402 3434 5455 illos.
3470 5400 3600 5457 Lac.

2137 5471 2201 5543 (ί)
2243 5470 2347 5527 Cur
2373 5473 2416 5525 si
2447 5473 2652 5545 quando
2674 5474 2723 5526 iu
2746 5470 2970 5527 animum
2996 5470 3119 5543 quid
3143 5474 3520 5545 pronuntiatur,
3548 5479 3661 5527 etc.

2063 5543 2201 5598 Petit
2233 5542 2492 5599 rationem
2517 5548 2583 5599 ab
2614 5543 2897 5612 hmreticis,
2931 5542 3026 5599 cur
3052 5542 3283 5614 ea,‘qu;e
3324 5544 3374 5596 in
3405 5542 3662 5613 Scriptu-

2063 5632 2118 5669 ra
2150 5615 2401 5669 dicuntur
2428 5617 2496 5671 de
2523 5617 2788 5685 corporali
2846 5616 3269 5680 resurrectione,
3300 5616 3664 5685 interpretem

2064 5696 2150 5740 tur
2174 5686 2242 5742 de
2268 5688 2466 5754 anima,
2499 5684 2639 5743 etea
2681 5701 2802 5756 quae
2844 5687 2912 5740 de
2961 5687 3137 5741 anima
3181 5686 3466 5751 dicuntur,
3509 5684 3665 5741 nullo

2065 5766 2221 5828 pacto
2252 5756 2415 5813 velint
2453 5759 2508 5813 in
2545 5772 2740 5829 corpus
2765 5757 3085 5815 redundare.
3125 5757 3261 5812 Lac.-
