4052 6286
599 382 706 448 815

1612 391 1820 454 LIBER
1860 392 1947 454 DE
1986 392 2562 458 RESURRECTIONE
2587 397 2852 460 CARNIS.

3794 409 3901 473 esto
3973 392 3981 401 ’

600 504 656 563 Si
694 507 815 579 quis
850 522 1101 565 arcanum
1142 506 1357 580 aliquod
1405 524 1603 581 corpus
1650 511 1882 578 inducit,
1922 510 2190 578 ostendat,
2222 513 2275 574 A
2301 509 2399 568 bus
2426 523 2479 571 et
2510 516 2753 588 pedibus,
2783 527 2966 587 utpote
3002 517 3091 590 qtti
3119 534 3240 576 eum
3271 536 3499 597 corpore
3526 528 3780 586 surrexit.
3807 530 3898 587 Sic

599 599 825 669 revelet,
865 603 1054 672 probet
1078 602 1248 672 ipsum
1281 618 1401 658 esse
1430 603 1591 658 etiam
1632 605 1772 674 quod
1813 603 2087 659 occidatur
2130 603 2207 681 ab

598 690 840 760 homine,
869 705 922 750 et
954 695 1020 749 de
1049 694 1141 749 illo
1172 695 1275 750 erit
1298 695 1517 750 dictum.
1556 695 1683 750 ltem
1711 697 1755 752 si
1783 698 1975 751 animm
2005 709 2198 766 corpus

598 788 889 858 opponitur
935 785 1038 860 (i),
1077 788 1284 844 vacabit
1320 790 1533 843 astutia.
1584 789 1722 845 Cum
1744 791 1887 845 enim
1913 797 2199 860 utrumque

600 878 915 948 proponitur
939 921 953 942 ,
972 866 975 869 γ
996 894 1192 950 corpus
1220 891 1378 950 atque
1405 881 1637 935 animam
1664 925 1677 945 ,
1708 881 1878 937 occidi
1912 883 1963 935 in
1995 882 2199 953 gehen-

597 985 722 1025 nam
748 1011 763 1032 .
803 971 1149 1042 distinguitur
1192 989 1388 1042 corpus
1431 977 1500 1028 ab
1537 976 1713 1029 anima
1740 1019 1755 1042 ,
1787 986 1836 1032 et
1880 976 2199 1047 relinquitur

598 1061 816 1132 intelligi
849 1078 1046 1133 corpus
1070 1064 1120 1119 id
1152 1064 1294 1135 quod
1325 1066 1374 1119 in
1409 1077 1655 1136 promptu
1686 1068 1784 1131 sit;
1815 1083 1940 1122 caro
1968 1069 2194 1131 scilicet,

597 1164 717 1223 qua:
755 1153 892 1208 sicut
914 1154 1188 1209 occidetur
1242 1154 1321 1228 (‘2)
1374 1156 1424 1211 in
1457 1157 1791 1226 gehennam,
1820 1160 1863 1212 si
1892 1173 1998 1213 non
2029 1159 2197 1228 magis

592 1254 625 1298 τι
656 1245 764 1300 Deo
797 1246 1035 1301 timuerit
1084 1245 1255 1302 occidi
1283 1289 1296 1311 ,
1331 1247 1399 1302 ita
1451 1248 1903 1304 et'viviﬁcahitur
1949 1251 2000 1305 in
2034 1252 2194 1304 vitam

594 1349 852 1396 aeternam
872 1382 887 1405 ,
919 1339 964 1396 si
1009 1340 1259 1395 maluerit
1309 1340 1376 1396 ab
1408 1340 1712 1398 hominibus
1743 1343 1918 1414 potius
1947 1342 2192 1398 interﬁci.

596 1430 829 1487 Proinde
869 1432 914 1487 si
965 1432 1086 1500 quis
1141 1431 1466 1487 occisionem
1509 1435 1688 1490 carnis
1728 1444 1887 1504 atque
1916 1436 2110 1489 animae
2140 1434 2194 1490 in

596 1520 895 1592 gehennam
944 1521 1009 1576 ad
1055 1521 1326 1578 interitum
1356 1535 1409 1578 et
1442 1524 1599 1580 finem
1633 1526 1909 1596 utriusque
1944 1526 2194 1581 substan-

596 1613 683 1666 tiae
709 1613 960 1683 arripiet,
994 1627 1099 1666 non
1128 1614 1192 1666 ad
1223 1615 1543 1684 supplicium
1572 1658 1587 1682 ,
1622 1616 1772 1685 quasi
1802 1617 2199 1673 consumenda-

595 1720 735 1772 rmu,
765 1721 869 1760 non
898 1705 1049 1775 quasi
1084 1707 1474 1774 puniendarum
1498 1749 1512 1771 ,
1557 1706 1869 1763 recordetur
1903 1708 2077 1779 ignem
2104 1725 2198 1781 ge-

597 1796 785 1853 hennae
831 1807 1091 1853 aetermnn
1145 1798 1420 1867 prardieari
1472 1800 1522 1853 in
1563 1814 1777 1871 pugnam
1823 1810 2108 1868 aeternam,
2139 1812 2195 1857 et

2304 620 2432 676 ergo
2459 618 2514 688 et
2543 610 2858 666 recumbere
2884 612 3055 682 ipsum
3087 614 3138 667 in
3169 615 3262 670 Dei
3295 632 3461 688 regno
3485 661 3500 687 ,
3533 631 3586 675 et
3625 622 3815 678 sedere
3842 624 3893 677 in

2303 683 2512 756 tln'onis
2553 700 2633 774 (9)
2684 704 2915 770 Christi,
2984 714 3035 758 et
3102 683 3382 765 assistere'
3415 683 3540 767 tunc
3587 712 3653 767 ad
3710 713 3895 771 dexte-

2303 789 2545 865 ram(lO)
2575 795 2654 848 vel
2703 795 2996 863 sinistram,
3039 806 3095 852 et
3122 798 3283 855 edere
3310 801 3377 857 de
3424 803 3566 874 ligno
3593 806 3733 869 vitm,
3770 821 3891 861 (ξυιυς

2303 885 2881 956 poralisdispositionis
2907 875 3214 946 ﬁdelissima
3262 892 3456 951 indicia
3501 909 3644 952 sunt.

2850 978 3077 1038 CAPUT
3120 983 3360 1041 XXXVI.

2373 1065 2666 1124 Videamus
2720 1085 2861 1126 nunc
2921 1087 2987 1127 an
3034 1084 3088 1128 et
3131 1072 3548 1133 Sadduemorum
3607 1084 3893 1139 versutiam

2301 1157 2540 1219 elidens,
2575 1168 2813 1215 nostram
2844 1163 3010 1233 magis
3038 1169 3354 1222 sententiam
3389 1173 3640 1227 erexerit.
3670 1173 3893 1245 Caussa,

2301 1250 2513 1319 opinor,
2544 1254 2878 1321 qmcstionis,
2909 1255 3007 1310 fuit
3036 1257 3329 1314 destructio
3358 1266 3785 1322 resurrectionis.
3811 1267 3896 1329 Si-

2301 1343 2517 1413 quidem
2540 1344 2817 1402 Sadducazi
2846 1344 2944 1422 (a),
2971 1364 3140 1421 neque
3162 1354 3377 1422 animai,
3397 1370 3572 1428 neque
3594 1362 3772 1416 carnis
3798 1352 3949 1418 ad!

2303 1437 2518 1492 mittunt
2555 1440 2782 1496 Salutem
2814 1458 2828 1497 :
2870 1451 2924 1498 et
2960 1443 3079 1499 ideo
3119 1462 3183 1500 ex
3212 1464 3313 1517 qua
3347 1450 3425 1504 vel
3455 1454 3684 1510 maxime
3713 1458 3893 1525 Specie

2301 1531 2710 1587 resurrectionis
2752 1533 2881 1590 ﬁdes
2918 1535 3301 1606 labefactatur,
3346 1556 3410 1597 ex
3460 1557 3519 1597 ea
3568 1544 3682 1619 (ll)
3735 1562 3897 1618 argu-

2301 1631 2539 1676 mentum
2580 1623 2901 1693 problemati
2941 1641 3039 1682 suo
3084 1633 3626 1690 accommodaverunt
3665 1653 3678 1690 :
3725 1636 3798 1711 (b)
3831 1640 3898 1695 de

2300 1715 2476 1770 carnis
2506 1717 2711 1775 scilicet
2739 1718 2959 1775 obtentu
2984 1762 2998 1785 ,
3028 1734 3271 1793 nupturae
3295 1767 3311 1793 ,
3341 1743 3509 1784 necne
3528 1770 3544 1797 ,
3577 1741 3696 1798 post
3721 1748 3901 1789 resur-

2300 1809 2594 1864 rectionem
2616 1851 2631 1874 ,
2657 1812 2758 1867 sub
2801 1812 2919 1881 ejus
2959 1814 3198 1871 mulieris
3241 1833 3468 1886 persona
3495 1863 3509 1885 ,
3542 1838 3662 1893 quze
3691 1835 3897 1896 septem

595 1891 719 1947 inde
755 1892 1108 1947 aeternitatem
1150 1893 1437 1946 occisionis
1467 1905 1751 1963 agnoscat.
1786 1902 2065 1964 propterea
2098 1895 2196 1949 bu-
2223 1908 2272 1969 Β
2303 1898 2555 1956 fratribus
2586 1913 2746 1973 nupta
2770 1947 2782 1969 ,
2808 1905 2861 1960 in
2892 1907 3054 1962 dubio
3082 1909 3386 1978 haberetur,
3417 1916 3501 1968 cui
3524 1891 3707 1971 eorum
3736 1891 3897 1974 resti-

594 1998 786 2048 manre,
811 1992 868 2037 ιιι
892 1985 1195 2053 temporali,
1227 1987 1648 2052 pra-tenendam.
1694 1984 1845 2040 Tunc
1885 1997 1937 2040 et
1965 1998 2194 2041 :cternas

594 2074 920 2129 substantias
967 2074 1154 2130 credet
1184 2117 1198 2138 ,
1246 2090 1469 2144 quarum
1523 2088 1722 2131 :etcrna
1774 2078 1843 2131 sit
1891 2079 2093 2132 oecisio
2141 2079 2193 2133 in

594 2180 826 2235 pmnam.
873 2166 1031 2222 Certe
1074 2183 1192 2221 cum
1227 2177 1346 2236 post
1374 2170 1825 2224 resurrectiOnem
1853 2185 2048 2240 corpus
2070 2188 2191 2226 cum

592 2259 768 2314 anima
812 2259 982 2315 occidi
1020 2259 1213 2315 habeat
1267 2274 1297 2315 a
1349 2261 1456 2316 Deo
1488 2260 1567 2335 (5)
1606 2263 1657 2316 in
1682 2265 2017 2334 gehennam,
2065 2265 2195 2320 satis

496 2387 499 2389 -
590 2351 657 2408 de
687 2361 909 2423 utroque
935 2351 1203 2407 constabit
1228 2394 1241 2417 ,
1266 2362 1320 2409 et
1355 2353 1423 2409 de
1459 2354 1663 2410 carnali
1698 2356 2117 2424 resurrectione,
2142 2365 2216 2415 ct.

590 2447 661 2503 de
712 2455 911 2521 interna
961 2446 1251 2502 occisione.
1317 2446 1773 2502 Absurdissimum
1831 2448 2092 2519 alioquin,
2147 2450 2192 2504 si

593 2536 792 2597 ideirco
817 2539 1133 2596 resuscitata
1179 2554 1310 2595 caro
1353 2540 1629 2596 occidatur
1659 2542 1709 2595 in
1736 2541 2037 2613 gehennam
2071 2585 2086 2610 ,
2119 2543 2192 2599 uti

590 2633 847 2700 ﬁniatur,
889 2633 1029 2705 quod
1069 2646 1122 2689 et
1165 2636 1621 2690 non‘resuseitata
1672 2642 1964 2708 pateretur.
2008 2637 2064 2693 In
2092 2638 2195 2693 hoc

590 2728 795 2785 scilicet
842 2727 1113 2784 reﬁcietur
1137 2769 1150 2793 ,
1185 2742 1254 2783 ne
1298 2728 1368 2783 sit
1399 2770 1414 2794 ,
1448 2730 1532 2785 cui
1562 2744 1664 2784 non
1701 2746 1821 2786 csse
1846 2732 1956 2802 jam
1988 2734 2190 2788 evenit.

526 2799 533 2805 D
596 2818 781 2875 Eidem
820 2832 921 2875 nos
960 2817 1073 2891 spei
1118 2817 1343 2876 fulciens
1388 2835 1667 2891 passerum
1713 2799 1926 2894 quoque
1967 2825 2194 2893 subjun-

588 2912 663 2983 git
688 2909 767 2985 (4)
797 2912 1100 2983 exemplum
1127 2952 1143 2978 ,
1196 2911 1337 2989 quod
1384 2928 1447 2967 ea:
1489 2913 1686 2968 duobus
1734 2930 1835 2968 non
1873 2916 2024 2969 cadat
2064 2932 2195 2971 unus

588 3001 668 3078 (5')
716 3005 771 3059 in
811 3014 998 3059 terram
1023 3005 1132 3059 sine
1172 3002 1268 3061 Dei
1314 3006 1571 3062 voluntate
1595 3023 1614 3062 :
1642 3015 1778 3063 utet
1805 3022 2045 3077 Carnem,
2076 3026 2194 3080 qua:

587 3096 841 3153 ceciderit
906 3096 958 3151 in
1005 3104 1202 3152 terram
1231 3137 1245 3160 ,
1295 3098 1520 3167 proinde
1568 3088 1759 3171 credas
1808 3110 1864 3156 et
1904 3111 2190 3172 resurgere

588 3203 744 3259 posse
773 3202 870 3257 per
891 3186 1131 3258 ejusdem
1163 3188 1252 3243 Dei
1282 3189 1635 3245 voluntatem.
1685 3190 1817 3246 Nam
1869 3193 1970 3247 etsi
2014 3206 2196 3262 passe-

2301 1998 2558 2048 tueretur.
2607 1993 2823 2060 Porro,
2872 2009 3154 2055 serventur
3191 2016 3382 2059 sensus
3431 2016 3536 2071 tam
3587 2011 3900 2078 quzcstionis

2298 2098 2455 2149 quam
2494 2088 2861 2154 responsionis
2892 2131 2907 2154 ,
2935 2102 2990 2144 et
3036 2097 3417 2151 controversiae
3460 2113 3742 2155 occursuro
3794 2115 3896 2158 est.

2298 2173 2352 2227 Si
2370 2174 2511 2229 enim
2536 2176 2813 2233 Sadducmi
2831 2180 3046 2247 quidem
3071 2187 3394 2254 respuebant
3413 2193 3894 2263 resurrectionem,

2301 2267 2557 2324 Domintts
2576 2280 2755 2327 autem
2778 2269 2853 2344 (ε)
2874 2288 2992 2328 eam
3017 2277 3368 2334 conﬁrmabat
3417 2281 3552 2356 (12),
3577 2294 3629 2340 et
3661 2288 3901 2358 Scriptu-

2298 2375 2477 2416 rarmn
2512 2362 2727 2432 ignaros
2755 2365 3041 2437 increpans
3067 2409 3080 2430 ,
3114 2384 3301 2425 earmn
3333 2374 3539 2430 scilicet
3566 2393 3684 2447 qua:
3716 2394 3900 2436 resur-

2298 2453 2593 2509 rectionem
2624 2456 3009 2526 przedicassent
3032 2501 3047 2524 ,
3085 2470 3140 2516 et
3185 2461 3396 2518 virtutis
3434 2465 3525 2521 Dei
3572 2468 3896 2538 incredulos,

2300 2544 2508 2600 idoneae
2538 2548 2722 2618 utique
2755 2550 2982 2604 mortuis
3012 2553 3401 2611 resuscitandis
3430 2597 3445 2622 ,
3475 2569 3748 2628 postremo
3775 2566 3901 2618 sub-

2294 2635 2532 2707 jiciens:
2570 2638 2826 2706 Quoniam
2868 2641 2986 2713 (15)
3042 2653 3210 2699 autem
3245 2644 3326 2720 (ά)
3376 2651 3564 2704 mortui
3607 2668 3896 2726 resurgant,

2299 2729 2415 2785 sine
2438 2729 2602 2785 dubio
2646 2738 2701 2785 et
2732 2731 3104 2789 conﬁrmando
3139 2744 3258 2793 cSSe
3298 2739 3440 2809 quod
3486 2744 3812 2814 negabatur;
3847 2748 3898 2803 id

2295 2832 2423 2889 est,
2489 2825 2941 2882 resurrectionem
2996 2839 3329 2887 mortuorum
3382 2836 3522 2904 apud
3569 2837 3734 2894 Deum
3783 2840 3899 2914 (id)

2300 2917 2563 2985 vivorum,
2596 2918 2755 2974 talem
2787 2934 2999 2991 quoque
3025 2936 3143 2977 eam
3169 2926 3524 2983 conﬁrmabat
3549 2945 3699 2999 esse,
3726 2934 3899 3003 qualis

2301 3009 2593 3078 negabatur
2623 3050 2639 3073 ,
2686 3010 2962 3082 utriusque
3010 3013 3217 3069 scilicet
3257 3017 3571 3074 substantiae
3624 3021 3891 3080 humanm.

2298 3097 2482 3171 Neque
2517 3100 2659 3154 enim
2690 3101 3025 3171 sLnUptnros
3066 3113 3191 3160 tunc
3220 3109 3474 3178 negavit,
3524 3113 3644 3167 ideo
3676 3130 3775 3169 nec
3806 3133 3895 3171 re-

2301 3203 2638 3249 surrecturos
2680 3194 3065 3250 demonstravit
3102 3195 3240 3270 (15).
3291 3203 3493 3273 Atquin
3545 3204 3682 3260 ﬁlios
3716 3222 3897 3262 resur-

584 3279 734 3335 rilms
760 3279 862 3335 hoc
893 3295 998 3335 non
1038 3279 1160 3334 licet
1185 3322 1199 3347 ,
1238 3281 1345 3339 sed.
1374 3297 1469 3336 nos
1500 3283 1687 3340 multis
1718 3286 2023 3355 passeribus
2049 3286 2191 3340 anti-
2219 3297 2264 3361 ρ
2300 3286 2552 3341 rectionis
2626 3286 2909 3356 appellavit
2962 3286 3078 3362 (i6)
3104 3332 3118 3353 ,
3176 3307 3270 3361 per
3329 3309 3445 3348 eam
3501 3298 3896 3367 quodammodo

585 3384 812 3438 stamus,
839 3388 905 3428 eo
929 3373 1070 3443 quod
1093 3373 1347 3429 cadentes
1391 3388 1756 3448 resurgamus.
1807 3377 2045 3445 Quorum
2097 3377 2196 3434 de-

587 3467 749 3539 nique
802 3466 1030 3536 capillos
1078 3468 1270 3539 capitis
1316 3484 1506 3525 omnes
1551 3478 1861 3527 numeratos
1918 3468 1999 3543 (tl)
2049 3470 2196 3526 afﬁr.

588 3575 740 3615 mans
761 3557 863 3631 (7),
890 3558 1068 3614 salvos
1121 3558 1304 3629 utique
1358 3563 1703 3632 repromittit.
1743 3561 2023 3617 Perituros
2047 3562 2192 3617 enim

584 3667 705 3722 qua:
727 3656 863 3712 ratio
885 3658 935 3711 in
969 3654 1248 3715 numerum
1267 3659 1581 3731 redegisset,
1615 3654 1719 3710 nisi
1739 3654 1861 3725 quia
1885 3652 1988 3708 hoc
2008 3664 2112 3719 est,
2136 3662 2194 3708 ut

585 3760 731 3799 onme
762 3749 899 3814 quod
938 3749 1095 3805 Pater
1120 3752 1245 3806 mihi
1268 3752 1406 3807 dedit
1431 3792 1445 3815 ,
1478 3766 1579 3803 non
1615 3747 1826 3817 perdant
1856 3761 1920 3800 ea:
1959 3761 2017 3799 eo
2043 3745 2191 3814 quie-

536 3842 549 3857 ’
584 3853 733 3904 quam
768 3836 945 3912 (Joau.
980 3841 1095 3914 Vl),
1131 3844 1180 3898 id
1207 3853 1288 3899 est
1308 3885 1322 3910 ,
1349 3859 1450 3899 nec
1474 3840 1749 3912 capillum,
1774 3839 1916 3893 sicut
1944 3853 2043 3917 nec
2065 3853 2193 3894 ocu-

583 3926 692 3983 lum
722 3970 738 3994 ,
784 3947 884 3989 nec
927 3934 1188 3991 dentem?
1231 3935 1498 3992 thtcrum
1546 3933 1687 3989 unde
1738 3932 1844 3987 erit
1887 3930 2042 3987 ﬂetus
2076 3972 2090 3995 ,
2137 3938 2193 3985 ct

583 4020 823 4078 dentium
858 4025 1076 4082 frendor
1105 4029 1155 4083 in
1202 4028 1479 4099 gehenna,
1514 4025 1614 4081 nisi
1662 4040 1729 4079 ex
1785 4023 1952 4079 oculis
1998 4033 2053 4080 et
2109 4022 2189 4097 (8)

586 4112 875 4171 dentibus?
896 4119 1077 4173 occiso
1101 4120 1305 4175 scilicet
1329 4120 1489 4174 etiam
1518 4131 1747 4187 corpore
1776 4116 1828 4170 in
1859 4116 2184 4187 gehennam,

584 4212 638 4258 et
664 4204 885 4277 detruso
911 4208 963 4263 in
994 4209 1244 4266 tenebras
1266 4210 1583 4275 exteriores,
1614 4224 1732 4278 quae
1757 4208 2036 4263 oculorum
2060 4221 2184 4277 pro-

583 4295 698 4364 pria
727 4308 852 4353 sunt
901 4307 1194 4367 tormenta,
1236 4301 1279 4357 si
1324 4302 1445 4373 quis
1483 4301 1535 4355 iu
1563 4299 1764 4369 nuptiis
1796 4299 1974 4353 minus
2009 4297 2184 4369 dignis

582 4389 831 4459 operibus
852 4391 1008 4450 fuerit
1033 4392 1248 4451 indutus
1270 4437 1287 4463 ,
1309 4392 1759 4466 constringendus
1797 4392 1979 4448 statim
2009 4391 2183 4447 mani-

2303 3379 2449 3434 nasei
2491 3378 2785 3444 habentes,
2816 3390 2933 3448 post
2962 3396 3120 3451 quam
3170 3400 3274 3438 non
3322 3387 3524 3442 nubent
3549 3431 3561 3451 ,
3591 3392 3684 3445 sed
3719 3409 3898 3448 resus-

2299 3471 2443 3526 citati
2471 3514 2484 3536 ,
2514 3471 2718 3526 similes
2742 3472 2887 3527 enim
2926 3484 3082 3528 erunt
3120 3477 3341 3546 angelis;
3375 3477 3447 3550 (ιι)
3477 3496 3579 3550 qua
3627 3499 3730 3538 non
3761 3499 3897 3556 nup-

2300 3565 2427 3629 turi,
2450 3566 2569 3636 quia
2598 3580 2697 3621 nec
2722 3567 2999 3633 morituri;
3041 3568 3135 3623 sed
3171 3585 3271 3638 qua
3302 3575 3575 3630 transituri
3617 3577 3667 3631 in
3696 3589 3892 3636 Statum

2298 3655 2595 3726 angelicum
2618 3698 2633 3724 ,
2668 3671 2763 3727 per
2799 3656 3168 3714 indumentum
3196 3660 3891 3742 illud'incorruptibilitatis,

2298 3765 2396 3820 per
2436 3749 2748 3805 substantia:
2769 3791 2786 3814 ,
2822 3753 3156 3808 resuscitatus
3190 3764 3373 3810 tamen
3394 3757 3890 3821 ,‘demutationem.

2295 3838 2561 3897 Caeterum
2587 3883 2601 3909 ,
2647 3857 2747 3898 nec
2783 3854 3113 3921 qutcreretur
3143 3888 3158 3912 ,
3202 3851 3415 3919 nupturi
3466 3852 3580 3907 sive
3624 3857 3890 3924 morituri,

2295 3949 2488 4002 necne,
2518 3949 2703 3990 rursus
2729 3949 2972 3992 essemus
2994 3979 3008 4003 ,
3037 3938 3082 3993 si
3113 3954 3216 3995 non
3249 3941 3366 4011 ejus
3392 3944 3479 3999 vel
3506 3948 3736 4005 maxime
3765 3952 3893 4007 sub-

2295 4026 2505 4093 stantia:
2534 4027 2803 4082 restitutio
2835 4027 2887 4082 in
2913 4028 3133 4084 dubium
3174 4042 3457 4090 vocaretur
3478 4078 3493 4104 ,
3531 4053 3649 4107 qua:
3671 4044 3891 4113 prolirie

2293 4130 2347 4175 et
2392 4128 2567 4176 morte
2610 4129 2663 4176 ct
2706 4121 2905 4191 nuptiis
2948 4121 3184 4194 fungitur
3211 4165 3226 4192 ,
3268 4126 3318 4181 id
3346 4138 3427 4182 est
3470 4132 3666 4187 carnis.
3712 4135 3888 4193 Habes

2289 4210 2448 4282 igitur
2506 4212 2788 4267 Dominum
2838 4215 3250 4273 conﬁrmantem
3303 4219 3562 4279 adversus
3606 4224 3889 4286 haereticos

2288 4301 2616 4369 Judzeorum,
2639 4304 2781 4374 quod
2804 4315 2857 4359 et
2886 4321 3026 4363 nunc
3055 4319 3279 4380 negatur
3303 4312 3440 4381 apud
3466 4302 3889 4387 ([)Sadduczcos

2286 4393 2734 4462 Christianorum,
2766 4396 2992 4453 solidam
3026 4403 3491 4459 resurrectionem.

608 4530 611 4531 ν
640 4498 675 4519 ‘
1766 4502 2149 4561 LECTIONES
2187 4503 2603 4568 VARIANTES.

644 4589 718 4660 (1)
750 4593 963 4660 Opponit
984 4597 1126 4660 Pam-
1154 4597 1309 4649 Fran-

644 4653 717 4779 (2')
753 4653 1004 4709 Occiditur
1023 4658 1135 4733 βίῃ.
1164 4663 1288 4711 Ven.

644 4719 699 4779 (ὅ
747 4718 789 4768 Α
813 4720 922 4769 Deo
942 4729 1090 4773 amnt.
1114 4721 1264 4773 Rhea.

663 4718 716 4774 ὅ)
747 4718 789 4768 Α
813 4720 922 4769 Deo
942 4718 1264 4773 autin-Rhea.
1291 4722 1433 4774 seml.

751 4781 1017 4851 Subjunxit
1038 4783 1147 4851 Περ.
1180 4788 1303 4851 Ven.

661 4842 715 4919 ξ)
746 4842 887 4919 {alter
906 4859 1067 4919 anates
1079 4842 1264 4919 urgete}:
1277 4849 1398 4898 Jun.

664 4905 715 4972 ﬁ)
752 4905 1202 4972 Euutneratos'ltig.
1223 4912 1345 4960 Ven.

701 4967 715 5027 )
748 4967 981 5019 Adﬁrmat
997 4970 1107 5027 Βία.
1140 4967 1260 5022 Ven.

696 5033 715 5093 1
746 5029 820 5093 EX
845 5030 965 5093 add-
994 5028 1148 5086 ΒΙῖεη.
1176 5028 1328 5086 Serui.

701 5091 717 5157 )
750 5091 1023 5145 Duodecim
1044 5096 1166 5147 add.
1192 5104 1344 5147 Frau.

651 5305 803 5386 _CAP.
832 5304 1191 5386 XXKVl:_j-_
1223 5307 1297 5383 (a)
1343 5306 1607 5386 Siquidem
1652 5302 1935 5386 Sadduaei
1959 5344 1974 5368 ,
2028 5317 2186 5371 neque

583 5378 782 5432 animos.
812 5390 915 5433 etc.
949 5381 1023 5433 lle
1045 5380 1151 5434 illis
1179 5377 1445 5434 haereticis
1468 5394 1575 5433 non
1598 5377 1761 5431 semel
1789 5377 1893 5429 hoc
1919 5377 1969 5427 in
1999 5387 2186 5442 opere,

582 5457 636 5500 et
661 5449 779 5504 aliis
807 5450 989 5505 monui
1023 5451 1214 5506 alicubi
1241 5454 1436 5505 animae
1473 5448 1951 5511 immortalitatem,
1981 5455 2034 5498 ct
2058 5457 2189 5498 cur-

584 5532 770 5593 parum
794 5524 1264 5593 ‘t‘esttt‘t‘ectionem
1297 5536 1542 5593 negasse.
1588 5519 1664 5573 LE
1696 5519 1790 5593 Pu.

653 5588 736 5665 (ιθ)
782 5590 856 5665 De
883 5594 1052 5647 carnis
1081 5596 1265 5647 scilicet
1305 5584 1526 5665 obtentu.
1574 5591 1839 5665 Quoniam
1869 5587 2093 5665 deerant
2122 5584 2190 5639 ad

585 5657 854 5731 probanda
899 5674 1199 5719 commenta
1234 5665 1468 5719 rationes
1498 5662 1768 5731 legitimae,
1800 5659 1953 5731 ﬁctas
1992 5657 2189 5711 obten-

584 5729 781 5787 debant
806 5734 1089 5789 Satlduexei
1111 5770 1127 5801 ,
1159 5728 1574 5804 qumrebantque
1615 5746 1645 5786 a
1678 5728 1899 5804 Christo
1924 5728 1994 5783 de
2024 5740 2193 5804 uxore

588 5805 900 5875 maritorum
927 5799 1151 5873 septem,
1179 5799 1332 5875 cujus
1357 5799 1501 5860 esset
1521 5818 1654 5875 uxor
1670 5802 1728 5875 in
1751 5799 2147 5875 resurrectione
2173 5814 2188 5863 ;

590 5874 730 5949 quod
759 5870 1007 5949 frivolum
1030 5892 1136 5949 non
1165 5870 1471 5949 modotsed
1496 5874 1800 5949 ridiculum.
1842 5870 2046 5949 LB_Pu.

662 5941 736 6021 (ο)
773 5946 901 6005 tiam
948 5946 1304 6023 conﬁrmabat.
1332 5941 1468 6009 'Non
1511 5946 1650 6006 ntale
1697 5944 1873 6004 forsan
1926 5941 2194 6017 legeretur

2281 4722 2534 4776 e'o'Puris.

2199 4596 2251 4657 ι)
2339 4597 2446 4726 (10)
2478 4600 2551 4649 Ad
2573 4599 2831 4650 dexteram
2858 4607 2973 4660 tunc
2996 4602 3098 4667 Rig.
3131 4613 3246 4657 Ven.

2320 4722 2323 4726 _
2370 4661 2416 4710 ti
2480 4662 2552 4726 Ex
2570 4675 2669 4726 quo
2688 4663 2768 4714 vel
2793 4677 2859 4715 m.
2903 4677 3021 4726 spes
3043 4678 3245 4719 resurre

2570 4675 2669 4726 quo
2688 4663 2768 4714 vel
2793 4677 2859 4715 m.
2903 4677 3021 4727 spes
3043 4661 3419 4723 Fesurreetionis
3445 4672 3764 4730 labefactatur
3781 4716 3795 4742 ,
3823 4696 3887 4734 ex

2373 4785 2449 4850 l9.)
2485 4787 2742 4850 Conﬁrmat.
2764 4785 2913 4839 Rhea.
2940 4787 3095 4841 Seml.

2376 4847 2451 4909 l5)
2484 4849 2638 4909 Onam
2662 4847 2817 4903 Rhea.
2844 4850 2996 4903 Seml.

2376 4908 2451 4977 14)
2487 4908 2747 4977 Dominum
2772 4910 2925 4977 Rhea.
2953 4908 3108 4965 Seml.

2376 4974 2452 5039 15)
2488 4974 2762 5039 Negabit...
2782 4975 3148 5039 demonstrabit
3166 4975 3316 5032 R/wu.
3343 4981 3495 5034 Seml.

2377 5033 2452 5101 16)
2486 5033 2714 5101 Appellat
2730 5033 2882 5089 Illum.
2901 5038 3045 5090 semt.

1966 5178 2522 5245 COMMENTARIUS.

2294 5295 2563 5378 conﬁrmat
2585 5336 2600 5359 ,
2646 5292 2746 5378 hoc
2790 5294 2960 5378 magis
2997 5296 3267 5378 placaret;
3301 5302 3349 5357 id
3375 5305 3517 5361 enim
3547 5309 3783 5378 pressius
3812 5314 3892 5369 l0-

2295 5362 2557 5438 quiturct
2584 5362 2972 5438 vehementius.
3002 5362 3086 5422 LE
3117 5368 3214 5424 Pu.

2367 5436 2445 5510 (d)
2466 5430 2670 5518 ,ΜοΠηί
2700 5445 2979 5505 resurgant.
3017 5438 3270 5511 Legerem
3301 5460 3587 5518 resurgunt,
3618 5449 3701 5505 vel
3726 5469 3898 5512 resur-

2294 5506 2434 5582 geul.
2466 5508 2540 5582 Le
2569 5506 2663 5562 Pu.

2369 5579 2444 5654 (ρ)
2478 5581 2593 5645 Qua
2618 5591 2719 5631 non
2741 5579 2976 5654 nupturi,
3008 5580 3126 5648 quia
3157 5597 3246 5634 nec
3274 5586 3522 5642 morituri.
3557 5592 3686 5646 Post
3710 5609 3895 5654 resnr-

2299 5648 2905 5728 rectionemnuptiarum
2930 5663 3058 5728 usus
3085 5666 3188 5704 non
3217 5658 3447 5728 exstabit
3471 5676 3484 5723 ;
3518 5676 3638 5714 cum
3658 5648 3799 5721 enim
3822 5648 3899 5728 ad

2295 5726 2510 5806 generis
2541 5729 2745 5806 tutulum
2770 5719 2994 5806 Immani'
3018 5725 3456 5805 prepagationem
3474 5719 3741 5785 instituta:
3764 5719 3900 5806 sint:

2298 5789 2385 5847 ubi
2413 5801 2590 5873 cessat
2618 5791 2707 5871 illa
2724 5789 2997 5874 ‘moriendi
3022 5789 3334 5874 necessitas,
3361 5809 3535 5852 cessat
3560 5817 3772 5874 quoque
3799 5789 3901 5869 till};

2299 5862 2696 5938 propagationis
2723 5860 3019 5938 forma._Le
3046 5864 3142 5921 Pu.

2297 5929 2338 6011 ᾖ,
2372 5929 2438 6018 (l’)
2470 5929 2785 5991 Sadducwos
2813 5929 3239 5996 Christianorum.
3279 5933 3349 5993 Ut
3374 5933 3651 5997 Sadduczci
3681 5942 3908 6010 Judreo.
