4052 6286
297 3732 349 3792 οὲ

49 3734 424 3829 νιζέῖδὲἱῘέκὲ

557 272 663 333 849

1607 277 1808 335 LIBER
1850 277 1937 334 es
1977 275 2554 336 RESURRRCTIONE
2592 278 2862 371 canens.

3750 275 3861 336 850

554 390 760 457 speciei
786 388 1061 456 subdidit,
1093 397 1273 459 posset
1298 389 1478 461 utique
1505 399 1559 446 et
1601 402 1940 463 resurgentes
1980 393 2147 447 oculis
2174 395 2225 452 A
2254 393 2422 449 videri
2455 395 2761 451 rescindere
2785 438 2798 457 ,
2834 394 2990 451 tidem
3040 394 3451 452 resurrectionis
3494 394 3679 467 utique
3721 408 3852 450 con-

554 481 812 539 exbihere
835 484 955 539 sine
974 498 1157 539 carne.
1206 484 1276 538 At
1295 498 1394 553 ego
1418 484 1583 538 Deum
1610 484 1750 539 malo
1778 484 2025 554 decipere
2049 500 2153 539 non

555 591 738 647 posse,
766 578 834 631 de
863 577 1066 632 fallacia
1096 576 1436 632 solummodo
1467 580 1754 641 iulirmum,
1781 593 1847 632 ne
1875 579 2028 632 aliter
2053 578 2152 632 do-

553 678 801 723 ctmtrnta
826 653 1355 739 pr:etnisisse,iquam
1380 684 1491 723 rem
1516 669 1847 737 disposuisse
1872 670 2111 724 videatur
2137 690 2149 725 :

553 760 663 815 imo
688 803 703 825 ,
735 777 802 815 ne
826 760 870 816 si
902 760 1207 830 exemplum
1240 761 1652 816 resurrectionis
1689 762 1807 817 sine
1844 776 2006 817 carne
2047 779 2150 816 non

555 852 717 906 valuit
763 852 1053 918 inducere,
1083 851 1252 906 multo
1288 852 1458 922 magis
1504 852 1885 922 plenitudinem
1917 854 2152 923 exempli

553 944 608 1000 in
630 944 816 999 eadem
838 945 1133 999 substantia
1157 944 1418 1000 exhibere
1446 960 1550 999 non
1576 947 1761 1014 possit.
1790 945 2003 1002 Nullum
2026 962 2153 1002 vero

501 1031 854 1108 'e‘mmphun
889 1038 1061 1108 majus
1106 1048 1189 1093 est
1234 1053 1320 1105 eo,
1353 1039 1507 1109 cujus
1557 1041 1857 1110 exemplum
1899 1052 1997 1096 est.
2041 1041 2150 1096 Ma-

546 1130 635 1201 jus
675 1129 862 1204 est(l)
915 1141 1129 1197 autem,
1159 1132 1203 1186 si
1252 1132 1445 1186 animm
1497 1147 1620 1187 eum
1662 1148 1888 1202 corpore
1924 1135 2153 1188 resusci-

552 1223 804 1284 tatumtur
861 1220 940 1295 (‘2)
1009 1222 1063 1277 in
1108 1221 1487 1278 documentum
1547 1223 1663 1279 sine
1704 1238 1929 1293 corpore
1970 1239 2152 1278 resur-

550 1315 704 1386 gendi
731 1361 741 1375 .
769 1326 825 1370 ut
854 1326 961 1370 tota
993 1315 1228 1372 hominis
1254 1316 1399 1370 salus
1429 1315 1663 1370 dimidia:
1693 1317 2150 1386 patrocinaretur;

548 1406 762 1478 quando
807 1407 1180 1477 exemplorum
1217 1405 1456 1461 conditio
1485 1406 1613 1460 illud
1650 1407 1824 1477 potius
1854 1416 2149 1477 exlieteret,

549 1499 690 1571 quod
719 1501 893 1556 minus
924 1498 1247 1567 haberetur,
1277 1500 1471 1554 anima':
1510 1500 1634 1555 dico
1683 1501 1849 1555 solius
1882 1516 2154 1556 resurrec-

550 1596 791 1661 tionem,
853 1594 998 1671 velut
1048 1604 1260 1665 gustum
1305 1595 1486 1650 carnis
1527 1596 1687 1650 etiam
1745 1592 1824 1667 ('5)
1880 1610 2153 1650 resurrec—

551 1697 685 1742 tnrae
727 1702 826 1740 suo
893 1685 945 1741 in
995 1694 1257 1757 tempore.
1312 1686 1488 1757 Atque
1541 1686 1675 1740 adeo
1703 1685 1804 1759 (4),
1861 1686 2153 1742 secundum

2263 487 2508 541 tirmabat
2559 487 2851 543 secundum
2900 489 3231 556 Pharisaeos,
3274 504 3531 560 respuens
3572 497 3854 559 negatores

2259 578 2374 647 ejus
2398 579 2744 636 Sadductees.
2779 580 3012 636 Proinde
3046 590 3096 635 ct
3135 581 3274 652 apud
3303 581 3610 652 Agrippam,
3637 578 3768 634 nihil
3796 593 3855 633 sc

2258 670 2333 723 ait
2381 669 2661 740 proferre,
2709 672 2843 726 citra
2889 687 3048 742 qnam
3090 670 3376 741 propheta:
3423 669 3849 725 amumtiassent.

2258 762 2399 833 Ergo
2442 762 2688 818 servabat
2732 763 3179 818 resurrectiOuem
3220 776 3451 834 quoque,
3482 762 3691 832 qualem
3724 776 3852 830 pro-

2256 852 2433 926 phetae
2461 854 2860 919 annuntiarant.
2908 853 3038 908 Nam
3085 864 3140 908 et
3180 853 3246 909 de
3285 853 3680 909 resurrectione
3706 867 3895 929 mor}

2258 956 2466 1002 tuorum
2498 948 2639 1019 apud
2678 948 2894 1019 Moysen
2923 946 3181 1016 scriptum
3230 961 3691 1011 commemorans,
3722 960 3844 1000 eor-

2260 1041 2493 1111 pqralem
2523 1055 2638 1093 eam
2684 1048 2876 1103 norat;
2911 1040 2961 1094 in
3002 1054 3104 1109 qua
3133 1039 3337 1095 scilicet
3373 1037 3589 1109 sanguis
3622 1037 3852 1103 hominis

2257 1133 2462 1203 exquiri
2492 1130 2727 1187 habebit.
2761 1132 2941 1204 Itaque
2975 1133 3129 1187 talem
3164 1133 3524 1202 praedicabat,
3553 1132 3764 1203 qualem
3797 1139 3852 1187 et

2256 1222 2511 1278 Pharisaei
2556 1233 2933 1293 susceperant,
2964 1232 3019 1279 ct
3062 1225 3317 1279 Dominus
3359 1224 3472 1295 ipse
3521 1223 3851 1285 defenderat,

2257 1325 2311 1369 et
2339 1314 2647 1379 Saddnczei,
2673 1331 2740 1371 ne
2782 1317 2938 1371 talem
2985 1331 3196 1387 quoque
3234 1316 3560 1383 crederent,
3599 1317 3650 1370 in
3681 1325 3848 1371 totum

2258 1422 2379 1462 esse
2426 1408 2724 1463 nuhterant.
2773 1408 2877 1463 Sed
2910 1424 3008 1463 nec
3045 1409 3402 1466 Athenienses
3441 1409 3598 1464 aliam
3641 1409 3853 1465 intelle-

2258 1510 2447 1556 xerant
2486 1517 2512 1550 τι
2552 1500 2717 1554 Paulo
2757 1500 3001 1570 portendi
3037 1518 3050 1556 :
3096 1500 3327 1572 denique
3382 1502 3658 1559 irriserant
3685 1543 3699 1569 ,
3744 1518 3849 1556 non

2259 1575 2478 1647 irrisuri
2515 1593 2755 1656 omnino,
2780 1593 2824 1647 si
2852 1592 3045 1647 anima:
3075 1593 3244 1647 solius
3275 1594 3666 1650 restitutionem
3697 1594 3855 1649 abeo
3886 1618 3895 1631 ι
3984 1634 3991 1639 .

2258 1686 2565 1748 audissent;
2598 1685 2960 1753 suscepissent
2990 1687 3134 1741 enim
3181 1687 3478 1743 vernaculae
3516 1703 3628 1743 sua:
3678 1687 3858 1759 philo-

549 1786 789 1834 nostram
841 1776 953 1832 veri
1008 1776 1088 1850 (5)
1137 1776 1548 1832 azstimationem
1600 1776 1715 1851 (6),
1762 1778 2002 1848 exempla
2066 1778 2153 1832 illa
2186 1788 2232 1848 Β
2260 1776 2906 1848 sophiaefrequentiorum
2932 1779 3422 1849 pra-sumptionem.
3456 1779 3520 1833 At
3561 1779 3647 1833 ubi
3680 1779 3853 1834 natio-

552 1878 883 1925 mortuorum
924 1884 955 1923 a
1001 1868 1228 1924 Domino
1281 1869 1659 1924 suscitatorum
1707 1869 2158 1924 commendabant

553 1960 765 2032 quidem
813 1970 868 2016 et
902 1961 1080 2016 carnis
1115 1970 1170 2016 et
1204 1950 1398 2017 animm
1439 1961 1888 2030 resurrectionem
1912 2005 1926 2026 ,
1960 1978 2026 2018 ne
2072 1963 2153 2016 cui

555 2053 867 2108 Substautia:
906 2060 1194 2122 negaretur
1224 2052 1327 2108 hoc
1355 2052 1592 2119 donum;
1622 2069 1742 2123 qua:
1771 2064 1946 2108 tamen
1977 2069 2158 2109 exem-

557 2142 641 2214 pla
670 2158 737 2197 eo
768 2143 941 2198 utilius
973 2142 1173 2213 aliquid
1199 2142 1432 2200 edebant
1459 2144 1588 2217 (non
1628 2144 1772 2200 enim
1817 2146 1867 2200 in
1908 2146 2154 2215 gloriam,

559 2250 658 2290 nec
682 2234 1257 2306 incorruptibilitatem,
1283 2235 1378 2290 sed
1403 2237 1455 2290 in
1492 2244 1722 2293 mortem
1744 2237 1903 2292 aliam
1926 2240 2154 2295 suscita-

560 2324 797 2399 bantur),
830 2342 990 2398 quam
1014 2326 1243 2384 ediderit
1281 2326 1548 2383 Christus.

1108 2461 1338 2519 CAPUT
1378 2461 1622 2520 XXXlX.

640 2595 1113 2652 Rcsurrectionem
1182 2580 1477 2669 apostolica
1535 2615 1745 2671 quoque
1803 2601 2163 2673 instrumenta

565 2697 848 2745 testantur.
895 2687 1029 2744 Nam
1077 2697 1133 2751 et
1176 2690 1448 2762 Apostolis
1477 2691 1680 2747 nullum
1712 2693 1853 2750 aliud
1894 2700 2160 2767 negotium

565 2782 664 2837 iuit
693 2824 709 2846 ,
756 2781 1035 2836 dumtaxat
1079 2782 1218 2852 apud
1273 2782 1526 2838 lsraelem
1557 2824 1572 2851 ,
1624 2801 1781 2854 quam
1835 2786 1910 2861 (η)
1969 2791 2163 2845 veteris

567 2872 898 2930 Testamenti
928 2873 1265 2944 resignaudi,
1304 2884 1358 2929 ct
1400 2875 1522 2930 novi
1569 2878 1915 2948 etmsiguandi
1942 2920 1955 2941 ,
1988 2881 2164 2949 potius

565 2963 674 3036 jam
701 2965 789 3017 llei
816 2969 865 3019 in
888 2963 1100 3020 Christo
1122 2966 1496 3021 concionaudi.
1517 2967 1593 3021 lta
1616 2969 1756 3024 etde
1772 2973 2165 3028 resurrectione

508 3023 700 3113 i«nihil
750 3058 872 3112 novi
947 3057 1238 3113 intulerunt
1284 3057 1364 3132 (7)
1394 3100 1410 3124 ,
1468 3060 1568 3115 nisi
1616 3062 1756 3131 quod
1799 3072 1854 3118 et
1897 3064 2064 3134 ipsam
2114 3066 2165 3121 in

2262 1884 2357 1924 nes
2387 1869 2711 1939 [3FiBCOllilltll
2754 1870 3168 1925 resurrectionis
3195 1912 3210 1937 ,
3250 1869 3502 1926 inaudita:
3530 1880 3674 1927 retro
3695 1913 3710 1939 ,
3741 1871 3853 1941 ipsa

2262 1963 2497 2018 novitate
2540 1964 2850 2029 concussit,
2895 1974 2949 2019 et
2989 1964 3146 2034 digna
3183 1963 3526 2019 incredulitas
3569 1963 3647 2020 rei
3690 1972 3851 2018 tanta:

2260 2056 2646 2127 qumstiouibus
2722 2057 2879 2112 ﬁdem
2935 2066 3184 2128 torquere
3244 2057 3323 2132 (8)
3367 2059 3564 2127 C(Bpit,
3618 2066 3741 2114 tunc
3800 2068 3857 2112 et

2261 2148 2548 2220 Apostolus
2594 2147 2665 2223 (ιτ)
2709 2165 2805 2221 per
2848 2160 3015 2205 totum
3064 2164 3200 2220 pene
3236 2154 3650 2206 instrumentum
3698 2149 3859 2206 ﬁdem

2265 2240 2424 2311 hujus
2453 2241 2566 2311 spei
2597 2242 2951 2298 corroborare
2979 2244 3188 2298 curavit
3218 2285 3232 2307 ,
3262 2254 3317 2298 et
3356 2258 3476 2298 esse
3519 2257 3637 2296 eam
3677 2251 3861 2297 osten-

2262 2334 2415 2400 dens,
2447 2344 2501 2390 et
2532 2336 2769 2391 nondum
2800 2346 3119 2392 transactam
3145 2378 3161 2402 ,
3189 2346 3243 2392 et
3271 2335 3362 2409 (de
3386 2352 3491 2407 quo
3521 2336 3690 2406 magis
3716 2351 3860 2405 quae-

2263 2427 2502 2498 rebatur)
2531 2428 2863 2499 corporalem
2891 2471 2905 2494 ,
2938 2437 2991 2485 et
3029 2429 3208 2500 (quod
3235 2430 3455 2501 insuper
3497 2425 3861 2500 dubitabatur)

2265 2538 2369 2577 non
2398 2523 2556 2579 aliter
2605 2524 2965 2594 corporalem.

2875 2614 3105 2672 CAPUT
3146 2613 3256 2671 XL.

2338 2706 2478 2764 Nihil
2522 2715 2700 2765 autem
2743 2707 2938 2763 mirtun
2967 2751 2983 2775 ,
3013 2710 3057 2764 si
3095 2721 3149 2764 et
3195 2723 3259 2764 ex
3293 2708 3460 2778 ipsius
3505 2708 3864 2762 instrumento

2267 2809 2550 2872 raptentur
2594 2809 2938 2871 argumenta,
2969 2815 3091 2855 cum
3139 2810 3385 2871 oporteat
3428 2800 3662 2854 hzerrscs
3704 2814 3864 2860 esse;

2268 2907 2387 2962 qua:
2413 2907 2534 2947 esse
2560 2907 2666 2947 non
2694 2901 2945 2961 possent,
2976 2892 3019 2947 si
3045 2906 3149 2947 non
3187 2900 3243 2947 ct
3269 2907 3548 2962 perperam
3578 2890 3962 2960 Scriptura)?"

2270 2983 2490 3053 intelligi
2524 2993 2761 3053 possent.
2808 2981 2989 3038 Nacta:
3039 2982 3120 3056 (9)
3168 2983 3399 3053 denique
3454 2982 3689 3038 ha-rcses
3735 2981 3874 3036 duos

2272 3076 2516 3132 homines
2543 3077 2611 3133 ab
2639 3077 2900 3147 Apostolo
2945 3077 3117 3132 editos
3141 3120 3156 3142 .
3189 3076 3519 3143 interiorem,
3557 3077 3604 3129 id
3644 3086 3727 3132 est
3751 3077 3870 3131 aui-

569 3151 796 3223 gloriam
821 3152 1016 3207 Clll‘iSll
1046 3153 1463 3220 ammntiabant;
1491 3155 1557 3209 de
1586 3165 1784 3211 caetero
1807 3199 1822 3223 ,
1853 3159 2077 3228 simplici
2114 3173 2165 3216 et
2196 3183 2239 3243 Ο
2275 3184 2413 3224 mam
2437 3213 2449 3233 ‘
2482 3177 2539 3224 ct
2581 3168 2928 3233 exteriorem,
2955 3168 3004 3224 id
3027 3178 3109 3225 est
3127 3184 3373 3234 carnem;
3406 3169 3626 3224 salutem
3653 3168 3869 3239 quidem

573 3258 697 3303 nota
743 3247 852 3316 jam
917 3245 1022 3301 [ide
1072 3257 1382 3317 τροιοιιιςιιιι,
1452 3246 1525 3319 (b)
1574 3248 1689 3304 sine
1749 3249 1853 3305 ulla
1898 3252 2168 3321 qualitatis

572 3341 871 3412 (put-tione
892 3383 907 3407 ,
937 3341 1064 3396 solis
1092 3343 1479 3411 rebagautinus
1509 3342 1836 3399 Sadducmis.
1863 3346 2013 3400 Adeo
2042 3345 2168 3402 faei-

573 3434 676 3491 liu~
700 3434 793 3489 fuit
826 3436 1004 3505 negari
1036 3436 1086 3489 in
1128 3445 1294 3489 totum
1337 3446 1666 3491 mortuorum
1693 3440 2166 3509 resurrectionem,

574 3545 732 3600 quam
763 3530 920 3584 aliter
959 3530 1201 3600 intelligi.
1252 3529 1429 3585 Habes
1474 3530 1722 3594 Paulum,
1756 3535 1895 3604 apud
1933 3550 2172 3593 summos

575 3622 885 3679 sacerdotes
912 3623 1009 3678 Sub
1041 3624 1254 3677 tribuno
1277 3624 1413 3678 inter
1445 3625 1768 3681 Saddncazos
1795 3639 1846 3682 et
1873 3628 2173 3687 Pharismos

494 3745 540 3768 ,ε
579 3715 701 3769 tidei
759 3731 872 3768 sua:
922 3714 1333 3785 prochSorcm:
1381 3716 1525 3782 Viri,
1572 3719 1778 3789 inquit,
1822 3721 2041 3792 fratres,
2084 3742 2174 3797 ego

577 3807 865 3877 plmriueus
894 3824 1003 3860 sum
1022 3849 1036 3870 ,
1070 3808 1207 3874 [ilius
1235 3807 1639 3877 plutrisworum;
1666 3811 1730 3867 de
1757 3829 1847 3882 spe
1876 3831 2009 3869 nunc
2041 3825 2087 3871 ει
2115 3817 2179 3870 de

580 3901 946 3955 resurrrctioue
974 3900 1185 3972 judiror
1221 3901 1362 3972 apud
1391 3916 1514 3967 vos;
1544 3904 1727 3974 utique
1771 3910 2037 3962 communi
2064 3926 2077 3974 ;
2110 3926 2179 3966 ne

580 3993 702 4061 quia
725 3993 832 4062 jam
882 4001 1245 4061 transgressor
1284 3992 1415 4061 legis
1456 3993 1770 4058 videbatur.
1814 3996 1881 4051 de
1909 3999 2179 4069 prmcipuo

582 4087 705 4141 tidri
739 4086 898 4141 totius
925 4086 1150 4141 articulo
1173 4127 1186 4147 .
1222 4084 1273 4138 id
1301 4085 1470 4140 estde
1497 4088 1911 4155 resurrectione,
1945 4091 2010 4146 ad
2043 4093 2177 4148 Sad-

584 4178 803 4236 duczeos
856 4194 1045 4250 sapere
1102 4178 1518 4234 existimaretur.
1582 4179 1694 4248 lla,
1746 4197 1904 4254 quam
1961 4188 2174 4242 nolebat

2271 3265 2464 3319 anima:
2488 3306 2503 3327 ,
2539 3263 2587 3316 id
2619 3272 2704 3318 est
2731 3263 2970 3319 interiori
3003 3262 3202 3318 homini
3231 3303 3247 3327 ,
3277 3263 3498 3319 exitium
3542 3277 3669 3317 vero
3696 3261 3868 3327 carni,

2273 3355 2325 3410 id
2364 3363 2446 3408 est
2484 3354 2770 3416 exteriori,
2799 3353 3273 3423 adjudieaverunt;
3325 3354 3447 3424 quia
3499 3353 3756 3424 scriptum
3804 3353 3876 3405 sit

2274 3448 2565 3504 Corinthiis
2600 3466 2612 3501 :
2657 3446 2795 3502 Num
2844 3449 2936 3503 etsi
2987 3448 3138 3502 homo
3168 3456 3338 3502 noster
3385 3448 3601 3503 exterior
3645 3463 3876 3501 corrum-

2275 3548 2432 3615 pitur,
2466 3540 2551 3596 scd
2599 3540 2807 3596 interior
2834 3551 3104 3595 renovatur
3129 3540 3192 3595 de
3215 3538 3329 3613 (10)
3353 3540 3434 3595 die
3461 3548 3507 3594 et
3533 3541 3635 3594 die.
3683 3539 3873 3607 Porro,

2278 3652 2377 3691 nec
2406 3636 2582 3690 anima
2617 3652 2716 3704 per
2745 3636 3104 3707 semetipsum
3138 3635 3319 3700 homo,
3347 3650 3465 3705 qua:
3495 3632 3877 3704 tigmentojam

2282 3731 2484 3786 homini
2543 3729 2659 3803 (lt)
2693 3728 2960 3800 appellato
2993 3737 3174 3798 postea
3217 3729 3415 3783 inserta
3458 3736 3570 3792 est;
3622 3739 3720 3781 nec
3748 3740 3877 3780 caro

2280 3826 2397 3880 sine
2423 3826 2596 3879 anima
2624 3824 2806 3889 homo,
2839 3839 2979 3893 quae,
3013 3832 3135 3893 post
3161 3823 3378 3879 exilium
3401 3821 3617 3885 animat,
3644 3818 3876 3875 cadaver

2283 3917 2611 3974 inscribitur.
2657 3916 2734 3970 lta
2775 3915 3094 3970 vocabulum
3139 3915 3290 3970 homo
3333 3922 3702 3980 consertarum
3744 3912 3874 3966 sub—

2283 4010 2599 4065 stantiarutn
2650 4006 2875 4062 duarum
2921 4006 3171 4077 qnodam’
3210 3992 3369 4062 modo
3416 4005 3576 4060 libnla
3626 4011 3709 4058 est
3736 4021 3750 4056 :
3779 3998 3881 4056 sub

2282 4116 2390 4172 quo
2417 4099 2699 4165 vocabulo,
2726 4112 2831 4155 non
2865 4107 3087 4169 possunt
3131 4114 3252 4156 esse
3294 4098 3393 4166 nisi
3433 4095 3549 4173 (12)
3593 4095 3880 4153 colla-ren-

2274 4203 2377 4248 tes.
2407 4191 2484 4266 (ά)
2506 4192 2691 4259 Porro,
2716 4191 3000 4265 Apostolus
3029 4191 3339 4250 interiorem
3368 4190 3660 4253 hominem,
3687 4185 3757 4261 (c)
3773 4199 3880 4240 non

1807 4275 2187 4339 LECTIONES
2228 4283 2641 4343 VARIANTES.

674 4368 722 4427 1)
755 4367 902 4433 Esset
920 4364 1030 4433 cod.
1064 4365 1250 4416 Wouw.
1288 4427 1298 4433 _
1351 4428 1417 4433 __
1487 4429 1490 4433 ‘

675 4432 722 4490 :2)
756 4430 1185 4480 Resuscitarentur
1206 4427 1318 4478 ωτι.
1351 4428 1539 4479 Wouw.

677 4492 728 4613 5)
763 4492 919 4542 Etiam
939 4493 1066 4541 abest
1087 4504 1120 4539 a
1142 4498 1292 4540 Fran.

681 4556 704 4602 ι
758 4554 877 4604 Ideo
893 4553 1002 4604 rod.
1036 4554 1223 4603 Wouw.

651 4553 723 4613 (4)
758 4554 877 4604 Ideo
893 4553 1002 4604 rod.
1036 4554 1223 4603 Wouw.

678 4618 728 4679 FS)
762 4616 894 4679 Yero
924 4619 1045 4667 Ven.

671 4678 725 4744 6)
757 4678 1178 4731 Existimationem
1203 4679 1355 4729 Fran.
1380 4680 1522 4730 Pam.

2208 4670 2262 4730 D

2352 4379 2423 4440 (7)
2458 4378 2732 4429 Intulerant
2752 4375 2905 4440 Rhea.

2349 4438 2422 4504 (8)
2455 4439 2770 4504 Extorquere
2791 4438 2940 4492 Rhen.
2964 4438 3116 4492 Seml.

2375 4500 2426 4567 9)
2443 4502 2598 4567 _N_at£3
2620 4500 2772 4567 then.

2382 4562 2458 4628 lii)
2494 4565 2572 4615 De
2592 4564 2743 4616 0min.
2761 4562 2874 4628 Rig.
2899 4572 3012 4613 Ven.

2381 4629 2395 4677 l
2412 4627 2456 4678 1)
2491 4628 2701 4677 Homine
2726 4627 2873 4677 Rhcn.

2379 4686 2453 4740 12)
2490 4690 2589 4739 Nisi
2611 4686 2738 4740 abest
2756 4701 2788 4738 α
2809 4687 2958 4739 Rhen.

1964 4744 2516 4810 COMMENTARIUS.

663 4833 818 4912 CAP.
850 4832 1097 4912 XXXIX.
1119 4865 1192 4912 :—
1220 4832 1300 4912 (ει)
1321 4831 1526 4912 ’νειενὶε
1564 4836 1868 4912 Testamcnti
1900 4842 2196 4912 resignandi

596 4917 641 4982 et
671 4907 788 4961 novi
816 4906 1169 4982 cortsignandi.
1213 4906 1421 4982 Optima
1453 4910 1765 4978 metaphora
1796 4921 1943 4967 notat
1965 4906 2194 4982 Aposto-

596 4979 678 5033 lus
712 4977 1033 5046 explicuisse
1075 4985 1226 5031 vetus
1267 4977 1667 5034 'I‘estamenuim
1698 5025 1711 5038 .
1744 4990 1797 5036 et
1836 4977 2029 5037 novum
2062 5000 2194 5040 con-

596 5049 858 5123 ﬁrmasse.
883 5048 1382 5123 Testamentienim
1406 5059 1487 5123 est
1512 5051 1709 5118 aperiri
1737 5054 2115 5123 resignatione.
2140 5066 2197 5110 et

600 5120 1009 5191 consignatione
1055 5119 1304 5191 stabiliri.
1361 5119 1534 5177 Labor
1588 5123 1744 5191 igitur
1803 5119 2196 5191 pﬁvdicatiouis

600 5185 909 5261 apostolica!
932 5185 1031 5262 fuit
1052 5190 1247 5245 veteris
1275 5191 1558 5262 explicatio
1582 5185 1683 5260 ,'ct
1713 5185 1835 5251 novi
1866 5195 2194 5254 Testamcnti

602 5262 955 5319 conﬁrmatio.
992 5261 1013 5331 Vl
1028 5275 1128 5315 .AC.
1349 5261 1354 5262 ⁷
1523 5320 1530 5331 ι

673 5332 751 5408 (b)
783 5332 905 5388 Sine
945 5330 1688 5409 ulla.qualito_tis‘quwﬂione.
1738 5335 1795 5390 Id
1837 5345 1922 5391 θηῐ
1948 5380 1962 5402 ,
1995 5338 2198 5409 absque

601 5403 705 5479 ulla
731 5403 1111 5479 controversia
1150 5404 1325 5479 qualis
1352 5403 1580 5479 fuisset,
1618 5423 1808 5477 nempe
1850 5425 1915 5462 an
1957 5403 2201 5479 corporis

605 5478 685 5530 vel
715 5474 945 5540 animae;
979 5489 1099 5528 nam
1130 5489 1250 5528 eum
1280 5474 1587 5529 Saddnemis
1618 5493 1724 5532 non
1745 5474 1880 5532 'erat
1923 5474 2199 5535 dissidium

607 5559 722 5600 utra
770 5545 1095 5601 resurrectio
1144 5544 1319 5599 futura
1364 5556 1507 5600 esset
1548 5551 1740 5602 anima:
1786 5565 1853 5603 an
1903 5552 2112 5608 carnis.
2148 5561 2205 5607 ut

606 5627 788 5672 contra
818 5616 1098 5671 hatreticos
1137 5615 1370 5685 disputat
1412 5618 1633 5684 Auctor,
1663 5610 1755 5674 sed
1799 5620 1866 5675 de
1908 5624 2201 5677 substantia

610 5686 1037 5748 resurrectionis.
1093 5702 1249 5756 quam
1291 5686 1533 5742 absolute
1579 5699 1632 5744 et
1686 5690 1889 5762 integre
1942 5694 2206 5764 negabant

612 5757 907 5813 Sadducu‘i.
942 5756 1073 5812 Lac.

653 5771 907 5812 adducam.
942 5771 1073 5812 LAC.

683 5825 755 5903 (ο)
785 5827 884 5882 Per
906 5838 1065 5883 totum
1089 5844 1215 5898 pene
1236 5828 1643 5886 instrumentum.
1675 5831 1732 5887 Β.
1760 5832 1907 5889 Pauli
1936 5835 2203 5907 Epistolas

2302 4846 2501 4900 iudicat
2522 4853 2655 4901 teste
2678 4843 2959 4905 Rbenauo,
2986 4844 3036 4897 in
3059 4845 3253 4912 quibus
3275 4841 3461 4899 'valida:
3483 4842 3893 4899 resurrectionis

2300 4917 2640 4986 probationes
2686 4914 3003 4969 all'eruntur.
3054 4914 3215 4972 Vides
3248 4916 3349 4986 hoc
3377 4916 3427 4969 in
3455 4917 3627 4986 capite
3665 4930 3770 4970 non
3800 4929 3888 4971 se-

2299 4985 2401 5042 mel
2435 4988 2765 5054 Serip'uram
2797 4988 3207 5041 instrumentum
3236 4985 3452 5042 dixisse.
3475 4985 3552 5041 Ls
3580 4986 3678 5042 Pa.

2372 5059 2522 5114 CAP.
2551 5056 2762 5128 Χῐλε-έ-
2789 5055 2867 5128 (ιι)
2911 5055 3076 5111 Porro
3125 5058 3396 5127 Apostolus
3439 5058 3745 5122 interiorem,
3787 5067 3896 5113 etc.

2301 5130 2521 5185 Diverso
2549 5127 2744 5196 accipit
2770 5127 3056 5195 Apostolus
3101 5128 3439 5189 interiorem.
3467 5137 3628 5196 atque
3655 5131 3896 5184 exterio-

2298 5217 2411 5256 rem
2436 5199 2722 5260 hominem,
2753 5212 2871 5266 cap.
2895 5197 2989 5254 Vll
3014 5196 3079 5251 ad
3102 5198 3259 5253 Rom.
3283 5214 3347 5252 ac
3364 5199 3417 5253 in
3445 5197 3489 5252 ll
3507 5196 3633 5253 Cor.
3656 5197 3745 5254 1V:
3772 5216 3894 5254 nam

2301 5272 2411 5326 illic
2495 5269 2730 5326 exterior
2790 5268 2951 5325 homo
3002 5279 3080 5323 est
3149 5270 3622 5339 concupiscentia,
3679 5271 3900 5326 interior

2302 5342 2533 5396 eharitas
2561 5348 2615 5393 et
2651 5339 2871 5410 spiritus
2900 5356 2913 5404 ;
2943 5340 3145 5411 scilicet
3194 5340 3354 5394 homo
3395 5342 3777 5411 concupiscens
3797 5384 3812 5407 ,
3844 5353 3901 5402 et

2305 5414 2467 5468 homo
2504 5409 2692 5481 spiritu
2737 5420 3043 5466 renovatus.
3086 5409 3157 5464 At
3196 5412 3293 5481 hic
3334 5411 3493 5465 homo
3534 5409 3768 5465 citerior
3816 5424 3901 5469 est

2308 5487 2421 5550 ipse
2449 5480 2741 5551 corporalis
2771 5482 2929 5536 homo
2958 5489 3222 5551 quatenus
3250 5480 3495 5539 visibilis.
3529 5482 3816 5551 tangibilis,
3848 5495 3903 5539 et

2308 5553 2536 5623 denique
2565 5551 2832 5607 sensibilis
2858 5559 2913 5607 et
2949 5550 3213 5623 patibilis,
3249 5561 3301 5603 et
3332 5553 3420 5620 qui
3450 5550 3669 5622 injurias
3694 5554 3902 5608 extrin-

2310 5619 2464 5681 secus
2493 5625 2765 5691 suscipere
2797 5619 2997 5693 possit;
3032 5619 3256 5693 interior
3278 5619 3714 5693 vero,quatenus
3727 5636 3908 5681 mente

2310 5695 2561 5751 invisibili
2588 5690 2832 5758 constat,
2854 5706 2970 5759 quae
3004 5691 3245 5760 corporis
3273 5690 3588 5748 attlietioites
3614 5692 3823 5749 fortiter
3852 5705 3912 5752 et

2311 5767 2532 5838 egregie;
2549 5764 2793 5819 sustinet.
2820 5764 2947 5838 Lac.

2386 5832 2465 5907 (ο)
2484 5836 2605 5892 Non
2642 5843 2745 5889 lam
2775 5837 2998 5891 animum
3041 5848 3192 5903 quant
3233 5835 3443 5886 utentem
3475 5842 3521 5887 et
3541 5832 3916 5901 animtmt,ete.
