4052 6286
212 238 308 298 831

1623 234 2089 297 TERTULUANI

3389 239 3501 305 8‘s“!

214 364 318 408 tant
371 351 639 423 animam,
693 367 852 428 quam
916 363 1152 414 mentem
1212 362 1373 429 atque
1435 355 1671 413 animum
1725 356 1804 411 in-
1829 360 1880 417 A
1906 366 2084 424 reputo
2111 358 2244 415 enim
2282 373 2386 416 non
2420 358 2603 434 dignas
2642 376 2751 420 esse
2778 361 3038 433 passiones
3069 363 3221 438 hujus
3262 365 3503 436 temporis

219 449 379 520 telligi
424 450 647 517 mavult,
682 450 732 504 id
761 459 843 505 est
867 491 883 517 ,
907 465 1014 505 non
1058 450 1407 507 substantiam
1459 451 1624 520 ipsam
1656 491 1669 514 ,
1706 450 1798 503 sed

215 540 523 596 subSIanIia:
546 557 810 612 saporem.
859 541 1135 613 Siquidem
1168 542 1411 612 Ephesiis
1446 542 1707 606 scribens,
1748 543 1800 599 itt

215 637 520 692 interiorem
548 636 818 713 botninem
858 636 1096 692 habitare
1134 638 1403 692 Christum
1424 634 1524 709 (τι),
1555 635 1801 691 sensibus

218 729 398 798 utique
461 726 534 800 (b)
605 728 955 783 intimandum
1000 727 1081 802 (I)
1133 729 1413 783 Dominum
1458 728 1797 799 signiﬁcavit.

217 816 453 887 Denique
490 818 732 889 adjttuxit
770 818 933 891 (Eph.
967 818 1057 891 Ill)
1098 836 1112 872 :
1147 817 1248 872 Per
1278 818 1430 887 fidem
1452 860 1464 881 ,
1496 828 1551 873 et
1592 818 1657 872 ltt
1682 835 1795 872 coro

213 908 357 963 dibus
386 910 558 965 vestris
576 953 590 977 ,
617 923 669 964 ct
698 908 764 965 In
806 911 1109 974 dilectione;
1136 909 1294 966 fidem
1318 910 1533 981 quidem
1559 919 1613 964 ct
1638 910 1800 964 dilec-

212 1002 432 1068 tionem,
470 1018 573 1057 non
621 1004 949 1060 substantiva
989 1005 1183 1060 animze
1224 1019 1429 1074 ponens
1455 1046 1470 1069 ,
1523 1004 1617 1060 sed
1669 1020 1799 1059 con-

210 1095 437 1163 captiva.
474 1095 526 1150 Itt
557 1096 809 1152 cordibus
849 1106 1025 1152 autem
1056 1097 1244 1154 dicens
1265 1139 1280 1164 ,
1309 1113 1430 1169 qua!
1456 1092 1799 1153 substantive

211 1196 333 1240 sunt
360 1189 553 1254 carnis,
584 1191 694 1257 jam
712 1189 957 1260 etipsutn
1001 1190 1311 1245 interiorem
1345 1189 1615 1246 hominem
1651 1191 1798 1245 carni

114 1314 117 1317 ι
206 1280 706 1352 deputavit,qucm
751 1279 801 1336 in
842 1282 1004 1338 corde
1054 1283 1353 1338 consuluit.
1402 1282 1608 1353 InSpice
1658 1297 1802 1337 nunc

207 1372 475 1441 quomodo
544 1376 868 1431 exteriorem
916 1375 1131 1446 quidem
1189 1374 1462 1432 hominem
1529 1376 1800 1447 corrumpi

212 1465 473 1535 allegarit,
538 1466 846 1523 interiorem
908 1484 1035 1523 vero
1095 1470 1340 1523 renovari
1386 1469 1454 1526 de
1498 1468 1576 1543 (2)
1607 1469 1695 1525 die
1738 1484 1802 1526 ac

207 1554 312 1610 die.
345 1555 455 1612 Nec
484 1558 627 1612 illam
654 1561 1013 1629 corruptelam
1040 1562 1218 1616 carnis
1247 1559 1515 1626 afﬁrmes,
1542 1574 1702 1632 quam
1732 1575 1797 1616 ex

205 1646 292 1701 die
346 1649 533 1703 mortis
581 1651 633 1704 in
689 1662 1001 1720 perpetuum
1054 1652 1325 1709 defectura
1371 1654 1607 1725 patiatur
1645 1670 1659 1708 :
1701 1652 1795 1709 sed

1907 452 1974 504 ad
2001 456 2224 521 futurum
2260 454 2505 525 gloriam,
2537 471 2649 526 quia
2673 456 2726 511 in
2756 472 2846 512 nos
2873 457 3022 513 habet
3058 459 3295 515 revelari.
3336 458 3399 514 Et
3421 458 3505 514 hic

1908 547 2110 598 minora
2147 546 2382 601 ostendit
2419 546 2757 603 iucotlttttoda
2791 550 3030 618 prtumiis
3055 551 3184 607 suis.
3228 550 3428 611 Porro.
3458 550 3504 605 si

1908 650 2002 706 per
2026 651 2240 692 carnem
2272 642 2659 707 contpatimur,
2686 641 2842 708 cujus
2869 650 2953 696 est
2990 642 3205 712 proprie
3244 640 3506 712 passioni-

1906 725 2005 781 bus
2030 730 2337 799 corrumpi,
2361 730 2602 799 ejusdem
2631 731 2735 785 erit
2759 741 2809 786 et
2838 732 2980 802 quod
3006 749 3101 801 pro
3134 733 3505 803 compassiotte

1906 819 2315 885 repromittitur.
2340 821 2516 891 Atque
2535 822 2671 876 adeo
2687 823 2833 877 carni
2856 824 3109 879 adscribit
3128 838 3503 893 prcSSurat-nm

1907 910 2309 978 proprietatem,
2351 909 2423 984 (e)
2460 920 2602 967 utet
2644 928 2803 983 supra
2827 914 2968 969 dicat
3010 912 3091 987 (8)
3117 933 3130 969 :
3155 913 3281 970 Cum
3298 915 3510 970 uenisse.

1904 1016 2018 1054 ntus
2046 1011 2212 1056 autent
2237 1004 2290 1057 itt
2322 1002 2710 1071 Macedoniam,
2744 1006 2938 1061 nullam
2959 1008 3304 1062 remissionem
3332 1006 3508 1064 habuit

1904 1111 2022 1148 caro
2053 1106 2246 1150 nostra.
2303 1097 2543 1163 Dehinc,
2602 1107 2659 1153 ut
2687 1096 2768 1173 (9)
2817 1103 3011 1155 anima:
3059 1101 3211 1155 daret
3255 1115 3506 1171 compas-

1904 1187 2111 1242 sionem
2149 1205 2161 1241 :
2208 1188 2284 1262 (Ι)
2316 1188 2382 1244 In
2422 1190 2687 1256 omnibus,
2719 1192 2887 1261 inquit
2916 1191 2980 1263 (11
3009 1191 3126 1247 Cor.
3177 1190 3324 1261 VII),
3370 1208 3508 1264 cant-

1904 1280 2063 1351 pressi
2083 1297 2100 1334 :
2119 1282 2428 1336 extrinsecus
2446 1292 2652 1353 pugnat,
2672 1283 3004 1339 debellantcs
3020 1283 3221 1339 scilicet
3244 1298 3463 1341 carnem
3485 1301 3504 1349 ε

1904 1370 2207 1429 intrinsecus
2233 1373 2404 1436 timor,
2430 1372 2696 1428 afIIictans
2722 1373 2928 1430 scilicet
2954 1375 3209 1430 animam.
3234 1373 3385 1431 Adeo
3406 1375 3505 1431 ctsi

1903 1464 2267 1532 corrumpitur
2311 1463 2471 1519 homo
2498 1465 2736 1520 exterior
2761 1507 2776 1532 ,
2804 1482 2909 1520 non
2939 1476 2998 1520 ut
3035 1466 3287 1529 amittens
3318 1482 3506 1523 resur-

1905 1555 2195 1611 rectionem
2219 1598 2233 1621 ,
2261 1556 2355 1613 sed
2401 1567 2457 1612 ut
2502 1559 2775 1613 sustinens
2821 1558 3158 1615 venationem
3189 1557 3507 1629 ,~corrutupi

1905 1647 2233 1717 intelligetur
2259 1647 2398 1722 (t0).
2444 1650 2508 1704 Et
2542 1649 2642 1705 hoc
2683 1667 2787 1705 non
2829 1650 2945 1706 sine
2982 1650 3255 1716 interiore.
3292 1649 3505 1730 Ita_:_t___,nt-

205 1756 360 1806 quant
407 1742 458 1795 in
493 1743 646 1797 istius
686 1743 810 1798 vine
838 1743 1012 1812 spatio
1039 1784 1053 1807 ,
1086 1754 1213 1801 ante
1244 1753 1467 1800 mortem
1494 1787 1509 1811 ,
1542 1754 1596 1800 et
1627 1760 1797 1813 usque
1826 1755 1874 1817 Β
1904 1740 2091 1795 borum
2141 1742 2241 1795 erit
2276 1743 2437 1796 etiam
2483 1742 2870 1817 conglorilicari
2895 1783 2910 1807 ,
2951 1742 3090 1797 sicut
3135 1753 3191 1798 et
3240 1744 3494 1813 cttmpati.

206 1832 269 1884 ad
326 1842 553 1888 mortem
585 1874 601 1895 .
647 1836 1022 1892 vexationibus
1072 1848 1128 1892 et
1176 1840 1445 1909 pressuris
1472 1879 1487 1904 ,
1519 1839 1803 1894 tormentis
1905 1833 2209 1890 Secundum
2260 1835 2482 1914 collgia
2529 1830 2770 1891 laborum
2796 1874 2810 1902 .
2851 1834 3118 1891 consortia
3155 1834 3315 1892 etiam
3344 1836 3493 1909 ,(H)

203 1932 361 1990 atque
387 1925 683 1996 suppliciis,
714 1928 945 1983 nominis
984 1944 1171 1986 caussa
1220 1931 1548 2001 experietur.
1576 1930 1708 1986 Nam
1749 1940 1803 1987 et
1903 1928 2192 1985 decurrant
2229 1944 2449 1985 necesse
2477 1940 2552 1984 cat
2588 1931 2953 2009 prmmiornm.

204 2016 363 2072 homo
385 2018 607 2076 interior
626 2022 711 2076 hic
737 2022 922 2092 utique
947 2023 1189 2078 renovari
1223 2022 1437 2079 habebit
1469 2040 1562 2093 per
1584 2038 1803 2094 sugges—
2318 2022 2321 2025 ’
2498 2021 2725 2079 CAPUT
2766 2023 2904 2079 XLI.

2574 1816 2900 1826 —

203 2120 311 2165 tum
330 2113 567 2182 spiritus,
603 2115 883 2183 proficiens
912 2115 1017 2171 [Ide
1045 2125 1099 2171 et
1127 2116 1405 2186 disciplina
1436 2116 1503 2171 de
1521 2116 1600 2190 (5)
1626 2117 1713 2172 die
1738 2131 1802 2173 ac

202 2202 286 2257 die
317 2244 331 2271 ,
364 2218 468 2259 non
498 2206 606 2261 illic
626 2250 638 2270 ,
671 2207 721 2262 id
752 2217 863 2276 est,
892 2206 996 2263 non
1022 2221 1142 2281 post
1180 2210 1628 2266 resurrectionem
1656 2250 1670 2275 ,
1709 2209 1796 2265 ubi

204 2311 306 2350 non
349 2298 530 2368 utique
572 2299 640 2354 de
679 2300 758 2373 (4)
805 2302 892 2357 die
915 2318 980 2357 ac
1007 2302 1095 2357 die
1116 2302 1362 2356 renovari
1391 2286 1668 2367 habemus,
1701 2301 1795 2357 sed

200 2390 366 2444 semel
395 2391 461 2445 ad
484 2407 767 2448 summam.
795 2395 869 2450 De
888 2394 1236 2464 sequentibus
1260 2394 1409 2449 disce
1439 2411 1453 2449 :
1490 2380 1638 2460 ρυοῆ
1663 2395 1797 2447 enim

201 2485 267 2532 ait
294 2499 517 2550 prrcsens
547 2496 650 2551 est,
689 2485 859 2555 inquit
889 2484 953 2558 (ll
981 2484 1101 2541 Cor.
1123 2484 1248 2556 H),
1292 2486 1571 2556 temporale
1614 2496 1663 2540 et
1692 2487 1796 2541 leve

200 2594 449 2646 pressura:
490 2590 675 2635 nostra:
720 2580 814 2653 (c),
871 2600 960 2653 per
1022 2598 1440 2653 supergressum,
1486 2584 1541 2638 in
1611 2600 1792 2654 super-

200 2693 428 2747 gressum
449 2673 551 2749 (5),
594 2685 838 2731 teternum
879 2676 1057 2748 gloria:
1102 2676 1301 2747 pondus
1348 2678 1570 2748 perﬁciet
1617 2678 1669 2731 in
1712 2677 1792 2751 (6)

197 2772 367 2833 nobis.
402 2786 503 2824 non
534 2770 842 2824 intuentibus
866 2785 976 2837 aute
1009 2769 1272 2836 uidentur,
1299 2769 1359 2823 id
1393 2779 1464 2825 est
1494 2770 1791 2841 passiones;

194 2864 283 2919 sed
312 2878 426 2935 qua:
454 2879 556 2917 non
590 2863 824 2916 uidentur
844 2903 860 2928 ,
898 2863 951 2915 id
984 2872 1057 2917 est
1084 2861 1334 2917 mercedes
1363 2877 1381 2917 :
1411 2878 1526 2931 qua:
1549 2861 1681 2918 enim
1711 2862 1789 2915 vi-

197 2957 400 3020 dentur,
429 2955 728 3025 temporalia
750 2964 900 3021 sunt;
928 2971 1044 3027 qute
1070 2971 1182 3010 vero
1201 2970 1301 3009 non
1322 2956 1572 3022 videntur,
1600 2966 1789 3010 attenta

195 3059 312 3103 sunt
344 3048 443 3123 ('7).
474 3048 762 3103 Pressuras
816 3049 957 3103 enim
1003 3056 1058 3103 et
1105 3048 1326 3102 Iac-suras
1355 3089 1367 3112 ,
1421 3046 1615 3118 quibus
1666 3063 1786 3103 cor-

1975 2115 2228 2171 Eamdem
2259 2115 2435 2171 adhuc
2472 2116 2791 2171 sententiam
2823 2117 3137 2185 exequitur.
3186 2129 3496 2172 remunera-

1901 2208 2072 2263 tioues
2108 2207 2484 2263 vexationibus
2528 2208 2835 2276 praelcrens.
2882 2206 3086 2262 Scimus
3131 2206 3283 2273 enim,
3327 2206 3496 2278 inquit

1899 2300 1964 2369 (Il
2018 2299 2137 2357 Cor.
2186 2300 2287 2373 V),
2343 2301 2629 2370 quoniam,
2675 2301 2768 2355 etsi
2821 2309 3019 2355 terrena
3077 2300 3257 2355 damus
3326 2310 3500 2356 nostra

1899 2393 2052 2463 hujus
2094 2391 2209 2467 (l2)
2252 2393 2560 2448 tabernaculi
2616 2394 2950 2459 dissolvetur,
3007 2393 3248 2449 habemus
3288 2393 3493 2449 deorum

1898 2503 2000 2540 non
2030 2491 2374 2558 ntmtufuclam
2396 2530 2410 2551 ,
2441 2499 2682 2542 internum
2713 2489 2765 2542 in
2792 2489 2969 2554 ctelis;
3014 2489 3062 2543 id
3093 2498 3176 2545 est
3199 2530 3216 2554 ,
3263 2505 3359 2559 per
3403 2489 3507 2547 hoc

1895 2578 2036 2649 quod
2059 2579 2380 2636 dissolvetur
2405 2594 2533 2635 caro
2563 2587 2742 2634 nostra
2772 2595 2867 2649 per
2894 2580 3190 2650 passiones,
3245 2579 3361 2653 (l5)
3410 2580 3509 2637 do-

1897 2672 2151 2726 micilium
2217 2672 2554 2727 consecuturi
2613 2685 2799 2727 sumus
2857 2672 2909 2725 in
2962 2672 3133 2726 emlis.
3192 2671 3509 2729 Mcmiuerat

1896 2763 2231 2835 Erattgelicae
2288 2764 2620 2820 deﬁnitionis
2669 2763 2785 2835 (14)
2838 2763 3053 2839 (Matth.
3085 2764 3151 2836 ν)
3182 2781 3195 2818 :
3232 2763 3378 2820 Beati
3418 2766 3506 2837 qui

1891 2859 2286 2929 persecutionem
2318 2858 2579 2923 patiuntur
2606 2867 2812 2927 propter
2827 2858 3105 2928 justitiam,
3150 2858 3270 2929 quia
3296 2859 3505 2915 illorum

1890 2957 1960 3003 est
1985 2964 2191 3020 regnum
2224 2947 2484 3003 caelat-unt.
2523 2947 2641 3003 Non
2685 2958 2859 3003 tamen
2899 2951 3076 3005 carnis
3109 2952 3502 3009 restitutionem

1891 3046 2120 3114 negavit,
2137 3042 2179 3098 si
2195 3043 2684 3111 compensationem
2700 3043 2962 3097 mercedis
2978 3043 3248 3114 opposuit;
3266 3059 3384 3100 cum
3402 3044 3502 3116 ipsi

195 3130 473 3210 rumpitur'
501 3141 661 3195 homo
706 3141 974 3203 exterior,
1029 3147 1088 3193 ιιι
1136 3141 1282 3194 leves
1330 3149 1382 3195 οι
1443 3140 1783 3209 temporales,
1813 3154 1857 3217 ρ
1893 3134 2260 3203 compensatio
2300 3132 2582 3199 debeatur,
2608 3136 2693 3188 cui
2723 3135 3003 3190 dissolutio
3038 3136 3326 3208 deputatur
3362 3136 3497 3212 (I5).

194 3233 396 3287 ideirco
426 3232 853 3287 contemnendas
877 3233 1125 3297 aiﬁrmat,
1159 3232 1449 3301 pra-ferens
1479 3231 1785 3286 mercedum

194 3334 537 3391 teteruat'um,
562 3324 991 3389 invi~ibilium,et
1013 3324 1196 3393 gloria:
1221 3323 1443 3394 pondus,
1469 3325 1787 3393 ineontpett-

193 3418 451 3472 Sotionem
497 3418 736 3471 Iabortttn
761 3459 775 3479 ,
808 3433 941 3487 quos
970 3416 1055 3470 hic
1097 3432 1221 3470 caro
1261 3415 1511 3487 patiendo
1551 3432 1790 3470 corrum-

195 3510 354 3574 pitur.
408 3510 558 3565 Adeo
587 3525 691 3564 non
722 3509 808 3563 illa
843 3517 925 3563 est
947 3509 1228 3578 corruptio
1253 3550 1267 3572 ,
1298 3524 1457 3579 quam
1502 3509 1555 3561 in
1606 3522 1791 3578 perpe-

192 3612 340 3657 tutttn
366 3601 541 3658 carnis
563 3604 832 3659 interitum
860 3605 924 3656 ad
945 3606 1392 3659 resurrectionem
1416 3603 1787 3673 expellendum

198 3697 452 3752 exteriori
486 3696 685 3750 Itotuiui
727 3695 1055 3751 adscribunt.
1095 3697 1185 3751 Sic
1219 3706 1272 3750 et
1297 3696 1420 3750 alibi
1454 3713 1467 3749 :
1501 3695 1786 3764 Siquidem,

188 3788 453 3863 ait(llom.
488 3786 738 3863 \‘III),(d)
767 3790 1124 3861 compatimur,
1150 3790 1222 3844 uti
1250 3800 1297 3844 et
1310 3787 1787 3859 conglori/icemur;

253 3973 324 4033 (I)
358 3974 651 4036 Initiandum
674 3972 776 4036 nig.
805 3973 926 4036 Ven'.

252 4036 320 4101 I2,
345 4039 394 4101 ἐξ,
416 4036 466 4098 4)
505 4035 578 4085 De
600 4033 781 4087 abesto
802 4033 950 4087 Rhea.
976 4038 1085 4101 Rig.
1119 4045 1229 4087 Ven.
1257 4033 1407 4101 Seml.

249 4096 321 4161 (ὅ)
359 4098 410 4147 In
432 4096 807 4161 supergressum
831 4106 981 4161 anuli.
1180 4097 1332 4151 Seml.
1350 4101 1493 4151 Pam.

249 4157 323 4224 (ϐ)
362 4157 585 4224 Pet-licia
608 4157 759 4224 Rhea.
784 4158 935 4211 Seml.

254 4221 326 4282 (7⁷)
362 4221 633 4286 Suutultest
659 4221 764 4286 Rig.
794 4232 905 4286 t'en.

270 4287 320 4337 8)
354 4287 475 4336 Dicit
498 4284 648 4335 then.
674 4282 825 4337 Seml.

269 4344 318 4401 9)
353 4348 417 4400 Et
437 4346 556 4399 add.
581 4345 734 4401 Rhea.
761 4344 912 4398 Serui.

1894 3228 2098 3282 scilcet
2125 3227 2292 3281 carni.
2324 3226 2429 3282 Sed
2457 3228 2577 3296 quia
2618 3226 2833 3282 domum
2868 3228 3072 3283 dixerat
3108 3244 3347 3298 carnem,
3392 3231 3504 3288 cleo

1894 3329 2080 3391 ganter
2095 3319 2256 3374 voluit
2281 3321 2399 3374 etin
2426 3320 2688 3375 mercedis
2704 3335 2889 3391 compa
2900 3324 3104 3378 ratione
3126 3323 3383 3379 vocabulo
3402 3326 3501 3382 d0-

1896 3428 2017 3466 ntns
2044 3415 2116 3466 ttti
2140 3430 2153 3476 ;
2207 3412 2304 3480 ipsi
2327 3412 2528 3478 domui,
2554 3429 2674 3483 qua:
2706 3414 3031 3470 dissolvetur
3053 3433 3145 3484 per
3171 3417 3496 3485 passionem,

1898 3504 2177 3560 tuetiorem
2207 3504 2423 3558 domum
2458 3506 2838 3574 repromittens
2868 3523 2965 3578 per
3004 3511 3493 3579 re-urreetinnetn;

1899 3611 2020 3651 nam
2067 3604 2124 3649 et
2168 3597 2424 3650 Ilomiuus
2476 3597 2664 3651 multas
2705 3600 3029 3666 mansiones,
3078 3601 3229 3671 quasi
3278 3601 3493 3670 domus,

1894 3688 2032 3759 apud
2066 3689 2272 3757 Patrem
2305 3688 2623 3757 rcpromittit
2658 3688 2841 3762 (Joan.
2875 3690 3016 3763 XIV)
3048 3708 3061 3745 :
3094 3708 3411 3764 quamquam
3437 3702 3495 3752 et

1893 3782 2008 3857 (l6)
2037 3780 2390 3837 dedomicilio
2423 3782 2698 3857 mundi(g)
2726 3792 2901 3855 potest
2931 3786 3296 3859 intelligi,qtto
3319 3790 3493 3846 disso-

1419 3877 1799 3936 LECTIONES
1836 3874 2256 3934 VAIII.\N'I‘ES.

1980 3967 2053 4031 l0)
2090 3964 2633 4031 Intelligereturﬁhen.
2659 3967 2811 4023 Serui.

1982 4028 2057 4093 ll)
2092 4028 2300 4093 Quoque
2324 4028 2473 4093 Rheni
2499 4030 2651 4093 Sentl.

1978 4091 2053 4143 12)
2089 4091 2250 4142 Nostri
2280 4092 2423 4143 nhen.
2452 4092 2604 4143 Seml.

1980 4154 2054 4219 I3?)
2091 4156 2225 4219 Quod
2249 4154 2371 4219 add.
2395 4154 2546 4219 Rhen.

1981 4216 2055 4271 14)
2092 4216 2401 4268 Dillinitioms
2426 4216 2573 4270 Rhea.
2595 4217 2747 4270 St’litl.

1955 4223 2033 4278 (lt
2092 4223 2401 4268 Ditiinitionis
2426 4223 2573 4270 Rhea.
2595 4223 2721 4270 St’liti

1955 4223 2058 4344 (15)
2089 4276 2369 4344 Βυριιιιιιυι·
2388 4278 2540 4332 Rheu.
2567 4277 2721 4335 Seml.

1805 4328 1860 4389 ι)
1950 4328 2056 4407 ne;
2088 4328 2193 4392 mea
2210 4340 2320 4409 Rig.
2354 4328 2473 4395 rei;

1563 4422 2112 4485 COMMENTARIUS.

183 4528 477 4584 Discrimen
512 4527 652 4582 inter
694 4527 924 4586 animam
965 4535 1014 4582 et
1051 4527 1285 4582 animum
1320 4524 1663 4596 Philosophi,
1693 4525 1776 4596 vel

183 4611 387 4664 notant,
420 4602 499 4653 vel
524 4609 850 4668 supponunt.
875 4599 1099 4653 Animus
1131 4598 1270 4651 enim
1303 4612 1400 4667 pro
1430 4595 1782 4668 mente‘acci-

180 4674 323 4742 pitur
347 4715 359 4732 ,
393 4665 603 4726 scilitct
630 4665 782 4739 prout
812 4671 1045 4737 fungitur
1076 4665 1523 4742 itttellcclttalilitts
1551 4665 1774 4731 ofﬁciis;

180 4739 354 4797 anima
387 4758 513 4797 vero
565 4752 721 4808 prout
758 4756 951 4809 corpus
991 4750 1194 4809 vegetat
1222 4783 1237 4805 ,
1268 4748 1322 4795 et
1368 4739 1609 4793 oflicinas
1657 4754 1781 4793 scn-

178 4830 333 4869 suum
363 4827 408 4867 et
447 4813 809 4867 membrorum
837 4812 1013 4866 lttuttia
1047 4821 1314 4880 procurat.
1358 4811 1481 4864 lltrc
1520 4809 1780 4880 accipitur

177 4900 275 4955 pro
324 4897 509 4940 natura
536 4894 589 4940 et
615 4883 913 4939 substantia
937 4880 1033 4950 rei,
1084 4882 1171 4937 ille
1192 4898 1289 4953 pro
1315 4881 1524 4952 egregia
1551 4881 1781 4953 disposié

174 4962 336 5013 tione.
381 4957 509 5012 Lac.
1682 5013 1691 5024 .

247 5051 321 5121 (ιι)
358 5050 421 5104 In
444 5048 728 5121 interiorem
748 5046 1003 5121 hominem
1037 5045 1263 5101 habitare
1289 5045 1562 5099 Christum.
1598 5044 1772 5102 Etiam

172 5120 263 5178 hic
311 5120 584 5192 θιινιηιιεθὶι
617 5120 756 5192 quod
788 5134 962 5192 grwrc
998 5128 1081 5172 est
1111 5137 1122 5171 :
1164 5122 1229 5192 εἰς
1271 5129 1349 5173 τὸν
1384 5126 1470 5172 εσω
1508 5123 1768 5192 ἅνῗρωττςν,

177 5188 504 5263 conjungeos
544 5190 753 5263 interim
787 5188 1293 5263 illudisequenlibns
1315 5230 1329 5249 ,
1361 5206 1480 5243 eum
1512 5188 1629 5243 aliae
1656 5191 1772 5263 edi-

174 5259 345 5319 tiones
377 5259 590 5329 ismncs,
631 5261 789 5315 etiam
820 5259 1060 5332 Syriaca,
1098 5259 1421 5332 coniungant
1459 5260 1767 5333 praeceden-

170 5339 326 5392 tibus.
375 5335 514 5390 Pan.

244 5430 325 5500 (b)
382 5425 757 5500 lutimandum.
818 5424 1144 5500 Vocabulum
1198 5426 1315 5500 ejus
1374 5426 1547 5500 aetatis
1602 5427 1763 5500 vulgo

163 5497 435 5569 frequens.
480 5497 731 5553 lutimare
760 5512 855 5567 pro
894 5497 1136 5553 intimum
1168 5497 1410 5555 reddere.
1443 5498 1615 5555 liueat.

236 5590 315 5664 (ο)
358 5591 457 5664 Pet“
480 5603 857 5664 supergressum
896 5591 959 5664 in;
985 5607 1385 5661 supergressum.
1426 5589 1757 5664 _Sic4|egitur

164 5665 218 5718 in
244 5657 662 5731 eiemplaribus.
704 5657 976 5728 Expressit
1017 5657 1196 5718 autem
1225 5676 1394 5732 grates
1426 5660 1569 5716 Pauli
1602 5657 1756 5718 ε’καφ

159 5738 410 5805 επνρϐολῦν
457 5736 522 5795 εἰς
563 5735 843 5805 ὗβεροξῆν.
894 5733 982 5787 Sic
1012 5734 1197 5805 infra,
1248 5749 1752 5805 sapet'quamrsupra

154 5800 350 5879 gravati
373 5817 548 5861 sumus
566 5800 693 5855 citra
718 5800 863 5869 vires,
880 5804 1022 5875 quod
1052 5804 1247 5863 Paulus
1268 5800 1445 5859 dixit:
1474 5804 1582 5859 καθ’
1604 5800 1750 5876 ὺτέορ·

1876 4523 2026 4576 δολῧνν
2055 4526 2176 4592 ὖτξρ
2195 4522 2413 4588 δύναμιν.
2445 4518 2562 4575 [116.

1957 4592 2444 4664 (ιηβοιιιριιιὶιηιιν,
2486 4592 2563 4645 uti
2602 4602 2648 4646 et
2688 4592 3146 4664 roagloriﬁremur.
3185 4595 3282 4652 llic
3317 4597 3477 4655 etiam

1884 4663 2140 4721 transfert
2168 4663 2381 4732 proprie
2425 4678 2583 4738 voces
2609 4663 2823 4738 gru'cas
2854 4670 2991 4737 εἶπςρ
3016 4708 3029 4727 ,
3079 4668 3362 4738 siquidem,
3413 4685 3477 4727 ιο

1879 4739 2286 4810 cmissatum»,
2315 4734 2774 4810 congloriﬁcemur.
2804 4734 2935 4810 Item
2959 4734 3238 4808 λογίζομαι,
3272 4751 3474 4810 reputo.

1882 4805 2114 4880 Compati
2142 4815 2338 4880 autem
2367 4806 2626 4880 accipitur
2645 4848 2657 4868 ,
2694 4822 2789 4875 pro
2817 4807 2973 4880 simul
3010 4805 3151 4877 pati,
3176 4818 3230 4865 et
3254 4805 3476 4880 proinde

1880 4877 2043 4931 etiam
2074 4879 2151 4951 sic
2178 4875 2515 4951 intelligenda
2540 4919 2553 4941 ,
2577 4893 2738 4947 quam
2775 4893 2896 4933 mox
2930 4875 3091 4937 habet
3119 4875 3321 4938 Auctor
3349 4898 3470 4951 vos,

1881 4950 2186 5019 compassio.
2235 4947 2371 5004 Pw.

1954 5018 2031 5092 (ε)
2074 5019 2141 5074 Ut
2173 5029 2222 5093 et
2253 5035 2409 5086 supra
2438 5018 2575 5093 dicat
2591 5019 2812 5093 (nempe
2844 5020 3055 5093 Paulus)
3075 5040 3092 5079 :
3112 5021 3239 5078 Cum
3260 5025 3472 5082 vertisset

1878 5088 2143 5164 manete.
2181 5088 2383 5164 Auctor
2415 5107 2508 5164 per
2547 5088 2936 5164 illud,supra.
2994 5088 3237 5164 intelligit
3280 5097 3467 5154 iterum

1876 5162 2049 5233 Epist.
2078 5162 2121 5216 II
2150 5161 2216 5215 ad
2259 5161 2498 5216 Corinth.
2544 5162 2613 5216 de
2650 5161 3331 5233 cujuspotissitntun'locis
3366 5167 3466 5224 hoc

1876 5248 1997 5303 rap.
2032 5242 2253 5294 tractat;
2291 5248 2411 5285 nam
2442 5235 2709 5303 reperitur
2733 5233 2845 5289 lucc
2868 5236 3128 5302 scriptura
3152 5235 3193 5291 ll
3218 5237 3462 5295 Corinth.

1869 5301 1985 5375 NiSi‘
2012 5304 2148 5359 forte
2193 5304 2334 5358 malit
2378 5301 2660 5373 quis—eum
2694 5305 2844 5375 sequi
2882 5301 3125 5361 ordinem
3176 5307 3461 5366 Marcionis

1872 5374 1923 5428 itt
1944 5375 2093 5450 libris
2113 5376 2236 5450 adit.
2261 5375 2510 5429 eumdem
2547 5374 3153 5450 observatum,‘quiipc
3198 5381 3286 5449 qui
3339 5381 3461 5450 Epi—

1866 5448 2058 5517 stolam
2084 5448 2149 5502 ad
2186 5446 2569 5506 Rotuanos..ex
2598 5463 2700 5517 qua
2735 5446 3039 5503 immediate
3066 5446 3193 5506 ante
3218 5446 3460 5507 testimo-

1865 5516 2013 5572 nium
2057 5518 2407 5597 produxerat,
2442 5516 2724 5589 postpouat
2755 5519 3008 5588 Epistolis
3033 5520 3451 5645 a$Corinlhios.

3121 5608 3212 5645 AI.

3121 5608 3212 5647 ΔΙ.

1932 5662 1981 5734 (f
1994 5660 2015 5733 )
2044 5660 2111 5716 In
2139 5658 2373 5716 omnibus
2393 5701 2406 5724 ,
2435 5661 2597 5734 inquit
2616 5701 2631 5723 ,
2678 5662 2972 5729 commessi.
3023 5658 3193 5734 Etiam
3246 5662 3348 5719 hoc
3383 5663 3451 5722 ad

1856 5732 2078 5790 verbum
2120 5748 2187 5790 ex
2212 5746 2388 5799 graeco
2419 5750 2432 5787 ε
2464 5732 2576 5788 ἀλλ’
2606 5738 2651 5787 ἓν
2671 5735 2813 5788 παντὶ
2850 5736 3136 5802 Θλιϐὂμινοι.
3170 5732 3306 5789 ΡΔΙ.

1926 5803 2079 5861 CAP.
2155 5803 2293 5860 XLI.
2349 5834 2419 5846 -—
2458 5804 2535 5875 (ε)
2592 5804 2913 5874 unamquam
2974 5815 3021 5860 et
3071 5805 3136 5864 de
3191 5802 3446 5861 danicilio
