4052 6286
461 265 571 329 855

1467 268 1669 329 LIBER
1715 270 1802 329 DE
1843 272 2415 333 RESURREC'I‘IONE
2451 273 2724 334 CARNIS.

3656 273 3764 335 854

457 388 570 444 luto
599 431 611 453 ,
641 396 841 445 :cterna
881 386 1040 446 sedes
1087 387 1488 461 repromittatur
1532 389 1589 444 in
1632 388 1818 454 cretis;
1848 391 1969 460 quia
2000 398 2055 445 et
2081 395 2133 452 A
2158 407 2261 462 qua
2305 390 2798 462 deprchendemur;
2850 391 2971 463 quia
3016 366 3229 465 gravari
3275 404 3375 450 nos
3416 391 3509 459 ait,
3536 392 3625 461 qui
3666 408 3755 447 su-

456 498 580 553 tpne
619 491 955 553 sequuntur,
1004 481 1072 537 ad
1118 496 1335 536 carnem
1386 482 1665 539 manifeste
1719 483 2055 552 pertinentia,

457 574 747 631 ostendunt
775 576 953 645 priora
989 576 1210 630 omnino
1267 573 1346 647 (ι)
1399 575 1465 631 ad
1518 590 1734 631 carnem
1768 576 2053 643 pertinere.

461 666 787 724 Divisionem
815 667 956 721 enim
995 666 1117 720 facit
1147 666 1458 737 Apostolus,
1483 682 1602 721 cum
1629 667 1842 736 subjicit
1874 684 1885 719 :
1920 666 2057 721 Nam

457 770 506 812 et
568 759 660 812 hoc
725 759 955 829 geminus
997 757 1101 831 (2),
1153 759 1465 812 domicilium
1510 770 1778 820 nostrum,
1826 759 1961 830 quod
1997 761 2060 814 de

456 849 584 904 caelo
629 851 1042 915 est.superindui
1069 850 1430 911 desiderantes.
1455 851 1702 921 siquidem
1748 851 1912 905 induti
1955 850 2055 923 (5),

457 959 560 996 non
591 942 713 997 muli
756 943 1104 1007 inveniantur;
1137 944 1185 997 id
1214 952 1327 1006 est,
1361 953 1486 997 ante
1524 944 1772 998 volumus
1815 943 2060 1014 superiu-

457 1033 625 1088 tlnere
672 1033 921 1088 virtutem
972 1034 1251 1091 caelestem
1292 1036 1644 1100 atternitatis,
1696 1050 1852 1104 qnam
1897 1051 2061 1091 carne

457 1124 737 1182 einamur.
771 1127 938 1195 llujns
964 1128 1106 1182 enim
1137 1129 1323 1198 grati-.e
1351 1128 1682 1198 privilegium
1711 1128 1829 1184 illos
1857 1139 2055 1193 manet,

457 1218 550 1291 qui
582 1218 648 1271 ab
679 1218 910 1272 adventu
946 1218 1152 1273 Domini
1184 1217 1263 1292 (a)
1295 1219 1765 1291 deprchendentnr
1792 1222 1842 1274 in
1872 1235 2057 1289 carne,

457 1320 513 1364 et
534 1321 754 1381 propter
776 1311 998 1365 duritias
1023 1321 1321 1385 temporum
1348 1314 1661 1369 Antichristi
1692 1315 2057 1382 merebuntur,

457 1403 780 1471 compendio
807 1404 994 1459 mortis
1023 1420 1116 1475 per
1143 1405 1557 1461 demutationetu
1600 1418 1899 1477 eXpttnctze,
1932 1424 2061 1466 cou-

459 1509 675 1550 currere
701 1511 821 1550 cum
849 1498 1283 1568 resurgentibus;
1315 1499 1448 1554 sicut
1483 1499 2056 1555 'l'hessalouiceusibus

458 1588 642 1643 scribit
675 1588 718 1663 (1
747 1589 929 1646 Thess.
963 1590 1052 1665 IV)
1092 1611 1104 1646 :
1136 1591 1251 1645 Hoc
1281 1594 1410 1648 enim
1448 1594 1664 1649 dicimus
1701 1592 1836 1647 vobis
1869 1594 1922 1648 in
1954 1610 2063 1649 ser-

460 1696 611 1734 mone
638 1681 862 1745 homini,
891 1684 1026 1754 quod
1052 1702 1143 1739 nos
1172 1686 1258 1755 qui
1283 1686 1514 1749 vivimus,
1548 1687 1634 1756 qui
1657 1701 1979 1743 remanemus
2008 1686 2061 1739 in

2165 499 2284 538 mus
2338 484 2451 557 (11)
2494 486 2544 539 in
2593 485 2967 549 tabernaculo;
2995 485 3142 556 quod
3185 485 3417 540 nolimus
3461 485 3633 552 exui,
3661 486 3757 539 sed

2163 577 2337 642 potius
2365 576 2670 646 superiudui
2694 594 2707 637 ;
2737 577 2813 632 uti
2848 576 3137 632 devoretur
3163 578 3388 633 mortale
3414 592 3447 631 a
3474 577 3579 631 vita
3605 617 3618 638 .
3656 577 3760 631 sri-

2163 668 2288 722 licot
2334 669 2458 723 dum
2500 669 2806 724 demutatur
2851 668 3009 739 (12),
3053 667 3649 738 smterindueudoqnod
3677 680 3761 722 est

2163 758 2229 814 de
2252 759 2424 815 cmlis.
2456 759 2586 826 Quis
2615 760 2759 816 enim
2789 778 2893 817 non
2931 760 3289 826 desiderabit,
3323 761 3449 814 dum
3500 748 3757 815 IlI-carm!

2162 860 2288 916 est,
2341 852 2729 921 superinduere
2782 852 3239 909 immortalitatem
3270 895 3285 920 ,
3340 861 3396 908 et
3448 854 3803 907 continuare.

2164 946 2322 1000 vitam
2349 988 2362 1011 ,
2394 946 2662 1000 locrilacta
2705 956 2877 1001 morte
2906 962 2999 1015 per
3029 944 3278 1001 vicnriam
3314 944 3757 1006 denmtationem,

2165 1052 2231 1091 ne
2263 1037 2461 1091 inferos
2485 1037 2807 1108 experiatur,
2835 1051 3004 1107 usque
3034 1037 3379 1092 novissimum
3407 1036 3762 1106 quadrantem

2163 1127 2489 1183 exacturos?
2519 1128 2785 1183 Cmterum
2807 1169 2822 1195 ,
2851 1128 3270 1184 detnuuttionent
3301 1130 3463 1184 etiam
3510 1137 3626 1195 post
3672 1144 3762 1182 re-

2162 1220 2551 1273 surrectionem
2582 1228 2968 1277 ctntsecuturus
2994 1229 3073 1275 est
3097 1261 3109 1282 ,
3137 1219 3463 1289 inl‘erosjam
3486 1230 3762 1290 expertus.

2164 1312 2377 1368 Abhinc
2444 1310 2584 1367 enim
2656 1312 2984 1378 detinintus,
3050 1328 3266 1367 carneut
3331 1312 3547 1382 quidem
3615 1311 3762 1366 omni

2164 1404 2324 1461 modo
2370 1403 2488 1476 (1⁸5)
2539 1386 2987 1469 resurrcetnram,
3028 1415 3187 1473 atque
3217 1404 3304 1458 illa
3336 1404 3453 1476 (Il)
3483 1420 3550 1460 ex
3571 1404 3763 1460 dentu-

2168 1496 2367 1552 tatione
2398 1505 2785 1565 superventura
2818 1536 2831 1558 ,
2867 1495 3102 1551 habitum
3150 1495 3448 1564 angelicum
3488 1505 3765 1565 susceptu—

2166 1605 2300 1645 ram.
2337 1590 2445 1646 Aut
2482 1590 2526 1644 si
2558 1588 2611 1645 itt
2641 1588 2721 1644 his
2770 1590 2898 1645 solis
2944 1590 3031 1658 qui
3062 1578 3424 1646 invenientur
3480 1592 3529 1644 in
3577 1603 3760 1654 carne,

2165 1683 2430 1739 demutari
2479 1699 2603 1739 eum
2659 1682 2976 1752 oportebit,
3024 1684 3097 1738 ttti
3142 1682 3427 1738 devoretur
3475 1681 3701 1737 mortale
3732 1699 3762 1735 ιι

458 1776 678 1830 adrctttu
710 1775 948 1841 Domini,
983 1794 1085 1832 non
1112 1780 1480 1848 praevenit-mus
1506 1795 1590 1834 eos
1609 1781 1695 1854 qui
1723 1779 2056 1834 dormierunt.
2093 1782 2137 1843 Β
2168 1777 2271 1831 vita
2300 1817 2314 1843 ,
2347 1776 2395 1830 id
2435 1788 2517 1831 est
2560 1792 2686 1831 t-aro
2715 1776 2780 1831 ab
2813 1775 2903 1830 illo
2945 1776 3420 1847 superindumento
3461 1776 3662 1832 cmlesti
3712 1783 3773 1828 ot

464 1868 718 1934 Quoniam
752 1870 861 1941 ipse
902 1869 1219 1926 Dotninusiu
1235 1875 1380 1942 jussu
1402 1883 1450 1927 et
1469 1889 1586 1928 rore
1627 1872 1934 1944 Archangeli
1955 1874 2055 1947 (4),

459 1970 509 2014 et
538 1960 587 2014 in
616 1962 735 2014 tuba
761 1959 879 2028 Dei,
913 1964 1178 2019 descendet
1204 1965 1266 2019 dc
1291 1966 1453 2031 (telo;
1482 1976 1527 2022 et
1559 1967 1743 2020 mortui
1779 1967 1829 2020 in
1857 1966 2058 2023 Christo

458 2064 723 2126 rcsurgcut
791 2056 995 2125 primi:
1023 2057 1206 2112 dehinc
1266 2075 1375 2129 νιος⁸
1413 2075 1529 2112 cum
1606 2060 1728 2129 ipsis
1781 2059 1934 2115 simul
1979 2060 2060 2132 (5)

457 2147 717 2219 rapientur
760 2146 813 2201 iu
857 2148 1072 2203 nubibus
1113 2150 1307 2203 obviam
1336 2149 1553 2205 Domino
1581 2149 1658 2222 (6)
1686 2150 1737 2206 in
1760 2167 1900 2220 aera,
1924 2161 1968 2207 et
1989 2153 2060 2206 ita

458 2256 658 2309 semper
693 2257 807 2294 cum
843 2240 1060 2297 Domitio
1088 2245 1299 2300 erimus.

1054 2335 1285 2394 CAPUT
1327 2337 1490 2393 XLII.

537 2426 739 2482 IIorunt
787 2427 1211 2483 dcmntttionem
1252 2429 1317 2484 ad
1363 2428 1669 2487 Corinthios
1712 2429 1757 2504 (I
1788 2430 1906 2486 Cor.
1942 2431 2062 2502 XV)

461 2517 637 2575 reddit
688 2520 790 2589 (7),
835 2519 1068 2575 dicens:
1110 2516 1296 2580 Ouum
1341 2522 1545 2590 quidem
1590 2539 2063 2593 resurgemus,non

464 2621 633 2667 autem
665 2628 836 2667 omnes
880 2614 1252 2668 demutobimur
1273 2656 1286 2678 ,
1316 2616 1367 2670 in
1404 2626 1573 2671 atomo
1594 2657 1607 2681 ,
1636 2616 1687 2670 iu
1716 2627 2062 2673 mouteutauea

465 2713 605 2758 motu
632 2704 787 2768 oculi,
819 2705 873 2758 in
900 2705 1169 2763 novissima
1196 2705 1347 2772 tuba;
1370 2707 1465 2762 sed
1494 2707 1566 2763 illi
1598 2708 1802 2763 scilicet
1825 2709 1947 2773 soli,
1972 2710 2064 2780 qtti

464 2795 805 2853 invenientur
854 2798 906 2852 in
955 2813 1137 2854 carne.
1183 2797 1251 2853 Et
1301 2801 1525 2871 mortui,
1557 2801 1765 2871 inquit.
1803 2811 2065 2872 resurgeut

463 2890 663 2961 primi,
712 2898 760 2943 et
801 2889 879 2960 (8)
927 2907 1020 2945 nos
1080 2891 1470 2947 demutabimur.
1531 2892 1642 2949 Hac
1720 2910 1850 2964 ergo
1921 2895 2071 2962 prius

464 2982 818 3051 dispositione
885 2983 962 3055 (9)
1019 2995 1341 3054 prospecta,
1417 2985 1620 3056 reliqua
1672 2986 1951 3042 revocabis
1997 2986 2064 3041 ad

467 3076 799 3144 superiorem
839 3089 1077 3131 seusnnt.
1111 3076 1241 3131 Nam
1274 3092 1394 3133 cum
1439 3077 1620 3148 adjicit
1649 3095 1662 3131 :
1696 3077 1907 3149 Oportet
1933 3081 2065 3135 enim

2165 1878 2400 1931 mterno;
2434 1884 2562 1939 ergo
2590 1867 2681 1939 qtti
2712 1868 2903 1923 mortui
2927 1867 3399 1936 deprchendemur
3419 1908 3434 1932 ,
3464 1867 3622 1921 vitam
3657 1882 3762 1919 non

2162 1968 2582 2023 consequentur,
2617 1960 2804 2028 privati
2825 1959 2933 2027 jam
2959 1958 3203 2024 materia,
3229 1970 3301 2020 et,
3326 1968 3381 2013 ttt
3413 1960 3482 2012 ita
3512 1959 3761 2022 (IIXI‘I'IIII,

2163 2065 2285 2106 esca
2309 2051 2430 2105 vita:
2447 2093 2464 2115 ,
2488 2050 2537 2105 id
2564 2059 2647 2105 est
2666 2066 2851 2106 carne.
2877 2052 2979 2105 Aut
3003 2066 3224 2106 necesse
3247 2062 3329 2106 est
3366 2052 3621 2121 recipiant
3643 2066 3761 2106 eam

2163 2152 2219 2199 et
2247 2143 2341 2209 illi,
2379 2153 2435 2198 ut
2460 2152 2515 2198 et
2544 2142 2597 2197 in
2628 2143 2758 2212 ipsis
2786 2142 3014 2198 mortale
3040 2144 3286 2198 devorari
3318 2144 3532 2215 possita
3558 2145 3686 2203 vita.
3717 2146 3764 2198 si

2164 2238 2326 2293 vitam
2356 2246 2481 2292 sunt
2507 2238 2871 2308 consecuturi.
2905 2236 3010 2294 Sed
3044 2239 3095 2293 in
3123 2239 3353 2294 mortuis
3373 2280 3388 2305 ,
3419 2239 3625 2310 inquis,
3652 2239 3762 2308 jam

2165 2320 2608 2387 devoratum'crit
2634 2331 2856 2387 mortale
2879 2330 3040 2386 istud.
3069 2330 3183 2388 Non
3209 2332 3389 2403 utique
3414 2333 3464 2388 in
3492 2333 3761 2388 onmihus.

2165 2423 2406 2493 Quantos
2435 2422 2578 2478 enim
2609 2422 2793 2478 licebit
2817 2422 2898 2478 vel
2937 2422 3210 2493 pridiauos
3250 2425 3474 2480 inveniri
3502 2465 3515 2489 ,
3542 2433 3648 2479 tant
3677 2442 3765 2480 re-

2166 2518 2341 2574 centia
2386 2516 2690 2580 cadavera.
2750 2525 2805 2570 ιιι
2835 2516 2969 2571 nihil
3018 2517 3069 2572 in
3121 2515 3239 2590 (15)
3292 2516 3397 2571 illis
3448 2517 3763 2573 derat-alunt

2166 2612 2332 2667 videri
2380 2610 2582 2681 possit!
2666 2594 2862 2679 Utique
2912 2610 3053 2664 enim
3104 2608 3416 2665 devoratum
3467 2625 3571 2664 non
3621 2609 3766 2664 aliud

2167 2704 2463 2766 existimas,
2488 2717 2647 2774 quam
2681 2703 3037 2773 interceptum
3059 2743 3073 2769 ,
3110 2718 3267 2773 quant
3295 2702 3576 2770 abolitum,
3605 2720 3763 2774 quam

2168 2798 2315 2853 onmi
2364 2810 2524 2851 sensu
2567 2803 2810 2866 ereptum
2839 2837 2853 2859 ,
2876 2796 3017 2865 quod
3047 2810 3361 2865 comparere
3390 2797 3535 2850 onmi
3569 2812 3767 2866 genere

2167 2894 2482 2952 cessaverit.
2505 2892 2614 2949 Nec
2627 2894 2895 2965 gigantum
2917 2901 3092 2947 autem
3112 2892 3479 2961 antiquissima
3501 2880 3764 2947 cadavera

2168 2990 2424 3055 devorata
2476 2987 2735 3043 censtabit
2767 3026 2783 3051 ,
2834 3000 3061 3056 quorum
3109 2993 3285 3039 crates
3329 2984 3505 3040 adhuc
3559 2985 3765 3038 vivunt.

2173 3083 2412 3141 Diximus
2477 3081 2587 3153 jam
2644 3081 2713 3136 de
2772 3082 2874 3136 isto
2922 3080 3069 3136 alibi.
3125 3079 3229 3136 Sed
3293 3088 3348 3135 et
3411 3081 3650 3149 proxime
3715 3083 3766 3133 in
3792 3106 3867 3174 τη

467 3170 814 3238 corruptivum
859 3169 995 3223 istud
1038 3169 1248 3224 induere
1291 3170 1722 3241 incorruptelam,
1766 3181 1812 3226 et
1851 3171 2069 3227 mortale
2095 3183 2139 3245 ρ
2175 3175 2273 3230 ista
2313 3174 2550 3238 civitate,
2601 3170 2676 3245 (b)
2731 3187 2851 3227 eum
2909 3170 3041 3227 Odei
3083 3170 3198 3244 (l6)
3252 3170 3637 3238 fundamenta;
3695 3184 3773 3229 tot

465 3260 605 3315 istud
641 3262 851 3340 induere
888 3263 1352 3327 immortalitatem;
1402 3265 1501 3319 hoc
1530 3267 1632 3320 erit
1662 3265 1803 3320 istud
1833 3265 2061 3323 domici-

466 3354 599 3411 linnt
629 3354 695 3409 de
719 3355 857 3411 caelo
883 3394 898 3415 ,
926 3356 1066 3425 quod
1098 3364 1373 3425 gementes
1400 3356 1450 3410 in
1489 3356 1589 3412 hac
1626 3371 1787 3412 carne
1812 3359 2065 3429 superin-

409 3431 413 3435 ’
468 3444 638 3500 duorc
678 3445 792 3517 (I0)
839 3445 1236 3513 desideramus;
1296 3447 1477 3518 utique
1511 3461 1673 3520 super
1715 3462 1930 3506 carnem
1963 3491 1978 3516 ,
2013 3454 2064 3506 in

2164 3276 2406 3324 veterum
2453 3266 2846 3337 sepulturarum
2902 3264 3299 3337 sacrilegam,
3346 3266 3764 3327 collocarentur,

2167 3360 2573 3434 quingentorum
2641 3357 2753 3413 fere
2789 3372 3052 3413 annorum
3093 3371 3217 3414 ossa
3244 3358 3347 3429 (d).
3389 3358 3566 3415 adhuc
3619 3373 3713 3412 suc
3748 3387 3775 3399 -

2168 3453 2321 3517 cida,
2356 3452 2433 3519 (e)
2496 3459 2551 3506 et
2591 3450 2816 3521 capillos
2884 3450 3093 3506 olentes
3167 3450 3395 3521 populus
3459 3451 3765 3506 exhorruit.

1701 3560 2081 3621 LECTIONES
2119 3562 2530 3621 VARIANTES.

542 3673 611 3739 (1)
643 3677 749 3728 Νοη
775 3677 917 3728 (then.
943 3676 1096 3729 Seml.
1118 3679 1258 3729 Pam.

565 3673 612 3867 ίξ
643 3677 749 3728 Νοη
775 3677 917 3728 (then.
943 3676 1096 3729 Seml.
1118 3679 1258 3729 Pam.

558 3740 590 3789 2
647 3740 700 3791 In
726 3742 816 3794 hoc
838 3741 1203 3802 ingemiseimus
1225 3745 1369 3794 Pam.
1395 3742 1545 3792 Frau.

558 3804 590 3867 5
648 3803 964 3867 ExutiSetnl.
1138 3861 1148 3867 _

566 3861 614 3987 ix}
646 3866 819 3928 Angeli
848 3865 991 3917 nhen.
1015 3861 1164 3917 Seml.

562 3930 610 4002 ᾗ
648 3928 797 4002 ginutl
822 3927 947 4002 utrem
967 3942 998 3979 a
1015 3927 1170 4002 Rhea;
1193 3928 1334 3979 sentt.

486 4012 489 4015 ·
540 3989 613 4044 (6)
648 3990 837 4042 Christo
858 3990 1010 4043 Rhea.
1037 3989 1187 4044 Semt.

563 4053 613 4105 71
652 4053 800 4103 Dedit
823 4056 961 4105 Pam.
986 4055 1137 4105 Frtm.

564 4113 615 4180 8)
650 4115 816 4176 Primi,
843 4122 1006 4168 etnon
1027 4115 1135 4167 hab.
1155 4113 1305 4167 Rhea.
1332 4114 1482 4167 Seml.

2257 3683 2311 3745 9)
2343 3678 2767 3745 Positionejtlten.
2796 3678 2943 3745 Sergi.

2267 3742 2343 3810 11))
2375 3743 2673 3810 Superindui
2696 3745 2836 3810 Pam.
2857 3742 3015 3810 Fran.

2270 3802 2339 3876 (ῃ
2373 3802 2538 3876 ξὶιίιυε
2554 3804 2705 3858 Rhea.
2732 3802 2885 3876 sentt.

2268 3862 2340 3920 l2I
2373 3869 2698 3920 Demutamus
2717 3862 2821 3917 alii.

2241 3927 2342 3994 (15)
2380 3931 2523 3983 Omni
2544 3932 2688 3980 modo
2710 3929 2906 3994 quidem
2931 3928 3080 3979 then.
3102 3927 3254 3979 Setul.

2244 3993 2345 4055 (14)
2380 3993 2518 4043 Illam
2540 3995 2683 4043 Pam.
2704 3993 2853 4055 Fran.

2243 4050 2342 4124 (liii
2381 4050 2994 4124 ἔειιψεδέρηίιιξηςεςηιι-
3054 4113 3082 4124 ..
3223 4114 3236 4124 .
3293 4116 3356 4124 ..-
3450 4104 3455 4110 ε

2246 4113 2345 4185 (16)
2381 4118 2538 4169 llodic
2562 4116 2714 4170 Rhea.
2740 4116 2823 4167 dei
2846 4113 2935 4167 alii
2959 4128 3019 4166 eo
3037 4113 3118 4165 die
3142 4114 3252 4167 cod.
3293 4116 3484 4170 Wouu'.

2239 3682 2259 3929 l

2326 3815 2345 4059 ἓ

1843 4222 2403 4282 COMMENTARIUS.

479 4337 659 4408 mundi
687 4380 700 4401 ,
741 4346 843 4392 etc.
898 4336 1195 4392 llumaitum
1245 4352 1439 4408 corpus
1489 4336 1693 4393 duabus
1749 4338 2076 4408 metaphoris

482 4395 778 4478 signiﬁcat,
818 4408 1073 4463 domicilii
1111 4420 1164 4463 et
1205 4395 1535 4473 indtt't'nenti,
1575 4409 1827 4464 domicilii
1880 4395 1929 4464 iIl
1978 4411 2077 4466 hac
2103 4395 2153 4456 D

484 4480 591 4534 vita
615 4523 628 4545 ,
662 4490 714 4534 et
736 4480 1031 4534 indumenti
1058 4480 1241 4552 gloria:
1281 4479 1546 4552 iualtera.
1578 4480 1782 4535 Seneca
1808 4482 1922 4549 ipse
1954 4496 2076 4549 pro.

487 4551 639 4624 fanus
662 4550 1251 4624 utramqucoguoscgre
1272 4550 1500 4618 videtur,
1528 4553 1749 4624 primam
1766 4553 1924 4622 epist.
1954 4552 2074 4611 ΕΟ.

488 4622 712 4676 alteram
737 4622 892 4691 epist.
923 4622 1014 4676 92.
1057 4622 1132 4677 Ls
1157 4623 1254 4679 Pa.

565 4691 640 4767 (a)
669 4692 1129 4767 Deprettendnntur
1160 4696 1211 4767 in
1238 4709 1408 4748 carne.
1451 4692 1547 4767 llic
1592 4694 1824 4767 loquitur
1876 4693 1943 4749 de
1980 4694 2079 4749 ad—

489 4764 654 4820 ventu
672 4764 908 4820 secundo
927 4765 1156 4829 Domini,
1187 4766 1237 4819 in
1255 4779 1361 4836 quo
1376 4764 1537 4836 judex
1560 4765 2083 4836 omniumexpendet

489 4847 542 4892 et
571 4838 800 4891 excutiet
839 4835 1653 4905 tit-lict:t.Quideprchendemur
1684 4836 1735 4890 in
1763 4835 1948 4892 carne.
1985 4836 2085 4890 hoc

491 4917 593 4972 est,
620 4907 874 4970 viventes.
893 4904 1082 4962 eadem
1112 4922 1231 4961 cmn
1259 4904 1421 4963 carne
1442 4922 1619 4962 coram
1647 4907 1869 4962 Domino
1892 4908 2085 4963 sistent

492 4994 593 5043 se;
634 4978 721 5047 qui
754 4979 804 5033 in
835 4992 999 5034 carne
1023 4996 1126 5033 non
1164 4978 1665 5049 deprehenduntur,
1696 4993 1909 5034 carnem
1936 4994 2087 5049 assu-

496 5058 644 5105 ment
675 5067 687 5102 :
717 5050 817 5106 erit
856 5050 997 5104 enim
1034 5049 1196 5117 judex
1242 5048 1479 5106 vivorum
1521 5060 1574 5103 et
1613 5058 1966 5104 mortuorum.
2032 5048 2086 5107 Id

495 5122 960 5191 cxponit,qu:est.
983 5121 1079 5176 I09
1105 5163 1117 5183 .
1154 5121 1211 5176 Β.
1245 5120 1529 5176 lustinus:
1576 5125 1626 5176 οὗ
1653 5127 1817 5183 πάντες
1855 5129 2089 5191 κιιμηθηο

497 5189 676 5260 σόμεθα
694 5228 709 5245 ο
741 5197 897 5263 κμνςῗ
913 5189 989 5245 (οὖν
1014 5199 1188 5257 garrit;
1209 5202 1315 5260 μὶν,
1342 5199 1463 5265 τούς-
1480 5217 1584 5263 τοτε
1606 5196 1802 5265 geratis,
1828 5189 2012 5265 ν’κριῦς
2041 5196 2090 5246 δὲ

424 5310 433 5313 -
496 5274 600 5327 τοὺς
628 5261 959 5335 sistet-ephori:
982 5270 1034 5320 εκ
1058 5281 1147 5320 τῶν
1171 5281 1357 5335 νεκρῶν.
1408 5261 1530 5318 Non
1566 5261 1735 5316 cautes
1760 5261 2088 5326 dormiamus,

488 5333 743 5403 judicabit
779 5339 947 5405 itaque
981 5336 1200 5390 viventes
1234 5333 1322 5405 qui
1361 5346 1479 5389 tunc
1505 5344 1648 5389 erunt
1669 5375 1683 5398 ,
1724 5346 1951 5389 mortuos
1976 5349 2092 5388 vero

501 5405 585 5474 qui
611 5423 644 5458 (ι
665 5404 875 5460 mortuis
900 5407 1192 5461 resurrexit.
1218 5404 1296 5461 [ιε
1319 5406 1414 5461 PII.

574 5476 726 5532 GM’.
771 5475 930 5530 XLII.
981 5507 1052 5517 --
1091 5476 1170 5546 (b)
1198 5477 1324 5531 Cum
1369 5476 1483 5531 odei
1527 5476 1876 5546 fundamenta.
1936 5476 2093 5533 Varia

457 5546 690 5602 “nonne
717 5546 865 5602 fuere
890 5546 1053 5611 odoa,
1085 5549 1198 5602 sive
1226 5548 1339 5603 loca
1385 5549 1435 5601 in
1459 5546 1648 5617 quibus
1663 5546 1948 5617 aliquando
1976 5563 2094 5603 sese

504 5619 834 5687 recipiebant
882 5627 1212 5690 Spectatores
1241 5634 1273 5674 e
1323 5619 1570 5690 theatro.
1612 5621 1655 5676 si
1700 5619 1872 5690 pluria
1911 5634 2096 5690 super-

509 5691 782 5760 venisset,
809 5703 929 5760 nam
958 5688 1026 5744 ibi
1054 5691 1291 5760 porticus
1324 5697 1508 5760 erant.
1532 5687 1644 5744 Hoc
1672 5689 1866 5745 inloco
1898 5687 2095 5745 recita-

513 5759 705 5815 bantur
745 5759 907 5815 etiam
945 5759 1221 5830 poemata,
1260 5775 1324 5817 ac
1360 5759 1564 5817 venalia
1606 5760 1870 5818 frumenta
1899 5761 2097 5833 exponi

2179 4340 2436 4395 solebant.
2462 4338 2529 4411 In
2546 4353 2610 4411 eo
2631 4337 2790 4411 etiam
2817 4351 3017 4392 caussm
3035 4335 3393 4393 lrumcntarim
3422 4340 3776 4411 agitabantur.

2181 4411 2269 4465 Sic
2292 4411 2499 4469 ΡοΙΙιικ,
2519 4409 2611 4464 III).
2638 4409 2748 4464 VIII
2773 4427 2785 4462 ε
2807 4412 2967 4483 edepol
2990 4412 3067 4483 ζττὶ
3090 4420 3154 4477 τῷ
3178 4423 3297 4478 vita}
3318 4409 3525 4475 alma»
3546 4425 3608 4481 τῷ
3635 4416 3783 4483 ὦδςνῳ

2182 4487 2417 4548 (Magaw
2442 4494 2566 4543 σίτςς
2594 4485 2639 4535 ἒξ
2669 4489 2792 4537 ἐστιν
2820 4490 2872 4533 αἱ
2896 4481 3187 4547 ἶφςιλόμσνπ
3212 4485 3397 4550 τριφαὶ.
3435 4482 3628 4536 Causas
3649 4481 3786 4537 tibit-

2181 4555 2287 4607 rias
2322 4555 2372 4606 in
2404 4554 2548 4606 odoio
2578 4551 2958 4622 disceptabant;
2987 4549 3126 4603 cibus
3163 4565 3277 4604 vero
3299 4549 3379 4605 est
3405 4554 3661 4621 quodlibet
3687 4557 3786 4609 ali-

2185 4635 2425 4679 mentum.
2471 4623 2546 4678 LE
2593 4623 2691 4678 Pa.

2259 4694 2344 4767 (ς)
2385 4693 2620 4767 veterum
2665 4692 3042 4767 sepulturarum
3080 4691 3348 4767 sacrilega,
3366 4702 3471 4767 cte_.
3486 4692 3619 4767 Cum
3641 4696 3785 4765 jace-

2187 4761 2373 4823 rentur
2412 4765 2547 4820 Odei
2584 4761 2922 4821 fundamenta
2955 4765 3175 4829 (novum
3212 4761 3410 4886 quip'pe
3435 4761 3787 4822 Odeumcar-

2189 4837 2399 4886 lItaeine
2430 4846 2727 4886 extructum
2756 4834 2958 4886 fuerat.
2986 4835 3052 4886 de
3081 4848 3187 4886 tttto
3222 4834 3306 4886 hic
3353 4844 3469 4886 orle
3503 4835 3782 4886 Innuiturl.

2189 4837 2399 4905 thagine
2430 4846 2727 4907 extructum
2756 4834 2926 4890 fuerat
2945 4876 2958 4897 ,
2986 4835 3052 4889 de
3081 4848 3187 4907 quo
3222 4834 3306 4888 hic
3336 4834 3469 4889 forte
3503 4835 3783 4907 loquitur).

2189 4902 2337 4965 eruta
2369 4916 2493 4964 sunt
2528 4922 2648 4961 ossa
2691 4906 2969 4962 innumera
3005 4902 3240 4959 nendum
3279 4915 3530 4977 corrupta
3569 4902 3655 4961 aut
3692 4902 3849 4964 alo"
3894 4936 3897 4939 -

2189 4990 2399 5050 sumpta
2426 5021 2442 5045 ,
2492 4978 2688 5050 etiam“
2718 4978 3030 5050 gigantum,
3074 4992 3192 5043 quae
3243 4986 3565 5050 portentosa
3610 4990 3783 5035 erant.

2190 5046 2325 5106 Illttd
2372 5050 2497 5104 vero
2535 5046 2815 5122 sacrilegio
2863 5046 3026 5102 aliine
3047 5056 3192 5122 erat;
3237 5063 3357 5122 nam
3391 5047 3787 5122 violatisrpnl-

2192 5122 2270 5180 rri
2312 5122 2513 5178 facinus
2558 5117 2914 5189 sacrilegium,
2944 5128 2997 5189 et
3018 5117 3154 5189 actio
3180 5117 3232 5172 itt
3259 5117 3565 5173 violatorem
3590 5117 3791 5188 irroga:

2192 5192 2486 5249 infamiam.
2527 5189 2632 5244 Nec
2665 5188 2886 5251 mirum,
2915 5188 2961 5244 si
2992 5188 3042 5242 id
3074 5204 3178 5242 non
3219 5189 3416 5243 oblitus
3461 5190 3618 5243 fuerit
3657 5192 3791 5247 'I‘er-

2196 5264 2447 5319 tulliamts
2486 5263 2536 5316 in
2580 5260 2701 5330 jure
2752 5260 3147 5316 versutissimns
3178 5301 3192 5324 ,
3224 5260 3291 5315 de
3338 5275 3442 5329 quo
3485 5262 3790 5316 monuimus

2194 5334 2339 5390 alibi.
2369 5335 2446 5389 Ls
2474 5333 2572 5387 Pa.

2270 5404 2350 5479 (d)
2394 5404 2819 5479 _Q_u_iugeu_torum
2853 5405 2957 5472 fere
2997 5418 3143 5479 ιιηη.⁸
3176 5400 3304 5479 Quis
3357 5401 3501 5457 llicr.
3543 5401 3792 5479 liardano

2198 5470 2355 5532 fidem
2377 5470 2659 5539 dabitfqui
2690 5470 2862 5541 patris
2874 5486 3069 5541 corpus
3094 5471 3164 5525 ob
3186 5473 3358 5527 varias
3380 5470 3794 5529 exercitationes

2197 5558 2252 5604 et
2274 5552 2517 5602 exactam
2544 5542 2753 5614 vivendi
2780 5543 3039 5614 rationem
3079 5543 3340 5612 integrum
3392 5543 3652 5599 mansisse
3701 5560 3797 5614 per

2202 5612 2811 5689 vigintiannosrefert?
2840 5611 2919 5668 Ls.
3108 5644 3115 5651 ι

2262 5681 2702 5815 ὄφλιςιραρόηᾳε
2736 5683 2945 5738 olentes.
2975 5682 3117 5738 Idem
3143 5681 3415 5762 Cardauus
3442 5682 3642 5763 scripto
3669 5699 3798 5752 pro-

2301 5771 2339 5815 tt
2365 5777 2416 5815 tn
2443 5760 2534 5815 Itb.
2563 5770 2757 5811 vartar.
2781 5753 2915 5815 VIII.
2946 5769 2995 5811 c.
3019 5754 3073 5809 ι.
3101 5751 3343 5809 TuIItolae
3371 5755 3650 5811 therums
3676 5768 3798 5809 cor-

2204 5751 2342 5817 didii
2364 5762 2416 5815 in
2443 5759 2534 5816 lib.
2551 5751 2757 5811 'variar.
2781 5753 2915 5821 VIII,
2946 5769 2995 5811 c.
3019 5754 3073 5809 ι.
3101 5751 3343 5809 Tulliolae
3371 5751 3650 5811 Ciceronis
3673 5751 3799 5809 cor-
