4052 6286
373 269 485 329 857

1392 278 1595 337 LIBER
1640 281 1727 337 DE
1766 281 2344 343 RESURRECTIONE
2382 285 2652 379 CARNiS.
2725 293 2762 360 ς
3574 291 3682 350 858

374 404 446 446 an
475 392 595 462 quia
626 388 704 467 (a)
732 391 897 449 divini
941 394 1176 453 thesauri
1207 396 1560 453 conditorium
1600 407 1702 465 est,
1744 400 1966 453 extolle-
2000 400 2050 459 Α
2075 400 2308 455 clausula
2336 419 2349 455 :
2376 403 2625 466 Scientes,
2657 403 2748 469 ait,
2799 403 2938 476 quod
2981 404 3071 478 qui
3114 406 3372 464 suscitavit
3400 405 3603 484 Iesum.
3638 420 3688 463 et

375 486 504 539 tur?
531 487 750 555 Atquin,
781 487 825 541 si
865 488 1041 543 lumen
1088 489 1257 558 ipsum
1301 487 1380 562 (Ι)
1424 489 1550 545 illttd
1598 508 1801 560 verum,
1833 494 1972 562 quod

376 588 461 631 est
494 578 546 631 in
582 593 808 647 persona
860 580 1079 647 Christi,
1106 582 1266 637 vitam
1313 583 1364 637 itt
1408 597 1468 639 se
1505 586 1760 649 continet,
1807 602 1976 655 caque

375 667 484 722 vita
536 683 659 724 cum
711 669 909 725 lumine
954 672 1305 728 committitur
1354 672 1406 728 itt
1458 689 1712 743 carnem;
1743 679 1974 746 peritura

376 771 481 822 est.
506 761 560 816 in
591 778 750 831 quam
783 764 886 819 vita
910 766 1301 821 committitur?
1327 767 1495 824 Plane
1519 811 1533 835 ,
1557 770 1600 823 si
1634 771 1896 839 periturus
1923 781 1977 826 et
2028 806 2033 813 ο

375 853 493 921 ipse
523 853 1122 923 thesauruszperituris
1175 858 1318 914 enim
1379 860 1608 930 peritura
1653 863 1972 929 creduntur;

375 948 515 1005 sicut
541 949 809 1005 veteribus
832 952 1055 1016 utribus,
1085 968 1281 1009 novum
1306 957 1508 1010 vinum.
1535 955 1668 1011 Cum
1698 958 1822 1013 item
1850 957 1975 1014 sub.

369 1040 491 1110 jit-it
520 1060 532 1096 :
568 1041 783 1109 Semper
820 1046 1263 1115 mortificationem
1305 1048 1498 1104 Christi
1532 1049 1658 1105 Jesu
1707 1051 1973 1123 circumfe-

373 1132 537 1190 rentes
563 1137 851 1205 incorpore
876 1150 1081 1206 nostra;
1110 1142 1283 1211 qualis
1315 1143 1409 1197 ista
1455 1159 1543 1198 res
1577 1152 1679 1209 est,
1708 1160 1826 1215 qua:
1858 1155 1977 1214 post

380 1224 473 1282 Dei
501 1228 774 1298 templum,
802 1229 911 1299 jam
942 1240 997 1286 et
1048 1234 1350 1303 sepulcrum
1380 1232 1576 1291 Christi
1628 1246 1803 1307 potest
1830 1236 1977 1293 dici?

373 1316 484 1371 Cur
507 1330 685 1374 autem
718 1321 1182 1381 mortiﬁcationem
1215 1327 1422 1382 Domini
1454 1329 1877 1386 circumterimus
1921 1331 1974 1387 itt

374 1412 642 1482 corpore?
694 1411 781 1469 Uti
827 1426 870 1469 et
912 1417 1009 1470 ritu
1057 1416 1171 1489 (τι),
1212 1419 1399 1490 inquit,
1434 1423 1802 1491 manifestetur.
1838 1423 1978 1480 Ubi?

375 1500 443 1555 In
475 1518 685 1574 corpore
731 1503 830 1578 (ὅ).
884 1505 938 1561 1η
967 1507 1108 1577 quo?
1130 1508 1187 1563 In
1242 1511 1466 1565 mortali.
1519 1512 1659 1582 Ergo
1709 1514 1759 1568 itt
1791 1529 1973 1581 carne.

373 1596 529 1665 plane
552 1597 763 1652 mortali
788 1599 1082 1654 secundum
1113 1601 1343 1673 culpam,
1378 1603 1472 1659 sed
1499 1616 1551 1660 et
1582 1606 1723 1660 vitali
1781 1620 1976 1662 secun-

372 1687 501 1742 dum
527 1691 771 1758 gratiam.
806 1690 939 1745 Vide
978 1703 1230 1762 quautam
1262 1712 1275 1748 :
1312 1693 1381 1751 Ut
1418 1697 1471 1750 in
1521 1697 1615 1752 illa
1657 1700 1759 1752 vita
1790 1698 1979 1755 Christi

2079 514 2171 550 nos
2215 500 2473 553 suscitabit
2528 518 2645 553 cum
2698 502 2833 572 ipso,
2886 503 3007 572 quia
3045 505 3159 575 jam
3202 505 3479 559 resurrexit
3655 522 3688 560 (ι

2078 593 2331 646 mortuis:
2363 593 2462 647 nisi
2510 595 2632 664 quia
2685 612 2798 648 cum
2848 597 2959 666 ipso
3001 598 3138 651 sicut
3178 597 3352 666 ipsum
3398 597 3575 668 sapit?
3628 595 3686 652 Si

2079 699 2210 739 vero
2234 686 2373 740 sicut
2399 689 2594 757 ipsum,
2628 703 2735 741 nou
2760 688 2940 757 utique
2970 688 3087 743 sine
3112 702 3301 744 carne.

2676 780 2907 837 CAPUT
2939 779 3099 838 XLV.

2152 871 2258 928 Sed
2288 881 2341 928 et
2372 889 2555 928 rursus
2581 873 2682 928 alia
2712 875 2952 929 cazcitate
2981 875 3033 929 in
3056 874 3191 930 duos
3214 874 3461 931 homines
3489 874 3685 945 impin-

2078 974 2228 1033 gum,
2285 965 2334 1018 itt
2383 975 2619 1021 veterem
2652 975 2708 1020 et
2755 966 2807 1020 in
2855 981 3072 1033 novum,
3120 975 3374 1024 monente
3425 967 3685 1038 Apostolo

2079 1053 2242 1127 (Epit.
2274 1052 2388 1127 IV),
2422 1055 2674 1127 deponere
2707 1074 2799 1111 nos
2827 1069 3041 1113 veterem
3070 1060 3322 1114 hominem
3349 1057 3423 1133 (ὁ)
3464 1060 3550 1127 qui
3574 1076 3687 1114 coro

2078 1147 2335 1217 rumpitur
2363 1163 2453 1217 per
2477 1149 2934 1218 concupiscentiam
2956 1150 3264 1213 seductionis
3279 1168 3298 1216 ;
3331 1153 3562 1205 renovari
3588 1169 3684 1205 au-

2082 1248 2180 1293 tem
2204 1240 2387 1309 spiritu
2413 1257 2610 1305 sensus,
2634 1250 2683 1294 et
2711 1241 2921 1296 induere
2945 1259 3127 1305 novum
3172 1244 3443 1302 hominem.
3473 1244 3561 1314 qui
3606 1261 3686 1299 se-

2080 1332 2303 1385 cundum
2333 1330 2499 1386 Deum
2521 1331 2757 1388 conditus
2783 1343 2855 1388 est
2882 1334 2937 1388 in
2953 1334 3162 1405 justitia
3192 1344 3240 1390 et
3285 1336 3529 1407 religione
3554 1337 3685 1392 veri-

2080 1425 2232 1491 tatis;
2265 1434 2321 1481 ut
2369 1435 2423 1482 et
2479 1426 2565 1481 hic
2609 1426 2676 1481 ad
2730 1426 2863 1483 duas
2914 1428 3239 1484 substantias
3281 1428 3680 1500 distinguendo,

2080 1526 2397 1575 vetustatem
2443 1520 2510 1575 ad
2558 1535 2799 1585 carnem,
2846 1520 3138 1576 novitatem
3187 1523 3252 1576 ad
3284 1524 3535 1589 animam,
3564 1540 3683 1581 cor-

2082 1613 2384 1679 ruptionem
2432 1623 2746 1683 perpetuam
2777 1614 2943 1669 veteri
2988 1612 3257 1677 defendat,
3289 1616 3340 1670 id
3384 1625 3467 1671 est
3511 1618 3678 1671 carni.

2081 1701 2273 1770 Porro,
2329 1704 2372 1758 si
2424 1704 2716 1760 secundum
2756 1705 3101 1772 substantias,
3136 1720 3234 1761 nec
3279 1708 3455 1762 anima
3513 1723 3682 1765 novus

368 1782 739 1847 manifestatur.
774 1782 830 1837 In
864 1799 921 1840 re
947 1800 1078 1856 ergo
1105 1788 1275 1843 aliena
1302 1789 1490 1845 salutis
1515 1789 1595 1865 (4)
1635 1793 1684 1846 itt
1726 1792 1972 1849 substan-
2006 1793 2049 1852 B
2081 1794 2261 1860 homo,
2315 1795 2437 1865 quia
2487 1797 2786 1865 posterior;
2845 1813 2946 1852 nec
2995 1812 3123 1852 caro
3151 1798 3287 1861 ,ideo
3330 1811 3504 1870 vetus,
3556 1803 3679 1872 quia

370 1871 444 1924 tia
469 1884 736 1944 perpetuae
757 1875 1144 1945 dissolutionis,
1181 1878 1611 1938 tuanifestaltitttr
1639 1884 1742 1938 vita
1773 1885 1970 1942 Cltristi

368 1976 596 2032 a'tcrna,
624 1968 786 2038 jugis,
817 1972 1120 2042 incorrupta
1141 2013 1155 2037 ,
1181 1973 1288 2043 jam
1320 1984 1373 2029 et
1405 1975 1496 2030 Dei
1526 1977 1670 2031 vita?
1695 1990 1785 2034 aut
1820 1981 1973 2051 cujus

370 2063 628 2132 temporis
658 2064 762 2118 vita
804 2065 1015 2122 Domini
1069 2070 1500 2128 manifestabitur
1528 2075 1579 2128 in
1619 2089 1847 2146 corpore
1878 2096 1974 2135 nu-

370 2152 496 2207 tro‘?
521 2153 608 2208 Illa
636 2156 851 2225 quidem
884 2173 1041 2227 quam
1084 2159 1163 2233 (5)
1196 2163 1322 2217 vixit
1355 2179 1522 2235 usque
1548 2166 1600 2221 itt
1634 2170 1968 2237 passionem;

367 2258 489 2314 quc
520 2260 622 2299 non
652 2246 812 2301 modo
833 2248 972 2318 apud
992 2246 1207 2308 Jttdznos
1233 2253 1285 2308 in
1320 2256 1601 2312 manifesto
1632 2258 1749 2323 fttit,
1782 2276 1968 2318 verum

366 2336 533 2389 etiam
555 2338 805 2393 omnibus
830 2355 971 2395 nunc
996 2345 1243 2412 gentibus
1276 2347 1481 2414 prodita
1524 2359 1627 2411 est.
1655 2350 1807 2407 Adeo
1850 2370 1968 2410 eam

365 2430 649 2497 signiﬁcat,
677 2447 796 2502 qua:
834 2445 1019 2502 portas
1045 2435 1415 2493 adatnantinas
1460 2443 1669 2510 mortis,
1697 2454 1751 2499 et
1791 2462 1970 2502 teneas

365 2534 518 2575 seras
549 2521 839 2579 inferorum
869 2526 1098 2598 infregit,
1134 2546 1252 2601 quae
1282 2532 1602 2604 exindcjant
1634 2547 1812 2594 nostra
1862 2550 1963 2601 est,

356 2612 635 2685 Denique,
676 2620 1105 2676 maniiestabitur
1153 2624 1203 2677 in
1255 2639 1500 2694 corpore.
1547 2628 1810 2697 Quando?
1839 2632 1969 2688 Post

365 2719 618 2763 mortem.
649 2709 967 2778 Quomodo?
1000 2717 1128 2769 ltum
1163 2718 1557 2789 resurgimusin
1587 2737 1831 2793 corpore,
1865 2727 1969 2780 sic.

365 2808 419 2852 ttt
475 2810 530 2854 et
573 2799 836 2859 Christus.
879 2804 955 2861 Ne
1007 2808 1150 2862 enim
1203 2809 1321 2880 quis
1365 2824 1786 2883 argttmcntetur,
1823 2833 1966 2873 nunc

362 2889 567 2947 habere
595 2896 924 2952 mattifcstari
957 2901 1118 2955 vitam
1140 2901 1266 2958 Jesu
1299 2904 1349 2960 in
1374 2920 1602 2977 corpore
1648 2919 1831 2966 nostro
1872 2928 1966 2982 per

361 2983 700 3054 disciplinam
744 2992 1061 3060 sanctitatis,
1105 3007 1158 3051 et
1195 2998 1490 3069 patientiae,
1528 3012 1581 3058 ct
1619 3005 1840 3072 justitite
1865 3049 1878 3070 ,
1910 3018 1964 3064 et

359 3077 660 3145 sapientia;
693 3081 886 3150 quibus
921 3084 1127 3140 Domini
1161 3088 1266 3141 vita
1297 3088 1570 3160 ﬂertterit,
1601 3096 1960 3163 providentis-

2079 1889 2238 1956 prior.
2272 1887 2596 1956 Quantulum
2647 1889 2788 1943 enim
2838 1891 3094 1959 temporis
3141 1892 3281 1948 inter
3324 1908 3537 1947 manum
3588 1893 3679 1948 Dei

2076 1988 2128 2033 et
2156 1978 2442 2046 adﬂatum;
2469 1980 2640 2035 ausim
2670 1980 2868 2045 dicere,
2899 1983 3107 2036 etiamsi
3155 1982 3326 2037 multo
3369 1983 3514 2054 prior
3561 1983 3679 2038 aui-
3707 2034 3741 2065 ,

2075 2089 2159 2128 tua
2184 2090 2342 2143 quam
2370 2091 2517 2141 caro,
2551 2091 2615 2130 eo
2637 2075 2752 2146 ipso
2782 2074 2924 2145 quod
2951 2077 3127 2130 anima
3151 2075 3360 2147 impleri
3393 2092 3453 2132 se
3481 2092 3677 2149 cxpec-

2076 2170 2223 2232 tavit,
2254 2168 2487 2238 priorem
2531 2185 2648 2224 eam
2689 2169 2834 2223 fecit.
2866 2168 3052 2226 Omnis
3099 2172 3241 2224 enim
3288 2170 3680 2238 consummatio

2075 2353 2300 2426 mett'(8)
2345 2353 2625 2428 anticipat.
2678 2353 2843 2423 Magis
2892 2352 3021 2407 illud
3072 2353 3217 2422 prius
3271 2362 3372 2419 est,
3408 2354 3525 2409 sine
3572 2369 3678 2422 quo

2076 2447 2250 2516 priora
2307 2462 2411 2501 non
2464 2454 2705 2515 possunt.
2752 2445 2807 2500 Si
2855 2460 2982 2500 caro
3030 2454 3185 2501 vetus
3241 2444 3424 2510 homo,
3456 2444 3670 2515 quando

2074 2539 2252 2596 istud?
2281 2555 2311 2594 a
2358 2539 2693 2610 primordio?
2723 2539 2903 2611 atquin
2926 2537 3098 2593 Adam
3141 2553 3311 2592 novus
3338 2549 3498 2604 totus,
3531 2549 3583 2596 et
3609 2555 3675 2594 ex
3766 2606 3773 2613 ν

2073 2650 2210 2691 novo
2239 2643 2394 2689 vetus
2435 2648 2613 2689 nemo.
2643 2631 2773 2687 Nam
2804 2644 2858 2688 et
2900 2632 3094 2688 exinde
3120 2647 3148 2686 a
3180 2631 3548 2688 benedictione
3589 2648 3672 2702 ge-

2071 2728 2280 2792 ttiturm,
2311 2742 2438 2782 caro
2486 2737 2645 2796 atque
2697 2727 2876 2779 anima
2914 2724 3074 2779 simul
3118 2723 3283 2791 liuttt,
3316 2724 3432 2779 sine
3470 2723 3676 2778 calculo

2072 2821 2356 2890 temporis;
2380 2829 2434 2874 et
2460 2817 2539 2892 (9)
2560 2835 2680 2889 qua:
2710 2818 2867 2874 simul
2898 2815 3014 2891 (10)
3043 2818 3091 2870 itt
3126 2830 3276 2872 utero
3321 2819 3482 2872 etiam
3513 2817 3675 2872 semi-

2070 2923 2263 2967 nantur
2302 2909 2438 2984 (Il),
2487 2911 2628 2981 quod
2678 2910 2957 2964 docuimus
2989 2912 3039 2963 in
3067 2908 3437 2964 Commentario
3466 2909 3671 2972 animm.

2067 3013 2475 3075 cententporant
2489 3003 2639 3067 fmtu,
2653 2998 3011 3076 cozctant(l9)
3027 3011 3148 3055 natu
3170 3000 3249 3073 (τί)
3266 3001 3399 3056 duos
3418 3001 3547 3056 istos
3578 3000 3676 3054 ho-

2067 3099 2259 3163 mines,
2290 3112 2419 3152 sane
2444 3112 2506 3152 cx
2531 3094 2830 3151 substantia
2860 3094 3078 3163 duplici,
3108 3109 3214 3147 uon
3252 3101 3430 3147 tamen
3460 3100 3513 3147 et
3539 3103 3671 3145 tnta-

355 3169 495 3226 sima
528 3173 769 3243 Apostoli
803 3178 1028 3233 intentio
1072 3178 1267 3252 ingerit
1298 3201 1309 3236 :
1344 3183 1407 3238 Si
1436 3186 1566 3239 enim
1613 3205 1705 3243 nos
1731 3191 1818 3260 qui
1838 3192 1962 3247 vivi-
1992 3186 2036 3249 C
2071 3204 2143 3249 te.
2165 3193 2255 3247 Sic
2285 3178 2445 3244 unum
2475 3189 2639 3245 edunt
2660 3187 2826 3253 ,dutu
2856 3186 3001 3256 prior
3029 3192 3217 3240 neuter
3244 3194 3343 3239 cst.
3373 3171 3541 3238 Citius
3567 3192 3670 3247 (εει.

354 3277 492 3319 inus.
520 3263 574 3317 in
618 3276 828 3319 mortem
870 3269 1127 3324 tradimur
1152 3278 1360 3343 propter
1385 3274 1583 3342 Iesum,
1631 3289 1686 3332 ut
1725 3282 1825 3335 vita
1851 3283 1963 3353 ejus

352 3358 708 3429 manifestetur
722 3362 775 3415 in
793 3378 1005 3432 corpore
1026 3375 1195 3420 nostro
1213 3370 1451 3435 mortali;
1468 3369 1596 3426 Ideo
1624 3370 1705 3446 (6)
1734 3374 1962 3432 defunc-

354 3451 426 3504 tis
456 3449 740 3510 nobishoc
765 3456 838 3510 ait
862 3454 1096 3513 futurum
1128 3459 1180 3514 in
1226 3477 1453 3532 corpore
1489 3474 1692 3520 nostro.
1725 3467 1877 3537 Quod
1915 3471 1960 3526 si

245 3568 263 3587 κ
351 3552 506 3612 tunc,
547 3547 847 3618 quomodo,
878 3550 977 3606 nisi
1023 3555 1339 3611 resuscitato
1383 3558 1486 3613 eo?
1515 3558 1749 3615 Proinde
1803 3573 1858 3617 et
1903 3564 1954 3618 itt

2068 3295 2207 3339 totos
2230 3298 2327 3338 nos
2356 3280 2473 3356 (Ιό)
2504 3292 2593 3335 a'ttt
2630 3289 2837 3335 veteres
2866 3289 2956 3332 aut
2984 3291 3152 3333 IIOVUS
3182 3292 3301 3332 esse
3333 3293 3347 3331 :
3376 3292 3480 3346 qua
3530 3277 3672 3331 enim

2065 3376 2290 3431 alterum
2365 3376 2631 3444 possimus
2680 3387 2834 3437 esse,
2884 3370 3175 3425 nescimus.
3228 3368 3333 3425 Sed
3382 3367 3673 3437 Apostolus

2065 3482 2300 3527 veterem
2356 3469 2625 3524 hominem
2686 3466 2965 3522 manifeste
3005 3473 3154 3519 notat
3209 3481 3224 3518 :
3288 3461 3503 3534 Expone
3554 3460 3693 3535 (tt)

2065 3563 2247 3630 cuitu,
2311 3561 2519 3633 inquit,
2577 3559 2854 3615 secundum
2913 3558 3182 3629 pristinam
3241 3556 3670 3612 conversationem

1602 3693 1978 3755 LECTIONES
2019 3694 2446 3752 VAIHANTES.

525 3885 645 3937 Jesu
668 3888 787 3939 add.
814 3891 956 3939 Pam.
984 3891 1137 3942 Fran.

438 3949 491 4006 3)
525 3949 703 4001 Nostro
725 3950 846 4002 add.
872 3954 1014 4003 Pam.
1041 3963 1189 4006 Fran.

444 4010 493 4075 t)
524 4011 678 4064 Saluti
698 4010 852 4075 Ithen.
880 4014 1034 4066 Seml.

436 4074 489 4132 ὅ)
523 4075 625 4135 Qua
650 4074 796 4127 Rhea.
822 4077 974 4128 Seml.

437 4137 490 4199 ϐ)
523 4138 663 4188 Adeo
685 4141 828 4190 Pam.
853 4150 1000 4192 I-‘ran.
1082 4172 1089 4181 .

416 4200 492 4262 (7)
526 4199 882 4267 Resurrexerit
903 4199 1058 4256 Rhea.
1078 4200 1234 4255 Serui.

415 3822 493 4014 (ίέ
525 3821 619 3874 Dei
641 3824 762 3877 add.
787 3827 929 3876 Pam.
956 3827 1110 3879 Fran.

442 3887 471 3933 2
525 3885 645 3937 Jesu
668 3888 787 3939 add.
814 3891 956 3939 Pam.
984 3891 1110 3941 Frau

427 3952 468 4014 ft
525 3949 703 4014 Nostro
725 3950 846 4014 add.
872 3954 1014 4003 Pam.
1041 3963 1109 4006 Fr

2143 3834 2193 3899 8)
2228 3835 2413 3899 '_l‘_amen
2437 3828 2617 3899 neglig.
2642 3829 2801 3899 Ιίζιιῑηἶ
2822 3827 2965 3882 seml.

2143 3892 2461 3963 Q)U}_Pat_1t.
2488 3892 2641 3963 Rhein
2667 3892 2818 3947 Semi.
2849 3927 2855 3933 .

2148 3960 2219 4013 10)
2261 3960 2414 4009 Simul
2433 3974 2544 4022 quae
2567 3960 2714 4008 Pam.

2146 4022 2224 4088 tl)
2262 4019 2554 4088 [figurantur
2572 4023 2717 4088 Pam.
2745 4019 2966 4088 επακ-⁸

2116 4084 2222 4205 (lg)
2256 4085 2563 4156 prtaueant
2585 4086 2728 4158 Pam.
2754 4085 2878 4133 Par.
2903 4084 3019 4145 Rig.

2149 4149 2220 4205 lo)
2255 4147 2360 4197 l‘ton
2384 4146 2535 4198 then.
2566 4149 2690 4197 Pen.

2149 4146 2220 4210 [5)
2255 4147 2360 4210 Non
2384 4146 2535 4198 then.
2566 4149 2690 4197 Ven.

2115 4210 2136 4271 (
2151 4208 2229 4274 tt)
2263 4209 2584 4272 Exponentes
2616 4211 2759 4261 Pam.
2784 4208 2939 4261 Fran.
2969 4217 3229 4271 exponens
3251 4209 3373 4258 Jun.

1715 4313 2276 4373 COMMENTARIUS.

421 4424 578 4482 CAP.
611 4424 793 4483 XLIV.
827 4459 896 4512 "—
917 4425 993 4512 (a)
1020 4427 1194 4512 Divini
1214 4430 1435 4512 titesnuri
1455 4431 1813 4512 conditorium.
1844 4430 1944 4512 v9.
1971 4431 2024 4491 D
2051 4441 2216 4512 autem
2245 4432 2428 4512 spiritu
2442 4449 2648 4512 sensus.
2681 4448 2778 4512 pro
2809 4448 2960 4512 sensu
2995 4431 3248 4512 spiritus;
3280 4431 3551 4512 tumetﬁtia
3579 4434 3660 4512 sic

344 4506 437 4552 cat
462 4512 676 4552 carnem
702 4498 1060 4555 conditorium
1085 4500 1255 4555 divini
1299 4501 1555 4566 thesauri,
1591 4518 1694 4556 non
1723 4503 1839 4556 sine
1869 4503 1947 4554 al-

344 4568 562 4643 Ittsiune
592 4569 657 4623 ad
686 4570 818 4643 ritus
845 4573 1111 4641 antiquos,
1136 4580 1191 4628 et.
1210 4573 1478 4643 vulgatum
1505 4589 1808 4630 sermonem
1833 4572 1949 4641 phi-

344 4638 720 4713 losophorum.
773 4638 1047 4713 vocabant
1084 4645 1225 4698 enim
1268 4638 1484 4700 carnem
1530 4638 1855 4713 sepulcrum,
1894 4652 1951 4698 ut

344 4726 414 4766 ex
440 4711 658 4785 Platone
679 4711 789 4781 jam
828 4712 972 4785 dedi,
997 4721 1053 4769 et
1078 4714 1191 4785 ipse
1219 4711 1868 4784 Tertullianns‘capnlum
1896 4725 1951 4770 et

344 4782 653 4854 sepulcrum
681 4784 922 4848 vocavit;
954 4782 1179 4854 atqni'iu
1211 4788 1474 4853 sepulcris
1498 4786 1629 4840 olim
1666 4782 1948 4842 thesaurus

344 4853 671 4915 condebant,
701 4870 807 4924 quo
830 4855 983 4926 nihil
1030 4853 1229 4913 notius.
1267 4857 1540 4925 Ejusmodi
1570 4858 1728 4926 igitur
1764 4858 1946 4926 sepulo

344 4940 498 4977 erum
526 4936 605 4979 est
634 4939 782 4987 caro,
804 4933 864 4980 ttt
894 4925 1203 4981 thesaurum
1244 4928 1480 4983 divinum
1509 4925 1742 4983 includat
1787 4925 1945 4982 simul

342 5010 470 5051 cum
494 4997 689 5051 anima.
728 4996 896 5068 Porro
918 4998 1251 5052 conditorium
1290 5000 1595 5068 sepulcrum
1621 5009 1722 5053 est.
1754 4998 1946 5055 Petro-

344 5068 468 5139 nius
506 5069 748 5124 arbiter:
777 5067 844 5122 In
888 5070 1227 5123 conditorium
1269 5067 1420 5124 etiam
1462 5085 1721 5139 prosecuta
1759 5080 1833 5124 est
1860 5074 1946 5123 tle-

342 5138 611 5214 {ttnctttm,_
644 5140 959 5214 positumque
998 5142 1053 5196 in
1092 5144 1360 5214 hypogaeo,
1394 5138 1559 5214 grteco
1588 5158 1747 5208 more,
1770 5153 1942 5196 custo-

344 5208 458 5263 dire
483 5212 653 5279 coepit.
687 5211 814 5267 Lttc.

418 5281 756 5357 (ὲΑΙδΧῘΝΣ
783 5280 956 5357 ——_(h)
983 5282 1084 5351 Qui
1102 5284 1445 5357 corrumpitur
1468 5301 1557 5354 per
1580 5283 1943 5357 concupiscens

344 5352 468 5406 tiam
499 5355 693 5409 seduct.
724 5352 993 5423 Quod'lt'ic
1012 5372 1121 5424 per,
1147 5352 1777 5419 vertitinira'secundum,
1803 5355 1942 5422 quod

340 5424 514 5492 magis
557 5437 713 5480 sonat.
756 5441 858 5480 vox
900 5441 1071 5496 grteca
1109 5434 1257 5483 κατὰ.
1295 5426 1652 5496 Esttnteriut
1680 5425 1944 5496 peculiare

339 5496 584 5562 Aucmri,
619 5506 674 5554 et
720 5506 839 5566 post
877 5495 998 5551 eum
1043 5497 1267 5563 Hilario,
1307 5496 1382 5550 lib
1406 5495 1497 5550 XII
1528 5497 1590 5550 de
1615 5495 1784 5556 Trin.,
1811 5495 1942 5550 illttd

339 5570 809 5637 concupiscentiam
836 5569 1163 5637 sedttctionis,
1195 5569 1449 5637 singulari
1479 5583 1722 5626 numero.
1751 5582 1845 5635 pro
1876 5582 1943 5622 eo

382 5641 483 5693 ttttd
511 5640 631 5693 alia:
657 5654 847 5695 omnes
883 5640 1143 5697 editiones
1172 5639 1362 5709 plurali
1418 5653 1640 5692 nutuero
1672 5638 1721 5690 id
1767 5638 1944 5704 legant

382 5654 483 5693 uno
511 5654 631 5693 ειιιηε
657 5654 847 5695 omnes
883 5654 1143 5697 eumenes
1172 5654 1362 5709 ptumn
1418 5654 1640 5692 numero
1673 5654 1721 5690 ut
1767 5654 1939 5704 tegant

336 5654 536 5783 Z'pltes.
565 5709 633 5766 IV
652 5752 668 5773 ,
704 5722 810 5783 tam
839 5710 1046 5783 syriaca
1078 5724 1133 5768 et
1159 5725 1357 5783 graeca,
1387 5724 1545 5783 quam
1571 5708 1753 5783 latina.
1779 5709 1939 5783 Atqui

336 5778 570 5853 legimus
593 5781 813 5839 omnino
842 5778 1133 5841 secundum
1160 5778 1271 5840 tres
1303 5780 1556 5838 Vat.cod.
1587 5778 1685 5834 Ms.
1708 5778 1941 5833 renovari

2053 4503 2220 4576 etiam
2270 4501 2395 4573 legit
2441 4503 2484 4558 Β
2550 4501 2870 4576 Cyprianus,
2906 4504 2997 4558 lib.
3031 4501 3119 4564 III,
3166 4503 3291 4571 epist
3343 4502 3411 4554 ad
3439 4501 3655 4576 Quiriti.

2053 4589 2170 4642 cap.
2196 4573 2266 4635 ‘2;
2316 4585 2424 4627 tutu
2457 4573 2604 4645 quod
2624 4573 2797 4645 grtece
2817 4576 2884 4629 sit
2914 4591 2979 4647 τῷ
3002 4579 3237 4641 πνεύμασι
3263 4574 3657 4647 τοῦᾌνοῧςεῳιοιι

2052 4647 2236 4714 spiritu
2266 4647 2443 4700 mentis
2476 4643 2753 4701 transtulit
2784 4643 2980 4700 latinus
3011 4647 3299 4713 interpres.
3334 4643 3472 4698 PAI.

2125 4714 2204 4790 (ε)
2237 4716 2298 4770 Et
2342 4716 2392 4790 si
2442 4717 2620 4771 ordine
2651 4715 3346 4790 postuntat._Scribendtntt‘
3378 4725 3654 4790 postamat,

2052 4783 2526 4855 noit'post/mmat,
2573 4798 2621 4843 et
2651 4783 2837 4857 'suttra
2904 4787 3019 4857 lib.)
3067 4787 3183 4839 adv.
3254 4783 3651 4854 Valentinianus,

2050 4872 2169 4927 cap.
2199 4859 2289 4925 55,
2318 4868 2372 4913 et
2400 4861 2455 4913 in
2508 4859 2788 4928 Scorpiaco
2834 4861 2951 4914 adu.
2996 4856 3178 4913 Gnost.
3232 4866 3476 4928 patetctt
3511 4859 3653 4910 anti-

2050 4931 2169 5000 quis
2198 4926 2667 4986 mouuntentorutn
2709 4930 3143 5000 inscriptionibus
3198 4926 3561 5000 apud_A_ldutn
3599 4929 3650 4982 itt

2051 4998 2464 5073 Qrthograpltia.
2518 5001 2751 5073 Idipsum
2790 4996 2963 5073 etiam
3008 4999 3290 5073 adnotavit
3316 4996 3651 5073 _Gullieltuus_

2048 5066 2527 5127 Canterus'novat.
2572 5066 2692 5127 lect.
2748 5072 2837 5128 lib.
2867 5071 3082 5153 Il,rcap.
3108 5068 3199 5153 40,
3227 5066 3433 5153 addens
3461 5067 3651 5153 deduci

2047 5153 2342 5212 postumum
2389 5159 2493 5198 non
2537 5153 2789 5212 tanquam
2837 5152 2948 5213 post
3000 5143 3525 5213 huntatttttt_patrettt,
3576 5143 3650 5213 uti

2049 5209 2224 5269 Itheu.
2257 5223 2310 5267 et
2337 5214 2574 5282 plerique
2600 5209 2846 5278 censent,
2869 5213 2962 5268 sed
2989 5213 3057 5266 ab
3076 5209 3330 5266 adverbio
3356 5219 3489 5281 post,
3531 5209 3652 5282 vel-

2049 5293 2107 5338 ttt
2140 5286 2204 5337 ah
2235 5280 2379 5339 extra
2413 5280 2668 5348 eatttnnus,
2691 5295 2740 5339 et
2785 5300 2814 5337 a
2849 5285 2975 5339 citra
3021 5284 3268 5346 citumus,
3301 5280 3460 5351 atque
3510 5280 3648 5338 adeo

2051 5354 2364 5433 indifferens
2419 5370 2563 5422 esse,
2617 5353 2837 5433 tam_ad
2888 5370 3008 5410 eum
3063 5351 3645 5433 quipostretttoloco,

2048 5442 2205 5496 quam
2241 5428 2327 5495 qui
2357 5436 2476 5495 post.
2503 5426 2669 5496 patris
2699 5426 2904 5480 obitum
2939 5421 3093 5479 natus
3132 5425 3236 5491 sit,
3278 5421 3420 5492 quod
3469 5423 3641 5491 ipsum

2046 5497 2431 5574 alit'uhijtabet
2461 5498 2729 5574 Cttjacius.
2760 5497 2895 5551 I‘ttst.
3125 5573 3131 5574 γ
3286 5573 3289 5574 ν
3392 5560 3411 5574 π
3521 5562 3532 5574 ,

2119 5566 2199 5640 (tl)
2242 5560 2636 5640 Cmttetnporant
2703 5568 2823 5638 [tetu
2850 5609 2866 5631 ,
2902 5573 3133 5640 icowtaut
3205 5573 3348 5616 natu.
3391 5560 3647 5618 Inusitata

2048 5637 2367 5695 ltze'e'verba
2413 5637 2714 5714 formavit,
2755 5639 3545 5714 quonituucontemporattetts
3591 5642 3649 5688 et

2045 5719 2533 5835 coartanltiuslgroces
2558 5722 2676 5766 sunt
2705 5704 2900 5766 latinae.
2933 5707 3037 5764 Sed
3067 5707 3188 5778 plus
3220 5718 3374 5775 aquo
3413 5704 3647 5773 εἰωιθτ·

2045 5791 2218 5835 ruant.
2294 5796 2323 5835 ε
2401 5798 2452 5835 n.
3640 5824 3643 5829 ,

2044 5791 2218 5850 rogat.
2248 5791 2323 5835 Le
2357 5791 2452 5837 Pu.
