4052 6286
381 210 489 274 859

1803 220 2269 283 TERTULLIANI

3572 235 3735 298 860'

383 341 596 387 veterem
622 330 896 404 hominem,
931 351 1036 392 non
1082 335 1373 395 secundum
1409 338 1632 411 alicujus
1662 340 1975 399 substantize
2006 344 2051 400 Λ
2082 341 2202 396 liter
2244 343 2518 411 viverent;
2559 344 2769 417 placere
2805 358 2983 429 autem
3029 349 3141 407 Deo
3171 351 3309 424 illos,
3347 352 3440 428 qui
3474 357 3527 417 in
3565 373 3691 417 car-

385 426 616 479 scninm.
649 424 831 496 Neque
876 428 1017 483 enim
1068 444 1284 485 carnem
1339 433 1577 500 praecipit
1624 433 1976 501 deponamns,

385 515 481 571 sed
505 535 622 588 qua:
648 530 700 573 et
726 519 849 574 alibi
876 521 1105 576 carnalia
1133 523 1405 588 ostendit;
1437 539 1617 594 Opera,
1651 542 1754 581 non
1786 542 1970 597 corpo-

385 624 741 679 raacrusans,
771 611 839 667 de
880 615 1072 685 quibus
1113 623 1168 670 et
1222 615 1306 669 bic
1356 616 1611 686 subjicit:
1664 617 1979 690 Deponentes

384 704 722 773 mendacium,
752 706 1013 777 loquimini
1046 711 1317 765 veritatem
1349 714 1688 784 unusquisque
1715 715 1781 767 ad
1810 715 1983 784 proxi-

382 817 523 855 mum
548 816 713 864 suum,
757 802 995 871 quoniam
1023 802 1244 857 membra
1271 804 1570 858 alterutrum
1613 823 1805 862 smnus.
1841 806 1983 859 Iras-

383 890 555 947 cimiui
586 901 809 965 (autem,
866 901 913 947 et
955 893 1112 947 nolite
1146 894 1453 964 delinquere.
1514 896 1609 952 Sol
1635 913 1733 950 non
1785 898 1981 951 occidat

382 1001 537 1054 super
552 985 869 1040 iracundiam
892 996 1127 1043 vestram.
1168 986 1344 1058 Neque
1378 988 1616 1044 dederitis
1659 992 1823 1044 locum
1865 991 1973 1046 dia-

382 1081 499 1137 bolo
659 1080 758 1147 Qui
782 1081 1049 1151 ['urabalur
1074 1080 1173 1155 ('2),
1188 1084 1300 1151 jam
1320 1099 1417 1136 non
1442 1084 1659 1154 foretur,
1689 1084 1789 1137 imo
1817 1087 1982 1155 potius

384 1174 595 1241 laboret,
628 1173 883 1244 operando
911 1174 1161 1241 manibus,
1178 1176 1252 1228 uti
1266 1173 1444 1229 habeat
1467 1178 1729 1247 impertire
1748 1177 1981 1248 indigen-

383 1270 440 1339 ti.
472 1267 650 1323 Omnis
676 1285 837 1323 sermo
871 1270 1033 1338 turpis
1079 1285 1178 1324 non
1215 1270 1454 1340 procedat
1485 1287 1546 1325 ea:
1567 1289 1653 1325 ore
1678 1280 1859 1334 vestro,
1895 1273 1984 1326 sed

382 1364 471 1437 qui
498 1365 563 1420 sit
584 1365 805 1435 Optimus
829 1364 898 1419 ad
937 1365 1323 1434 a'di/icationem
1374 1366 1513 1432 ﬁdei,
1544 1378 1595 1421 ut
1640 1370 1856 1439 gratiam
1890 1386 1984 1424 au-

383 1457 632 1511 dientibus
686 1468 905 1527 prwstet.
958 1457 1025 1512 Et
1078 1459 1232 1514 nolite
1269 1460 1567 1514 contristare
1617 1461 1865 1531 Spiritum
1893 1463 1984 1519 Dei

384 1549 653 1619 Sanctum,
684 1553 736 1606 in
763 1568 860 1622 quo
880 1554 1066 1623 signati
1092 1555 1229 1618 estis,
1260 1555 1311 1607 in
1333 1556 1693 1624 redemptionis
1719 1556 1818 1611 die.
1856 1555 1983 1611 0m-

384 1644 463 1698 nis
488 1644 800 1710 amaritudo,
823 1655 867 1699 et
890 1645 987 1711 ira,
1019 1656 1066 1699 et
1096 1648 1309 1715 clamor,
1332 1656 1377 1701 et
1408 1648 1719 1719 blasphemia
1739 1690 1755 1716 ,
1777 1660 1821 1703 et
1846 1651 1983 1704 indi-

2087 450 2153 487 uc
2207 436 2398 506 positi,
2437 437 2727 494 seenndum
2779 442 3022 511 spiritum
3071 443 3411 503 incederent.
3464 450 3528 506 Et
3565 468 3688 504 rur-

2085 541 2215 581 sus:
2249 528 2445 600 Corpus
2486 531 2709 600 quidem,
2742 533 2848 597 ait,
2895 544 3186 605 mortuum,
3227 541 3321 595 sed
3358 538 3437 615 (a)
3475 554 3689 614 propter

2087 620 2523 694 delinquentium;
2552 626 2690 681 sicut
2720 628 2959 693 spiritum
2985 631 3139 684 vitam
3170 643 3375 704 propter
3402 636 3685 704 justitiam.

2036 778 2053 789 θ
2091 713 2259 767 Vitam
2300 725 2482 770 autem
2526 718 2682 773 morti
2726 733 3005 789 opponens
3045 722 3096 777 in
3143 738 3306 781 carne
3351 729 3684 793 constitutae.

2087 806 2202 861 sine
2235 806 2399 863 dubio
2430 808 2538 864 illic
2566 819 2619 865 et
2663 811 2827 867 vitam
2872 814 3174 880 repromisit
3218 831 3282 872 ex
3317 816 3553 887 iustitia,
3589 819 3683 875 ubi

2086 908 2314 954 mortem
2341 899 2718 959 determinavit
2747 919 2812 959 ex
2840 903 3224 977 delinquentia.
3269 908 3533 965 Cmterum
3574 909 3690 965 fru-

2086 1003 2196 1047 stra
2222 995 2473 1064 opposuit
2501 997 2665 1051 vitam
2699 999 2890 1065 morti,
2918 999 2963 1054 si
2995 1014 3102 1055 non
3136 1010 3220 1055 est
3249 1000 3360 1056 illic
3389 1000 3478 1057 ubi
3511 1010 3600 1058 est
3629 1012 3692 1060 et

2088 1084 2230 1155 ipsa,
2271 1087 2355 1141 cui
2385 1102 2503 1142 eam
2536 1090 2784 1160 opposuit
2805 1133 2821 1157 ,
2863 1090 3214 1147 excludenda:
3254 1093 3438 1162 utique
3465 1092 3533 1150 de
3558 1110 3689 1150 coro

2090 1193 2236 1246 pore.
2270 1179 2438 1234 Porro
2457 1222 2470 1245 ,
2499 1181 2543 1234 si
2568 1182 2672 1236 vita
2700 1193 2929 1239 mortem
2952 1182 3021 1239 de
3045 1198 3271 1253 corpore
3294 1184 3549 1251 excludit,
3575 1202 3689 1243 non

2090 1279 2263 1339 poteSt
2307 1270 2355 1325 id
2402 1272 2692 1342 perlicere,
2743 1275 2840 1343 nisi
2891 1274 3017 1331 illuc
3057 1274 3134 1351 (6)
3173 1284 3436 1348 penetret,
3472 1278 3562 1334 ubi
3604 1288 3693 1335 est

2089 1362 2229 1431 quod
2259 1363 2513 1420 excludit.
2544 1365 2611 1421 Et
2632 1365 2759 1437 quid
2785 1382 2886 1438 ego
2916 1368 3207 1434 nodosius,
3235 1384 3358 1425 cum
3390 1371 3691 1441 Apostolus

2088 1456 2424 1513 absolutius?
2469 1457 2530 1514 Si
2567 1460 2736 1527 euitn,
2779 1460 2972 1531 inquit,
3013 1462 3222 1533 spiritus
3252 1463 3365 1533 ejus
3394 1464 3478 1524 qui
3518 1467 3690 1519 susri~

2089 1549 2211 1602 tavit
2241 1547 2453 1617 Jesum,
2485 1550 2677 1605 habitat
2720 1552 2775 1607 in
2818 1554 2992 1619 vobis;
3031 1555 3118 1625 qui
3157 1555 3415 1611 suscitavit
3449 1555 3630 1627 Jesum
3656 1574 3690 1612 a

2090 1644 2322 1708 mortuis,
2347 1643 2608 1697 suscitabit
2632 1642 2712 1718 (7)
2734 1655 2778 1699 et
2805 1647 3045 1701 mortalia
3069 1663 3286 1720 corpora
3311 1658 3500 1714 vestra,
3528 1668 3691 1723 prop.

382 1738 555 1807 ρηαιὶο
697 1736 960 1805 auferalur
995 1755 1026 1792 α
1054 1738 1189 1793 vobis
1208 1781 1222 1804 ,
1253 1757 1366 1793 οιηη
1395 1740 1533 1794 omni
1571 1742 1785 1796 malum.
1816 1741 1987 1796 Εδιοιθ
2018 1740 2063 1799 Β
2092 1743 2164 1785 181⁸
2185 1732 2550 1789 inhabilantem
2578 1737 2814 1806 spiritum
2834 1738 2944 1808 8]αό
2964 1739 3017 1793 ia
3039 1738 3212 1806 υοὺὶι;
3237 1749 3291 1795 ut
3312 1750 3365 1799 cl.
3384 1740 3428 1795 εἰ
3451 1741 3690 1796 ωιὶιὶιωη

385 1839 554 1883 autem
580 1830 634 1883 in
662 1829 958 1884 alterutrum
988 1831 1210 1902 benigni,
1242 1832 1610 1899 misericordes,
1635 1837 1880 1889 donantes
1907 1834 1985 1888 in-

384 1923 566 1983 vicem,
595 1921 725 1975 sicut
753 1930 801 1975 et
832 1921 966 1975 Deus
990 1923 1124 1977 vobis
1151 1922 1353 1978 donavit
1385 1925 1435 1979 in
1461 1923 1679 1979 Christo.
1708 1924 1869 1996 Igitur
1894 1927 1983 1995 qui

385 2026 601 2067 carnem
642 2022 876 2069 veterem
900 2013 1169 2070 hominem
1212 2016 1539 2082 cxiSIimant,
1568 2033 1664 2071 cur
1708 2032 1810 2071 non
1844 2034 1984 2073 utor-

387 2113 492 2161 tem
519 2104 619 2161 sibi
652 2116 960 2176 properant,
986 2118 1065 2174 ut,
1094 2118 1278 2165 vetere
1304 2108 1523 2165 homine
1552 2111 1814 2181 deposito,
1842 2127 1981 2182 pra:-

387 2198 562 2268 ccptis
594 2199 835 2268 Apostoli
860 2187 1181 2255 occurrant?
1208 2200 1316 2256 Nos
1336 2202 1478 2256 enim
1506 2202 1594 2273 qui
1628 2214 1791 2258 totam
1826 2203 1981 2258 [idem

394 2291 445 2347 in
478 2306 640 2347 carne
669 2291 1145 2349 administrandam
1174 2295 1518 2362 credidimus,
1544 2299 1654 2352 imo
1680 2308 1732 2353 et
1757 2315 1850 2368 per
1867 2314 1981 2352 car-

388 2399 535 2450 nem,
564 2384 717 2454 cujus
745 2396 826 2442 est
852 2395 906 2440 et
927 2401 989 2442 os
1013 2386 1078 2442 ad
1110 2387 1483 2457 proferendum
1516 2392 1774 2460 optimttm
1798 2407 1985 2461 quem-

385 2493 491 2549 que
518 2493 847 2544 sermonem,
880 2489 935 2535 et
963 2480 1136 2547 lingua
1164 2481 1231 2537 ad
1264 2497 1370 2536 non
1399 2483 1896 2555 blaspltcmandutn,
1928 2496 1985 2541 et

386 2585 482 2626 cor
506 2570 569 2626 ad
595 2585 700 2626 non
729 2572 1108 2642 indignandum
1127 2616 1141 2640 ,
1172 2584 1225 2629 et
1263 2591 1452 2630 manus
1481 2577 1543 2631 ad
1573 2577 1902 2646 cperandum
1930 2590 1984 2634 et

387 2661 751 2733 largiendum;
785 2672 890 2718 tam
922 2674 1236 2720 vetustatem
1283 2666 1531 2732 hominis,
1564 2684 1720 2740 quam
1774 2671 1981 2725 novita~

388 2765 517 2822 tem,
550 2755 615 2811 ad
641 2757 920 2825 moralem,
948 2774 1053 2814 non
1087 2760 1151 2815 ad
1193 2760 1599 2818 substantialetn
1626 2762 1981 2820 dill‘erentiam

387 2850 659 2921 pertinere
684 2849 1044 2907 defendimus.
1070 2855 1246 2925 Atque
1275 2856 1365 2919 ita,
1399 2856 1597 2926 pariter
1623 2857 1980 2928 agno~cimns,

312 2975 357 2990 .ο
386 2939 659 2998 hominem
712 2945 800 3013 qtti
851 2946 1142 3002 secundum
1189 2948 1470 3018 pristinam
1519 2950 1981 3007 conversationem

386 3044 537 3090 vetus
567 3035 742 3105 fuerit,
766 3038 1013 3094 eumdem
1055 3050 1106 3095 et
1148 3043 1417 3113 corrumpi
1457 3043 1525 3097 ita
1568 3043 1768 3100 dictum
1794 3061 1986 3102 secun—

2090 1826 2210 1894 quis
2267 1841 2463 1895 corpus
2514 1828 2741 1883 mortale
2796 1835 3243 1901 praesumpserit,
3297 1847 3415 1888 cum
3474 1833 3579 1890 hoc
3635 1840 3696 1893 et

2090 1930 2307 1971 carnem
2340 1933 2539 1988 negare
2579 1936 2683 1974 non
2719 1922 2888 1989 possit
2909 1963 2921 1984 .
2949 1923 3127 1979 carnis
3155 1938 3367 1995 quoque
3393 1926 3689 1982 resuscita-

2093 2010 2290 2065 tionem
2323 2020 2546 2082 cogatur
2571 2027 2885 2083 agnoscere,
2920 2015 3216 2071 secundum
3243 2015 3483 2086 ejusdem
3514 2025 3693 2074 status

2087 2104 2540 2159 communionem.
2588 2104 2665 2160 Ex
2711 2107 3062 2178 sequentibus
3090 2107 3267 2164 adhuc
3296 2109 3497 2173 discas,
3522 2125 3689 2180 opera

2087 2196 2263 2250 carnis
2290 2194 2552 2258 damnari.
2596 2211 2701 2252 non
2743 2197 2911 2266 ipsam
2940 2217 2953 2250 :
3002 2196 3204 2272 Itaque,
3235 2203 3441 2271 fratres,
3470 2200 3566 2266 ait,
3601 2201 3693 2271 de-

2085 2286 2271 2340 bitores
2292 2303 2486 2353 sumus,
2516 2303 2615 2342 non
2645 2288 2810 2354 carni,
2835 2297 2890 2343 ut
2918 2287 2997 2363 (Β)
3020 2290 3295 2369 secundum
3320 2307 3527 2357 carnem
3550 2292 3691 2346 viva-

2086 2396 2235 2435 mus:
2264 2381 2308 2435 si
2340 2382 2474 2436 enim
2504 2382 2784 2436 secundum
2825 2399 3029 2438 curaeat
3054 2384 3280 2439 vixeritis
3299 2426 3314 2451 ,
3351 2385 3587 2456 futurum
3613 2397 3688 2439 est

2085 2484 2140 2527 ut
2170 2475 2496 2547 ntoriaiaini.‘
2530 2477 2575 2530 si
2611 2491 2726 2532 vero
2753 2476 2936 2546 spiritu
2963 2477 3133 2532 carnis
3171 2486 3314 2533 actus
3342 2480 3687 2551 mortiﬁcnne-

2050 2606 2055 2609 ς
2085 2570 2196 2623 ritis
2217 2609 2232 2635 ,
2273 2569 2469 2624 vivatis.
2515 2568 2683 2625 Porro
2704 2611 2718 2635 ,
2764 2579 2821 2624 ut
2856 2568 2922 2624 ad
2955 2569 3159 2642 singula
3190 2586 3417 2644 quaeque
3459 2588 3686 2644 respon-

2086 2659 2310 2718 dcamus
2336 2704 2350 2726 ,
2383 2664 2429 2717 si
2473 2662 2524 2718 in
2552 2677 2714 2719 carne
2745 2664 3086 2732 constitutis,
3118 2665 3412 2720 secundum
3440 2665 3686 2736 spiritum

2088 2766 2262 2811 tamen
2293 2756 2631 2827 degentibus,
2660 2754 2805 2813 salus
2827 2757 3219 2827 repromittitur
3241 2774 3255 2826 ;
3281 2741 3391 2829 jam
3425 2775 3530 2815 non
3558 2775 3687 2814 caro

2086 2850 2403 2906 adversatur
2446 2850 2605 2906 saluti
2632 2893 2645 2914 ,
2695 2851 2791 2909 sed
2835 2851 3079 2923 Operatio
3119 2852 3320 2909 carnis.
3356 2853 3685 2924 Oper-alioue

2087 2955 2264 2999 autem
2299 2945 2477 3001 carnis
2507 2943 2727 3000 exclusa
2747 2986 2760 3008 ,
2803 2960 2924 3021 qum
2958 2960 3145 3001 caussa
3174 2957 3254 3001 est
3284 2948 3472 3003 mortis
3491 2987 3509 3016 ,
3537 2946 3686 3003 salva

2083 3037 2193 3108 jam
2217 3052 2343 3092 caro
2373 3035 2692 3101 ostenditur,
2716 3051 2906 3093 caussa
2929 3052 3121 3093 carens
3144 3039 3353 3095 mortis.
3380 3036 3491 3094 Lex
3515 3041 3684 3103 cuitu,

384 3127 512 3193 dum
542 3132 1031 3199 concupiscentiam
1064 3134 1412 3200 seductionis,
1445 3137 1897 3207 quemadmodum
1931 3148 1985 3194 et
2011 3133 2057 3197 C
2092 3128 2263 3199 iml“il
2286 3170 2300 3193 ν
2332 3128 2542 3197 ipim“
2574 3129 2688 3183 vi“?
2717 3126 2791 3201 (θ’)
2818 3129 2872 3182 ίη
2902 3126 3106 3184 δένίδίο
3134 3127 3262 3185 1⁸⁸³⁸
3286 3132 3582 3187 ²²¹α¹³²⁸¹¹⁸ί³ί⁸
3613 3149 3693 3185 me

387 3229 622 3276 veterem
661 3222 955 3285 secundum
1010 3225 1289 3295 pristinam
1337 3231 1835 3296 conversationem,
1881 3245 1985 3284 non

387 3313 680 3370 secundum
730 3331 946 3372 carnem
1004 3331 1098 3388 per
1151 3318 1425 3375 interitum
1479 3330 1835 3391 perpetuum;
1885 3338 1990 3376 ca:-

391 3411 597 3474 terutn,
643 3421 805 3462 carne
851 3419 958 3463 tam
1037 3409 1242 3465 salvum
1310 3427 1470 3482 quam
1538 3413 1825 3477 eumdem,
1900 3424 1987 3468 ut-

390 3506 516 3568 pote
606 3499 850 3565 vitiosam
943 3502 1323 3574 disciplinam,
1415 3513 1545 3561 uon‘
1597 3508 1987 3578 corpulentiam

392 3597 632 3646 exutum.

963 3689 1189 3748 CAPUT
1229 3692 1409 3749 XLVI.

470 3776 657 3834 Talem
695 3781 894 3852 ubique
922 3782 1237 3853 Apostolum
1278 3801 1664 3858 recognoscas,
1697 3788 1770 3844 ita
1813 3791 1991 3847 carnis

395 3885 560 3942 opera
584 3872 951 3945 damnantem,
982 3888 1040 3932 ut
1073 3895 1288 3936 carnem
1308 3881 1570 3954 damnare
1595 3883 1869 3952 videatur;
1898 3886 1990 3941 sed

398 3980 466 4019 ne
505 3967 571 4020 ita
610 3968 730 4037 quis
768 3971 1069 4039 existimet,
1113 3990 1177 4028 ex
1217 3974 1444 4031 aliorum
1487 3975 1570 4031 vel
1608 3976 1990 4033 cohaerentium

396 4072 650 4112 sensuum
724 4072 977 4132 suggestu
1045 4076 1438 4134 procurantem.
1498 4067 1631 4123 Nam
1704 4079 1758 4124 et
1809 4070 1992 4125 dicens

395 4146 572 4221 (Rom.
597 4150 733 4224 VII!)
752 4194 769 4221 ,
787 4171 870 4209 eos
895 4156 980 4224 qui
1015 4157 1067 4210 ia
1089 4174 1239 4213 carne
1255 4169 1373 4213 sunt
1394 4158 1493 4232 (4).
1521 4158 1629 4214 Deo
1661 4161 1860 4232 placere
1893 4177 1995 4217 non

398 4256 576 4311 posse,
607 4244 785 4299 statim
812 4245 878 4301 de
924 4262 1086 4316 pravo
1117 4249 1389 4306 intellectu
1442 4249 1510 4304 ad
1542 4250 1803 4319 integrum
1840 4267 1993 4306 revo-

395 4343 501 4401 cat,
527 4333 783 4405 adjicicns
811 4354 823 4391 :
859 4335 960 4392 Vos
988 4348 1158 4393 autem
1205 4357 1307 4395 non
1355 4341 1473 4395 estis
1520 4342 1575 4395 in
1610 4357 1793 4404 carne,
1828 4342 1916 4396 sed
1941 4343 1995 4395 in

395 4425 598 4495 spiritu.
626 4424 734 4482 Eos
765 4429 909 4484 enim
942 4444 1075 4501 quos
1114 4431 1166 4486 in
1190 4446 1352 4487 carne
1398 4445 1521 4488 esse
1553 4432 1862 4496 constabat,
1903 4448 1994 4489 nc-

396 4518 572 4588 gando
625 4520 676 4576 in
724 4537 886 4578 carne
928 4538 1081 4592 csse,
1136 4524 1187 4579 in
1226 4525 1478 4593 Operibns
1513 4526 1693 4580 carnis
1726 4540 1831 4582 non
1870 4541 1990 4583 esse

2091 3238 2123 3274 a
2167 3214 2274 3292 lege
2301 3221 2661 3292 delinquemus
2689 3231 2733 3276 et
2762 3222 2983 3288 mortis;
3024 3232 3172 3280 certe
3216 3239 3376 3295 quam
3436 3225 3698 3295 pramtisit

2093 3312 2320 3366 habitare
2369 3313 2423 3366 in
2462 3313 2697 3367 membris
2743 3313 2929 3368 nostris
2980 3313 3252 3387 (9).Ergo
3285 3315 3398 3387 jam
3450 3315 3695 3372 membra

2094 3412 2274 3457 nostra
2314 3402 2433 3474 lege
2470 3404 2658 3458 mortis
2699 3419 2803 3459 non
2837 3405 3192 3473 tenebuntur,
3238 3408 3359 3478 quia
3391 3422 3492 3464 nec
3518 3407 3691 3463 deliti-

2093 3497 2347 3567 quentia},
2378 3511 2408 3551 a
2437 3496 2631 3566 quibus
2657 3498 2987 3553 manumissa
3020 3508 3166 3554 sunt.
3197 3498 3349 3566 Quod
3378 3500 3515 3554 enim
3544 3501 3693 3554 inva-

2094 3589 2255 3644 lidum
2276 3598 2382 3644 erat
2404 3588 2550 3663 legis,
2580 3592 2633 3644 in
2664 3607 2762 3661 quo
2789 3591 3148 3660 inﬁrmabatur
3178 3576 3268 3662 per
3291 3609 3519 3658 carnem,
3541 3594 3696 3648 misso

2098 3681 2235 3737 Deus
2266 3680 2403 3738 Filio
2428 3699 2521 3738 suo
2548 3683 2600 3737 in
2628 3683 2903 3738 simulacro
2937 3684 3106 3742 carnis
3128 3684 3508 3756 delinquentite,
3530 3693 3579 3739 et
3606 3702 3698 3756 per

2096 3774 2492 3847 delinquentium
2516 3772 2630 3847 (10)
2660 3775 2921 3830 damnavit
2941 3775 3397 3851 deliaquentiamia
3411 3794 3699 3847 carne,uou

2097 3884 2313 3925 Carnem
2337 3870 2389 3925 in
2408 3868 2774 3941 deliuquentia
2800 3888 2815 3926 :
2836 3886 3008 3942 neque
3033 3873 3175 3926 enim
3197 3871 3391 3928 domus
3405 3887 3529 3929 cum
3548 3866 3705 3928 babi-

2100 3974 2272 4021 tatore
2298 3964 2661 4021 damnabitur.
2707 3964 2959 4022 llabitare
2996 3966 3137 4042 enim
3166 3978 3441 4040 peccatum
3467 3966 3601 4024 dixit
3646 3970 3703 4025 io

2098 4071 2326 4126 Corpore
2370 4065 2577 4112 nostro.
2623 4057 2879 4112 Damnata
2911 4067 3090 4114 autem
3132 4057 3497 4131 dellnqueutia
3522 4099 3539 4126 ,
3569 4074 3705 4116 caro

2099 4149 2338 4204 absoluta
2370 4157 2483 4204 est:
2524 4148 2682 4217 sicut,
2717 4147 3024 4206 indemnata
3055 4164 3149 4215 ea,
3180 4149 3281 4223 legi
3314 4150 3504 4206 mortis
3531 4158 3587 4206 ct
3614 4150 3707 4207 dc-

2100 4242 2409 4313 linquentiae
2437 4240 2691 4297 obstricta
2721 4250 2824 4296 est.
2845 4241 2938 4297 Sic
2963 4251 3018 4296 et
3050 4240 3168 4314 (Il)
3213 4256 3437 4298 sensum
3477 4241 3660 4298 c.1rnis
3681 4285 3698 4308 ,

2102 4345 2331 4390 mortem
2359 4334 2677 4405 appellavit;
2716 4332 2911 4390 dehinc
2942 4343 2997 4390 et
3028 4334 3361 4390 inimicitiam
3398 4333 3463 4389 ad
3497 4334 3666 4391 Deum
3687 4378 3703 4401 ,

2102 4431 2197 4486 sed
2229 4409 2332 4485 non
2363 4443 2581 4485 carnem
2626 4428 2817 4499 ipsam.
2846 4427 2944 4483 Cui
2974 4443 3123 4500 ergo,
3156 4427 3338 4491 dices,
3371 4428 3707 4500 reputabitur

2098 4538 2287 4584 sensus
2313 4521 2511 4587 carnis,
2544 4521 2587 4576 si
2622 4536 2726 4576 non
2755 4519 3066 4575 substantia:
3098 4519 3236 4591 ipsi?
3276 4519 3465 4585 Plane,
3494 4520 3541 4574 si
3572 4535 3707 4591 pro-

395 4613 758 4681 monstrabat;
802 4622 961 4689 atque
995 4616 1062 4670 ita
1096 4614 1176 4688 (5)
1216 4616 1337 4671 illos
1376 4615 1592 4671 dentom
1640 4617 1748 4674 Deo
1777 4619 1991 4687 placere
2015 4632 2070 4693 D
2098 4616 2309 4673 baveris
2345 4612 2544 4684 aliquid
2583 4627 2802 4670 carnem
2832 4612 2902 4669 de
2931 4626 3033 4669 suo
3068 4626 3282 4682 sapere.
3327 4612 3385 4668 Si
3429 4627 3558 4667 vero
3586 4612 3716 4670 siue‘

396 4717 502 4758 non
542 4720 727 4777 posse,
765 4722 868 4763 non
915 4708 1003 4780 qui
1036 4710 1089 4764 in
1123 4724 1285 4777 carne
1323 4719 1523 4777 essent,
1562 4709 1656 4765 sed
1686 4712 1775 4782 qui
1802 4727 1990 4767 carna-

2098 4711 2276 4765 anima
2303 4706 2501 4762 nullius
2537 4714 2622 4762 est
2652 4720 2875 4773 sensus,
2903 4703 3140 4787 intelligo
3169 4717 3392 4762 sensum
3422 4705 3605 4762 carnis
3632 4703 3704 4761 ad

1603 4841 1980 4902 LECTIONES
2021 4839 2436 4902 VARIANTES.

484 4951 532 5013 l)
564 4949 770 5013 Diabolo
792 4950 951 5001 locum
979 4950 1110 5003 Rhea
1149 4950 1303 5005 Seml.

481 5012 533 5067 2)
570 5012 779 5064 Furatur
798 5013 953 5067 Rhea.
974 5013 1127 5065 Seml.

483 5074 534 5137 ὅ)
569 5074 631 5126 Ει
653 5078 925 5137 indignatio
946 5090 1041 5128 non
1062 5075 1174 5129 hab.
1197 5074 1346 5130 Rhea.
1369 5076 1519 5130 Seml.

483 5137 534 5192 4)
568 5138 675 5189 Sint
699 5138 848 5192 Rhea.
875 5138 1014 5190 Seml

484 5199 535 5266 5)
570 5200 643 5266 ita
666 5199 818 5266 omitt.
841 5199 955 5266 Rig.
989 5206 1111 5254 Ven.

482 5262 534 5329 6)
570 5262 695 5314 Illud
716 5266 860 5316 Pam.
879 5262 1029 5317 R'hea.
1058 5262 1207 5319 Seml.
1234 5265 1331 5318 illae
1353 5266 1462 5318 cod.
1488 5276 1672 5321 Wouw.

2159 4953 2232 5080 (7)
2267 4950 2705 5025 ViviticabitPani.
2733 4951 2888 5004 Fraa.
3016 5014 3026 5026 O
3706 5016 3713 5025 O

2185 5016 2235 5080 8)
2270 5014 2625 5080 .Advtvcnttum
2646 5027 2688 5064 st
2710 5013 2864 5069 Rhea.
2890 5014 2951 5067 ad
2984 5013 3245 5068 vivendum
3281 5014 3555 5070 secundum
3594 5028 3711 5068 ear-

2185 5013 2235 5081 8)
2263 5014 2625 5088 Ad.\’ivcﬂ(IUIll
2646 5015 2688 5064 si
2710 5013 2864 5069 Rhea.
2890 5014 2951 5067 ad
2984 5013 3245 5068 vivendum
3281 5014 3555 5070 secundum
3594 5016 3711 5068 ear-‘

2100 5077 2235 5130 nem.
2263 5078 2313 5128 Si
2339 5077 2460 5160 un.

2165 5135 2807 5253 ἱῗὼνὲἓὲίξξὲιιῗτῧῗέηέθὲηεϊ

2187 5142 2249 5253 9))
2272 5142 2466 5189 Vestris
2654 5142 2807 5190 Seml.

2165 5142 2272 5332 ita

2195 5260 2272 5316 ll)
2306 5263 2412 5315 Etsi
2434 5260 2586 5316 Rhea.
2610 5262 2764 5316 Seml.

1766 5371 2328 5434 COMMENTARIUS.

470 5482 547 5565 (a)
585 5485 736 5565 (ΞΜ).
764 5486 949 5546 XLVI.
970 5493 1040 5565 ἑξ
1071 5490 1289 5565 Propter
1303 5494 1719 5563 delinquentium.
1744 5492 1861 5550 Vox
1885 5490 2003 5565 haec

2107 5487 2378 5544 servitutis
2420 5503 2451 5542 a
2497 5488 2699 5543 nostris
2733 5486 3037 5543 cervicibus
3062 5489 3324 5544 excussit.
3369 5485 3466 5543 Hic
3500 5502 3701 5544 manu-

399 5557 668 5638 multoties
684 5572 966 5629 usurpatur
983 5564 1049 5638 ab
1068 5557 1395 5638 ltoc'auctore
1409 5557 1742 5638 propeccato;
1760 5566 1845 5638 ubi
1862 5563 2005 5638 enim
2110 5560 2382 5615 missionis
2409 5559 2855 5638 nomi_ne_utitur_
2875 5558 3285 5638 iurisconsultis
3309 5559 3538 5615 solemni
3557 5602 3573 5627 ,
3608 5561 3706 5630 qui

399 5622 690 5708 Apostolus
703 5622 1136 5708 peceatumdicit,
1167 5622 1562 5708 delinquentium
1592 5622 1763 5693 voc-ai.
1793 5636 1870 5691 Le
1899 5633 1994 5708 Pu.

472 5695 555 5770 (Ii)
594 5696 661 5753 In
704 5695 904 5760 Christo
941 5706 1064 5763 Jesu
1101 5695 1395 5762 manumisit
1434 5726 1532 5763 me.
1579 5709 1732 5764 Servi
1780 5705 1999 5764 eramus

2111 5641 2223 5687 tres
2253 5630 2687 5686 manumissionis
2714 5631 2922 5701 species
2960 5630 3280 5693 observant,

2102 5717 2199 5773 per
2230 5702 2519 5757 vindictam
2536 5742 2553 5769 ,
2600 5711 2656 5758 et

3349 5644 3408 5685 er
3435 5645 3660 5687 censum
3685 5672 3703 5697 ,

2698 5700 2794 5772 per
2839 5708 3243 5772 testamentum.
3289 5700 3487 5772 Tribus
3516 5711 3642 5759 ante

404 5785 592 5826 υαιιιω
622 5783 677 5828 et
703 5775 913 5832 Satius.
950 5788 1289 5852 atar.ctpatt,_
1321 5780 1418 5836 sed
1454 5779 1655 5836 Chrisri
1695 5780 1784 5836 lex
1806 5778 1999 5850 jugum
2103 5770 2279 5830 modis
2303 5773 2408 5828 illis
2430 5784 2532 5831 nos
2557 5770 2867 5830 manumisit
2887 5771 3156 5830 Christus.
3207 5772 3286 5827 Ls
3313 5770 3411 5827 Pu.
3619 5788 3633 5795 -
