4052 6286
213 268 312 334 861

1267 267 1469 329 LIBER
1511 269 1598 329 DE
1639 269 2219 332 llESURRECTlONE
2260 273 2526 334 CARNIS.

3414 269 3527 334 862

212 396 454 451 animam
497 406 622 453 esse
665 390 1041 457 referendum,
1088 388 1235 447 carni
1286 388 1552 444 interdutn
1598 388 1820 459 dcputa-
1848 389 1896 450 Α
1927 389 2071 444 liberi
2096 390 2270 460 [actia
2296 384 2662 464 deliuqueutio,
2688 390 2926 465 famulati
2955 400 3119 448 autent
3161 389 3526 460 Deo,habetis

216 486 471 565 ltllll'U),
501 489 626 561 quia
657 485 736 563 (2)
768 503 862 558 per
887 499 1101 540 carnem
1129 482 1575 546 administratur;
1620 491 1673 535 et
1699 480 1819 535 ideo

216 582 465 639 habitare
490 581 565 636 ait
593 580 1010 652 delinquentium
1043 577 1093 633 in
1122 592 1305 642 carne,
1332 579 1451 646 quia
1481 584 1532 629 et
1563 577 1759 638 anima,
1788 589 1818 629 a

215 688 321 745 qua
356 673 436 748 (5)
466 672 832 742 delinquentia
867 670 1166 735 inducitur,
1208 668 1464 738 inquiliua
1497 675 1579 723 est
1609 669 1817 731 earuis,

215 747 558 822 mortiﬁcata:
581 764 830 837 quidem,
858 756 951 818 sed
985 777 1090 823 non
1123 778 1256 827 suo,
1286 776 1473 816 verum
1505 747 1822 831 delinquen-

217 861 308 925 tize
344 861 583 925 nomine.
630 858 763 915 Nam
806 867 860 933 et
886 857 1053 914 alibi:
1102 855 1391 923 Quomodo,
1437 854 1818 925 inquit,etiam

216 971 354 1009 nunc
374 995 391 1021 ,
422 952 552 1009 velut
587 955 804 1030 uiuentes
836 951 887 1015 in
922 947 1132 1016 mundo,
1167 949 1465 1004 sententiam
1495 948 1677 1018 fertis?
1712 963 1819 1004 non

218 1045 285 1102 ad
310 1056 551 1102 mortuos
572 1045 836 1113 scribens,
861 1042 956 1100 sed
979 1041 1045 1098 ad
1061 1057 1155 1098 eos
1182 1041 1269 1113 qui
1288 1041 1539 1097 desinere
1561 1041 1821 1098 deberent

221 1138 571 1194 mundialitcr
593 1139 794 1194 vivere.

776 1228 1005 1287 CAPUT
1066 1225 1273 1285 XLVII.

294 1320 420 1378 Haec
442 1322 586 1379 enim
609 1322 711 1378 erit
738 1322 840 1376 vita
869 1319 1175 1385 mundialis,
1225 1317 1303 1393 (a)
1342 1334 1443 1390 qua
1473 1317 1551 1392 (4)
1583 1328 1817 1373 veterem

215 1414 493 1472 hominem
533 1416 675 1473 dixit
701 1416 969 1470 conlixum
997 1414 1388 1479 csse'Christo,
1425 1429 1532 1469 non
1565 1415 1820 1482 corpora-

214 1506 454 1574 litatem,
497 1507 591 1563 sed
646 1509 1003 1563 moralitatem
1051 1504 1150 1580 (5).
1185 1505 1483 1571 Caeterum,
1517 1506 1560 1559 si
1599 1520 1703 1561 non
1745 1504 1815 1560 ita

210 1601 540 1673 accipimus,
575 1619 678 1657 non
713 1612 796 1657 est
832 1601 1186 1671 etirporalitas
1227 1610 1409 1655 nostra
1434 1599 1680 1665 conhxa,
1716 1614 1815 1654 nec

207 1709 433 1751 crucem
464 1693 677 1772 Christi
680 1709 818 1765 caro
846 1703 1026 1751 nostra
1057 1706 1308 1765 perpessa
1335 1700 1451 1757 est;
1493 1690 1584 1746 sed
1621 1706 1814 1762 quem-

1922 483 2142 552 {ructmu
2168 495 2382 539 vestrum
2406 487 2459 540 in
2478 487 2811 556 sanctiﬁcinm
2830 484 2967 560 (19.);
2989 488 3141 555 ﬁnem
3163 496 3351 553 autem,
3370 486 3524 540 uitam

1924 585 2186 628 tvterunm.
2226 574 2304 650 (ιι)
2326 576 2606 647 Stipendia
2644 578 2776 632 enim
2804 577 3193 647 delinquentiar,
3224 594 3397 641 mors;
3433 577 3528 630 do-

1924 669 2151 721 nativum
2178 678 2343 746 autem
2366 666 2483 735 Dei,
2504 670 2604 723 vita
2636 679 2824 724 trteraa
2851 669 2904 722 in
2935 667 3135 723 Christo
3157 666 3191 722 J
3198 684 3285 722 esu
3306 668 3525 723 Domino

1924 768 2116 813 nostra.
2146 759 2219 814 Ita
2244 801 2259 824 ,
2291 775 2385 830 per
2416 770 2578 815 totam
2607 759 2723 834 (15)
2762 760 2898 816 hanc
2928 774 3183 815 sensuum
3211 760 3429 826 seriem,
3458 761 3526 815 ab

1910 848 2179 919 iniustitia
2223 861 2275 906 et
2317 851 2679 922 delinquentia
2722 851 2960 906 membra
3007 861 3187 906 nostra
3223 850 3523 919 divelleris,

1924 951 1977 997 et
2010 940 2231 1010 justitiae
2267 950 2318 996 et
2351 942 2721 1001 sanctimonia:
2751 942 3078 1013 adjungens,
3112 951 3166 996 ct
3197 941 3525 999 transferens

1923 1032 2111 1087 eadem
2141 1048 2168 1086 a
2198 1031 2467 1104 stipendio
2493 1036 2682 1088 mortis
2704 1034 2770 1088 ad
2799 1033 3108 1088 donativum
3135 1034 3259 1089 vita:
3284 1044 3525 1101 aderam,

1923 1128 2071 1181 carni
2106 1128 2289 1198 utique
2318 1129 2814 1199 compensationem
2843 1127 3033 1184 salutis
3062 1130 3405 1201 repromittit,
3436 1129 3525 1186 cui

1923 1219 2123 1273 nullam
2157 1220 2376 1274 omnino
2403 1220 2747 1291 competisset
2779 1220 3027 1292 imperari
3062 1221 3333 1291 propriam
3361 1236 3523 1277 sanc-
3602 1226 3611 1237 '

1924 1308 2162 1366 ῑίηιοιιίαξ
2208 1322 2262 1367 et
2300 1313 2521 1384 justititr
2554 1313 2927 1384 disciplinam,
2969 1314 3013 1368 si
3057 1330 3159 1369 non
3192 1315 3358 1386 ipsius
3383 1324 3527 1372 esset

1921 1411 1974 1457 et
2023 1404 2303 1474 pra-mium
2351 1404 2692 1474 disciplinae:
2748 1404 2843 1458 sed
2892 1420 2990 1459 nec
3040 1406 3213 1476 ipsum
3262 1405 3524 1477 baptisma

1920 1498 2214 1564 committi,
2264 1497 2308 1551 si
2366 1495 2483 1569 (14)
2543 1513 2638 1569 per
2668 1497 3164 1565 regenerationem,
3216 1499 3522 1553 nonetiam

1920 1588 2249 1643 restitutioni
2293 1589 2721 1659 inauguraretur,
2768 1589 2868 1643 hoc
2899 1604 3113 1660 quoque
3148 1588 3410 1660 Apostolo
3435 1590 3522 1645 in-

1919 1691 2180 1750 gereutc:
2230 1682 2306 1735 An
2350 1681 2630 1750 ignoratis,
2675 1681 2812 1751 quod
2852 1682 3153 1752 quicumque
3180 1683 3233 1737 in
3266 1681 3523 1736 Christum

206 1786 504 1844 admodum
531 1770 757 1857 adjecit:
792 1785 876 1842 Uti
909 1784 983 1859 (b)
1005 1793 1276 1839 evacuctur
1300 1800 1485 1853 corpus
1512 1783 1809 1855 delinqueu-
1845 1770 1892 1831 B
1919 1771 2097 1828 Jesunt
2138 1772 2254 1848 (15)
2282 1775 2422 1828 tiucti
2451 1790 2644 1838 smnus,
2682 1775 2733 1827 in
2760 1783 2971 1828 morteut
3001 1775 3109 1843 eius
3146 1776 3290 1830 tincti
3313 1774 3525 1831 sum‘us?

205 1879 302 1932 tice
328 1893 348 1933 :
390 1893 483 1948 per
502 1877 933 1933 emendationem
960 1877 1103 1944 vitae,
1134 1892 1240 1931 non
1269 1891 1363 1947 per
1385 1877 1657 1931 interitum
1686 1875 1815 1930 sub-

202 1971 456 2035 stantiae;
481 1971 617 2027 sicut
631 1970 733 2025 ait:
768 1969 856 2026 Uti
881 1970 1119 2025 hactenus
1140 1969 1495 2039 delinquentiw
1515 1969 1812 2035 serviamus,

200 2074 265 2120 et
298 2072 389 2130 ut,
422 2063 523 2119 hac
567 2065 773 2119 ratione
820 2062 1143 2120 commortui
1172 2060 1251 2136 (6)
1273 2061 1508 2130 Christo,
1534 2062 1814 2118 credamus

202 2155 359 2227 quod
390 2157 551 2210 etiam
591 2156 938 2227 convivamus
967 2153 1046 2228 (7)
1087 2155 1182 2209 illi.
1213 2152 1305 2211 Sic
1331 2156 1493 2222 enim,
1538 2156 1736 2226 inquit,
1767 2165 1814 2209 et

200 2262 298 2320 vos
320 2257 549 2317 reputate
571 2256 796 2302 mortuos
821 2246 1021 2319 quidem
1047 2262 1165 2312 vos;
1195 2245 1440 2301 cuinam?
1466 2248 1649 2302 carni?
1669 2245 1819 2314 Non,

200 2339 306 2396 sed
337 2338 741 2409 delinquemun.
791 2324 935 2411 Ergo
973 2339 1103 2396 salvi
1143 2351 1300 2395 erunt
1331 2339 1520 2405 carni;
1571 2342 1812 2395 viventes

203 2441 389 2491 autem
424 2432 531 2488 lleo
557 2432 608 2487 ia
638 2431 853 2489 Christo
882 2431 1040 2496 Jesu;
1086 2448 1179 2505 per
1208 2448 1429 2489 carnem
1472 2433 1682 2505 utique,
1726 2436 1811 2491 cui

203 2526 409 2583 mortui
446 2541 552 2583 non
591 2537 777 2592 erunt;
819 2527 1201 2596 tlelinqnentim
1233 2528 1439 2583 scilicet
1467 2525 1545 2602 (8)
1580 2530 1807 2593 mortui,

206 2634 318 2676 non
351 2619 521 2676 carni.
554 2619 689 2676 Nam
718 2628 771 2676 et
796 2620 971 2677 adhuc
1001 2620 1193 2690 ingerit
1221 2638 1232 2673 :
1271 2619 1354 2676 Ne
1382 2635 1500 2691 ergo
1530 2622 1812 2692 regnaverit

205 2715 261 2775 in
291 2729 508 2785 corpore
528 2725 690 2781 uestro
720 2715 923 2769 mortali
955 2716 1322 2787 delinquenlia,
1343 2716 1413 2770 ad
1438 2716 1810 2771 obatttliendnm

204 2805 303 2872 illi,
326 2814 373 2860 et
397 2805 467 2861 at!
492 2806 829 2862 exhibendum
846 2808 1066 2863 membra
1084 2817 1243 2864 restra
1264 2824 1407 2861 arma
1424 2808 1711 2876 iniustitite,
1731 2808 1813 2862 de-

206 2900 496 2972 linquentitc
511 2916 530 2954 :
543 2901 633 2955 sed
642 2900 869 2956 exhibete
893 2901 1223 2970 vosmetipsos
1234 2898 1363 2967 Deo,
1380 2900 1510 2955 velut
1527 2916 1589 2955 ea:
1602 2899 1810 2955 marinis

206 2994 375 3061 uiuos;
409 3009 514 3050 non
540 2995 683 3050 velut
712 2994 883 3059 vivos,
913 2995 1007 3051 sed
1041 2994 1186 3050 velut
1213 3009 1276 3049 ex
1308 2995 1533 3049 mortuis
1554 2994 1734 3057 vivos;
1763 3003 1808 3048 et

203 3086 429 3151 membra
441 3098 627 3155 vestra,
648 3103 791 3140 arma
814 3087 1038 3151 iustitiae.
1064 3087 1129 3142 Et
1156 3101 1378 3142 rursus:
1413 3086 1558 3141 Sicut
1580 3086 1810 3140 exhibui-

1921 1866 2216 1937 Consepnlti
2243 1884 2361 1938 ergo
2390 1866 2469 1922 illi
2495 1885 2785 1940 sumuspcr
2813 1868 3065 1939 baptisma
3091 1870 3143 1923 ia
3170 1879 3380 1925 mortem
3398 1911 3412 1935 ,
3446 1872 3526 1925 uti

1918 1959 2347 2031 quemadmodum
2373 1961 2593 2013 surrexit
2622 1958 2858 2015 Christus
2893 1977 2925 2013 ιι
2967 1961 3176 2014 mortuis
3196 2003 3209 2028 ,
3249 1962 3320 2016 ita
3347 1971 3391 2017 ct
3422 1979 3515 2017 nos

1918 2051 1972 2105 in
1998 2051 2219 2105 novitate
2239 2050 2691 2107 vitwincedamus.
2737 2051 2816 2109 Ac
2849 2068 2916 2108 ne
2937 2053 3011 2109 de
3051 2053 3151 2108 ista
3176 2062 3378 2112 tantutn
3416 2056 3523 2111 vita

1920 2152 2073 2214 putes
2101 2143 2335 2211 dictum,
2370 2160 2490 2214 quae
2517 2159 2582 2199 ex
2613 2145 2714 2200 fide
2750 2159 2843 2214 per
2884 2145 3148 2216 baptisma
3190 2147 3244 2202 in
3283 2148 3520 2204 novitate

1923 2236 2144 2291 rivcnda
2179 2234 2294 2311 (16)
2333 2246 2434 2302 est,
2474 2234 2942 2307 providentissime
2971 2234 3241 2297 adstruit:
3284 2240 3345 2295 Si
3386 2241 3520 2297 enim

1918 2330 2248 2401 complantati
2277 2328 2392 2404 (17)
2434 2332 2678 2398 fuerimus
2704 2334 2978 2387 simulacro
3008 2334 3183 2388 mortis
3211 2334 3418 2403 Christi,
3450 2337 3523 2390 ita

1917 2432 1963 2477 et
1989 2422 2369 2477 resurrectionis
2397 2423 2604 2481 erimus.
2740 2423 2845 2478 Per
2871 2424 3219 2482 simulacrum
3244 2428 3387 2483 cnim
3410 2443 3522 2489 mo,-

1917 2518 2083 2572 rinntr
2126 2518 2177 2572 in
2236 2517 2591 2588 baptismate,
2638 2519 2729 2573 sed
2791 2534 2884 2589 per
2939 2520 3216 2589 veritatem
3276 2524 3518 2595 resurgi-

1917 2628 2036 2668 mus
2062 2611 2178 2687 (18)
2211 2613 2263 2668 in
2291 2630 2473 2683 carne,
2507 2619 2642 2671 sicut
2667 2626 2722 2672 et
2747 2616 2990 2673 Christus
3019 2636 3030 2670 :
3055 2616 3143 2683 Ut,
3177 2618 3305 2673 sicut
3330 2635 3517 2691 regna-

1915 2710 1982 2768 vit
2012 2709 2064 2762 in
2092 2720 2257 2762 morte
2286 2710 2557 2777 delictum,
2587 2711 2659 2763 ita
2689 2720 2737 2763 et
2767 2712 2934 2782 gratia
2961 2708 3247 2783 regnetpcr
3262 2712 3519 2782 justitiam

1914 2801 1968 2854 in
2014 2801 2168 2854 vitam
2214 2802 2572 2867 sempiternam
2620 2820 2710 2873 per
2736 2802 2915 2857 .lcsum
2937 2802 3196 2859 Christum
3239 2803 3517 2858 Dominum

1915 2904 2164 2948 nostrum.
2214 2892 2496 2962 Quomodo
2538 2896 2609 2949 ita
2634 2892 2787 2968 (19),
2829 2896 2872 2949 si
2912 2909 3016 2949 non
3059 2910 3212 2967 atque
3241 2895 3292 2950 in
3321 2896 3517 2952 carl-lc?

1915 2984 2015 3043 Ubi
2049 2986 2193 3043 enim
2222 3002 2392 3054 mors,
2421 2987 2492 3042 ibi
2521 2997 2575 3043 et
2600 2989 2706 3043 vita
2731 2997 2853 3060 post
2882 2997 3139 3053 mortem;
3170 2989 3293 3058 quia
3321 2999 3377 3046 et
3405 2991 3512 3045 vita
3551 3009 3591 3034 σε

1914 3078 1982 3134 ibi
2030 3089 2184 3145 ante,
2230 3081 2318 3135 ubi
2360 3090 2543 3151 postea
2582 3098 2750 3137 mors.
2810 3081 2942 3138 Nam
2976 3085 3018 3137 si
3060 3098 3283 3155 regnum
3324 3085 3513 3141 mortis

202 3181 295 3239 stis
325 3178 399 3253 (c)
431 3180 654 3236 membra
692 3188 854 3236 vestra
881 3179 1077 3252 famula
1117 3178 1457 3234 inununtlitite
1482 3189 1528 3233 et
1557 3179 1800 3249 iniquita-
1833 3166 1876 3228 C
1913 3171 2046 3227 nihil
2076 3181 2359 3243 operatur,
2389 3189 2549 3244 quam
2589 3176 2768 3230 carnis
2811 3175 3254 3242 dissolutionem;
3288 3174 3512 3246 proinde

204 3274 269 3328 tis
310 3272 390 3346 (9)
440 3274 509 3328 ad
546 3274 898 3340 iniquitatem;
943 3272 1015 3326 ita
1050 3280 1098 3327 et
1142 3287 1278 3326 nunc
1319 3272 1546 3326 exhibete
1584 3269 1806 3324 ntembra

203 3373 367 3431 vestra
404 3366 603 3434 famula
619 3364 858 3435 justitite,
890 3364 943 3419 in
973 3365 1310 3426 sancti/icium
1337 3362 1473 3439 (t0).
1504 3361 1631 3417 Cum
1670 3364 1804 3437 enim

202 3455 333 3509 servi
370 3456 546 3510 essetis
576 3456 932 3526 delinquentia:
953 3496 968 3522 ,
1018 3455 1162 3510 liberi
1189 3454 1341 3509 eratis
1358 3455 1599 3527 justitiw.
1642 3455 1804 3520 Quem

200 3562 323 3617 ergo
350 3549 574 3617 fructum
602 3545 859 3603 habebatis
887 3563 1040 3617 super
1066 3548 1144 3600 his
1162 3588 1176 3612 ,
1205 3546 1268 3601 tle
1295 3549 1476 3618 quibus
1521 3564 1654 3602 nunc
1678 3565 1803 3603 con-

199 3637 522 3709 {uadiminii
567 3640 686 3711 ﬁnis
724 3638 855 3695 enim
878 3636 994 3713 (11)
1032 3638 1238 3695 illorum
1282 3655 1437 3696 mors.
1489 3638 1646 3695 Nunc
1691 3657 1807 3695 vero

1912 3267 2093 3329 vitam,
2127 3267 2447 3321 contrariam
2479 3268 2655 3332 morti,
2692 3268 3017 3323 contrarium
3041 3277 3250 3340 oportet
3276 3270 3508 3336 operari,

1913 3361 1963 3416 id
1988 3369 2093 3424 est,
2123 3360 2303 3415 carnis
2328 3359 2872 3429 redintegrationem;
2903 3362 2976 3416 uti
3000 3361 3138 3416 sicut
3160 3360 3511 3445 devoraverat
3540 3376 3594 3393 ὀ

1913 3467 2057 3507 mors
2106 3450 2513 3519 inralescendo,
2555 3453 2622 3506 ita
2660 3460 2715 3507 et
2761 3452 2973 3507 mortali
3017 3451 3279 3507 devorato
3313 3451 3381 3506 ab
3411 3452 3511 3506 im-

1913 3544 2255 3607 mortalitate,
2286 3541 2470 3605 audire
2501 3542 2667 3613 possit
2699 3560 2713 3602 :
2741 3541 2810 3618 (1)
2845 3542 2944 3599 Ubi
2973 3554 3067 3611 est,
3108 3559 3265 3609 mors,
3303 3543 3510 3599 aculeus

1913 3638 2069 3694 tuus?
2095 3636 2178 3691 ubi
2206 3646 2302 3710 est,
2332 3653 2489 3705 mors,
2515 3638 2766 3693 contentio
2801 3639 2930 3695 tua?
2958 3638 3047 3697 Sic
3072 3639 3219 3698 enim
3248 3648 3302 3695 et
3338 3641 3506 3709 gratia

1434 3753 1729 3812 LECTION
1736 3755 1815 3812 ES
1853 3750 2262 3810 VARIANTES.

284 3846 337 3914 1)
372 3847 720 3914 peputandtun
744 3846 891 3900 Rhea.
909 3848 1032 3914 Jun.

283 3907 336 3976 2)
374 3907 799 3976 Propter-carnem
825 3910 1018 3976 eradet.
1041 3907 1192 3963 Rhea.
1218 3908 1373 3961 Seml.

280 3970 336 4037 5)
370 3970 558 4037 Animae
581 3971 731 4037 Rhea.
758 3970 910 4037 Seml.
935 3971 1065 4025 abest
1088 3984 1117 4024 a
1135 3978 1247 4037 qua.

280 4032 331 4096 4)
370 4035 523 4096 Quam
549 4035 700 4088 Rhea.
727 4032 879 4087 Seml.

257 4097 338 4166 (ἒξ)
373 4098 716 4166 μοςωιὶῐειῑρςη
744 4099 886 4166 Pa_m.
918 4099 1071 4166 Fraa.
1095 4098 1206 4166 Rig.
1234 4100 1360 4151 Ven.

282 4157 335 4215 6)
373 4160 428 4211 In
451 4158 601 4215 inser.
623 4159 774 4213 Rhea.
798 4157 950 4214 Seml.
985 4198 990 4203 -

281 4223 335 4274 7)
370 4223 695 4274 Convivemus
716 4225 858 4274 Pam.
887 4224 1038 4273 Fran.

280 4282 334 4339 8)
370 4284 573 4336 Scilicet
591 4287 722 4337 abest
739 4299 771 4335 a
790 4283 941 4339 Rhea.
967 4282 1120 4337 Seml.

278 4348 334 4415 9)
351 4347 684 4415 iniquitatem
704 4346 809 4415 alii-

286 4406 382 4478 lil)‘
401 4406 698 4463 Sacr-ilicium
721 4408 870 4465 Rhea.
895 4408 1047 4464 Seml.

1972 3843 2076 3907 (11)
2110 3844 2242 3907 Ergo
2260 3841 2416 3907 Rhea.
2439 3840 2594 3907 sentl.
2691 3876 2695 3883 ς

2003 3904 2075 3959 12)
2110 3904 2405 3957 Sacriﬁcium
2431 3904 2586 3958 Rhea.
2607 3905 2759 3958 Seml.
2788 3909 2913 3959 Ven.

1995 3966 2072 4019 13)
2111 3968 2307 4018 Portam
2333 3966 2438 4019 alii.

1995 4029 2072 4085 14)
2108 4031 2158 4080 Si
2182 4031 2331 4084 omitt.
2359 4029 2511 4085 Rhea.
2537 4029 2691 4081 Seml.

1998 4089 2072 4144 15)
2104 4090 2275 4143 Jesum
2297 4090 2447 4144 omitt.
2467 4089 2616 4144 Rhea.
2642 4091 2793 4144 Seml.

1995 4155 2072 4211 ιϐ)
2109 4155 2387 4207 Incedenda
2410 4159 2550 4206 Pam.
2578 4158 2700 4207 Par.
2730 4166 2879 4209 It'raa.

1994 4218 2074 4270 17)
2109 4218 2301 4269 Consati
2325 4221 2462 4270 Pam.
2488 4221 2610 4269 Par.
2639 4227 2788 4269 Fran.

1997 4280 2071 4333 18)
2105 4280 2444 4333 Βρευιοκθηιιιε
2460 4284 2602 4332 Pam.
2631 4282 2787 4333 Fraa.

1968 4342 2071 4408 (l9)
2109 4345 2203 4394 Ista
2228 4342 2375 4396 Rhea.
2403 4344 2561 4397 Seml.

1561 4502 2125 4575 COMMENTARIUS.

272 4612 431 4695 CAP.
462 4613 671 4695 XLVII.
697 4645 769 4656 —
793 4611 876 4695 _(_a)
913 4604 1026 4695 Quq
1053 4622 1284 4695 peterent
1303 4613 1576 4671 hominem.
1609 4613 1798 4668 Existi-
1821 4614 1875 4674 D

194 4685 425 4742 mabant
445 4687 574 4743 olim
607 4685 1108 4744 nonnulli'vetet’em
1143 4687 1411 4741 hominem
1441 4700 1559 4739 esse
1580 4699 1792 4753 corpus,

206 4771 413 4811 novum
442 4772 567 4814 vero
597 4758 867 4827 animam;
917 4767 971 4814 at
1004 4758 1376 4828 interpretatio
1414 4757 1497 4828 illa
1546 4766 1664 4828 non
1698 4755 1796 4809 ad-

199 4828 461 4883 mittitur.
494 4828 625 4884 Nam
656 4829 948 4899 Apostolus
969 4870 982 4893 ,
1012 4827 1185 4899 (Rom.
1219 4827 1287 4883 VI
1313 4871 1326 4890 ,
1360 4827 1490 4882 nihil
1525 4827 1668 4882 aliud
1703 4844 1797 4896 per

194 4909 437 4955 veterem
482 4901 754 4957 hominem
799 4898 1047 4970 intelligit
1068 4942 1081 4961 ,
1115 4914 1275 4969 quam
1301 4900 1458 4953 vitam
1492 4906 1792 4970 anteactam

193 4969 249 5025 in
282 4971 517 5041 peccatis
543 4990 556 5039 ;
612 4988 708 5041 per
738 4988 933 5027 novum
961 4966 1143 5026 autem
1173 4970 1609 5025 reformationem
1644 4966 1788 5023 illam

186 5057 310 5115 qua:
324 5060 354 5115 :t
370 5042 587 5099 Christo
616 5042 779 5104 facta,
807 5043 933 5097 dum
961 5044 1163 5097 scelera
1194 5052 1373 5096 nostra
1401 5042 1663 5111 sanguine
1692 5056 1790 5095 suo

186 5113 379 5180 abluit,
405 5123 480 5181 ιιι,
513 5124 774 5170 evacuate
805 5115 897 5169 illo
924 5123 1105 5168 vetere
1134 5115 1369 5180 homine,
1403 5114 1452 5166 in
1483 5127 1661 5167 veram
1689 5127 1789 5171 nos

187 5197 462 5241 assereret
490 5185 814 5242 libertatem.
860 5185 938 5240 LE
977 5184 1074 5240 Pu.

264 5253 346 5332 (b)
384 5254 679 5332 Evacuetnr
724 5273 909 5332 corpus
953 5256 1328 5332 delinquentite.
1381 5255 1472 5332 De_
1501 5254 1602 5309 hac
1653 5269 1787 5332 voce

185 5325 463 5401 postrema
524 5328 638 5398 jam
682 5325 1011 5401 monuimus.
1062 5326 1300 5401 vulgata
1335 5325 1547 5382 versio:
1594 5335 1653 5377 ut
1699 5325 1786 5379 dc-

185 5398 418 5456 struatnr
463 5414 651 5470 corpus
698 5400 912 5471 peccati.
966 5398 1194 5471 PrOpius
1237 5398 1301 5452 ad
1334 5410 1554 5471 sensum
1593 5410 1786 5466 ganeae

187 5472 335 5528 ‘vocis
362 5468 643 5544 καταριᾶιθῇ
670 5468 902 5528 vertisse
933 5471 1065 5526 mihi
1082 5468 1307 5525 videtur
1333 5468 1712 5593 Tertqlliagus.

1517 5555 1548 5593 ε
1621 5555 1672 5593 ιι.

1517 5555 1548 5593 Ε
1576 5555 1672 5593 PB.

256 5615 333 5692 (c)
378 5614 612 5671 Membra
660 5624 825 5692 vestra
861 5613 1072 5692 famula
1100 5611 1462 5692 ἱηιηιιυι-ίιὲιὶαῖἶ
1504 5611 1790 5692 Morcsuo

263 5681 415 5744 "am
472 5697 666 5740 vocem
727 5681 877 5741 δοῧλσὶ
926 5685 1197 5755 exprimit.
1274 5682 1603 5737 Famulantia
1653 5681 1791 5737 dixit

174 5693 646 5822 miemnymus
683 5756 749 5811 ad
787 5755 997 5812 Patnm.
1025 5760 1213 5812 contra
1249 5754 1446 5812 Joann.
1482 5751 1746 5822 llierosol.

323 5762 646 5832 ieronymus
683 5756 749 5811 ad
787 5751 1213 5812 Pammiconlra
1249 5754 1446 5812 Joann.
1465 5751 1746 5880 Iillitagosol.

1512 5839 1543 5879 ε
1626 5839 1677 5880 u.

1512 5839 1543 5879 Ε
1581 5839 1677 5880 I’R.

1974 4608 2054 4684 (tl)
2096 4611 2365 4684 Stipendia
2393 4612 2527 4666 enim
2566 4610 2924 4684 delinquentia:
2950 4655 2964 4679 ,
2997 4628 3173 4679 mors;
3211 4612 3505 4669 donatiuum

1902 4682 2073 4737 autem
2102 4682 2229 4747 Dei,
2261 4692 2367 4738 etc.
2401 4682 2737 4752 Stipendium
2771 4698 2980 4739 merces
3005 4691 3126 4739 erat
3154 4684 3378 4739 militum
3412 4686 3519 4753 qui-

1903 4754 2210 4817 merebant;
2263 4754 2574 4808 donativum
2622 4765 2800 4809 autem
2839 4752 3041 4809 duuttnt
3080 4764 3197 4810 erat
3240 4752 3503 4811 miitibus

1899 4826 1966 4881 ab
1995 4826 2317 4896 imperatore
2348 4827 2553 4892 erogari
2579 4826 2820 4880 solitum.
2848 4825 3315 4895 Quemadmodum
3341 4828 3503 4896 igitur

1900 4913 2032 4952 voce
2054 4895 2316 4952 castrensi
2343 4897 2655 4962 stipendium
2687 4913 2752 4951 ex
2785 4895 2846 4951 Β.
2874 4897 3022 4951 Pauli
3058 4895 3503 4965 interpretatione

1899 4983 2030 5024 usus
2062 4968 2269 5034 fuerat,
2305 4979 2427 5037 apte
2458 4968 2595 5041 hanc
2624 4982 2809 5041 vorem
2852 4967 2908 5022 ih
2954 4968 3143 5023 eadem
3187 4969 3499 5041 metaphora

1895 5041 2193 5111 persistens
2225 5040 2522 5106 usurpavit.
2576 5038 2652 5092 Le
2682 5037 2778 5092 Pa.

1964 5108 2042 5185 (θ)
2070 5110 2175 5165 Per
2216 5112 2545 5164 simulacrum
2589 5110 3029 5185 e_nim__morimur
3082 5110 3132 5163 in
3177 5111 3496 5185 baptismate.

1893 5178 2236 5251 Baptizamur
2285 5196 2380 5251 pro
2428 5182 2674 5234 mortuis.
2723 5178 3009 5247 Mergimur
3059 5181 3209 5248 quasi
3244 5178 3494 5237 'mortem

1892 5254 2201 5308 subeamus.
2242 5252 2609 5320 Emergimus,
2648 5258 2705 5302 ut
2737 5251 3143 5305 reviviscentes.
3181 5252 3298 5308 lite.
3324 5283 3393 5294 -—
3422 5253 3499 5307 Ne

1889 5324 2279 5395 responderent
2337 5321 2574 5395 Inerctici
2622 5321 2827 5395 eodem
2871 5320 3031 5375 modo
3078 5334 3485 5395 resurrecturus

1892 5392 2016 5451 cum
2058 5394 2312 5458 Christo,
2363 5394 2503 5447 sicut
2548 5402 2601 5445 et
2638 5392 2829 5446 mortui
2878 5406 3086 5454 sumus,
3131 5393 3335 5448 sirilicet
3373 5395 3515 5463 quia'

1894 5468 2121 5539 mystice
2141 5474 2193 5520 et
2220 5467 2440 5539 tigni-ate
2466 5472 2667 5539 tantum
2694 5462 2884 5516 mortui
2912 5468 3037 5515 cum
3068 5463 3282 5539 Christo
3305 5462 3495 5539 sumus

1893 5534 2285 5606 iu'haptismo,
2318 5537 2396 5589 sic
2437 5535 2599 5587 etiam
2633 5542 3035 5606 resurrecturus
3062 5534 3234 5606 sohmt
3269 5536 3496 5606 mystice

1892 5616 1948 5664 et
1999 5601 2403 5678 spiritual‘tter,
2445 5620 2548 5659 non
2602 5619 2756 5667 vere;
2817 5605 3068 5678 observat
3121 5601 3492 5660 Tertullianus

1892 5676 2075 5751 typum
2107 5689 2161 5734 et
2191 5677 2502 5751 mysterium
2542 5690 2662 5730 esse
2692 5679 2969 5730 dumtaxat
2996 5676 3047 5727 in
3077 5683 3253 5729 morte
3281 5685 3486 5751 nostra,

1892 5745 1997 5806 litin
2032 5752 2081 5805 in
2113 5745 2533 5811 resurrectione,
2566 5758 2688 5800 nam
2717 5760 2844 5803 vere
2873 5758 3238 5817 resurgemus.
3282 5745 3413 5800 Lac.

1966 5818 2031 5897 (1)
2074 5821 2172 5878 Ubi
2211 5828 2284 5874 est
2316 5835 2453 5875 mors
2484 5817 2690 5873 acttleus
2734 5818 2888 5874 tuus?
2934 5814 3180 5888 Sic'leg.
3253 5830 3373 5887 cap.
3419 5814 3485 5871 51
