4052 6286
532 262 642 324 863

1915 275 2378 334 TERTULLIANI

3738 287 3848 342 864

534 381 642 435 illic
692 383 1146 455 superabundabit
1185 384 1297 460 (l),
1350 386 1439 443 ubi
1486 396 1542 444 et
1585 389 1838 461 iniquitas
1885 391 2124 447 abunda-
2154 393 2200 451 Α
2231 389 2294 444 Si
2320 401 2486 444 autent
2523 391 2751 448 Christus
2784 393 3122 463 pra'dicatur,
3156 396 3290 468 quod
3333 414 3366 452 a
3406 399 3621 455 mortuis
3669 417 3854 457 resur-

533 478 605 528 γίι
644 474 742 548 (2).
802 476 892 533 Sic
957 487 1011 534 et
1057 479 1226 535 virtus
1287 480 1341 535 in
1402 481 1710 538 inﬁrmitate
1786 484 2120 553 perlicietur,

532 566 608 640 (a)
638 567 776 635 quod
814 569 971 639 periit
1008 569 1706 645 (3)salvumlaciens,qund
1745 585 2015 629 mortuum
2043 586 2126 629 est

528 661 842 726 \‘ivilicans,
875 663 1017 734 quod
1050 674 1360 734 percussum
1390 676 1472 723 est
1502 682 1719 731 sanans,
1749 669 1889 739 quod
1924 671 2126 741 languit

527 754 828 820 medicans,
863 756 1004 826 quod
1032 768 1276 828 ereptum
1299 770 1383 816 est
1411 761 1705 827 redimens,
1738 762 1880 831 quod
1911 763 2127 818 lanmla-

529 852 640 899 ttnu
671 857 752 901 est
777 848 1039 914 liberans,
1073 852 1217 922 quiid
1244 851 1523 909 seductum
1551 864 1635 912 est
1662 872 1953 923 revocans,
1983 858 2125 929 quod

528 938 718 992 elisum
750 948 833 995 est
861 943 1157 1011 suscitans;
1190 955 1245 999 et
1273 946 1489 1016 quidem
1534 948 1600 1003 de
1634 958 1773 1004 terra
1806 950 1859 1005 in
1885 952 2079 1006 caelum
2107 994 2120 1017 ,

532 1028 619 1082 ubi
667 1040 908 1086 nostrum
956 1036 1341 1104 municipatum
1387 1037 1764 1111 Pbilippenses
1809 1060 2017 1113 quoque
2060 1044 2127 1099 ab

466 1186 475 1195 ι
533 1121 795 1188 Διιοειοιο
846 1123 1097 1179 discunt:
1156 1126 1305 1183 Unde
1341 1138 1387 1183 et
1431 1131 1853 1201 salutiﬁcatorem
1900 1146 2129 1190 nostrum

529 1222 881 1281 exspectamus
927 1214 1106 1271 Iesum
1159 1218 1565 1290 Christum,qui
1612 1226 1996 1297 transﬁgurabit
2048 1226 2128 1302 (4)

529 1317 717 1373 corpus
758 1314 953 1361 nostra:
989 1309 1328 1378 humilitatis,
1367 1314 1684 1385 conformalc
1713 1319 1916 1388 corpori
1954 1320 2131 1390 gloria:

527 1411 635 1449 suae
654 1412 673 1461 ;
707 1397 824 1453 sine
864 1399 1027 1454 dubio
1068 1414 1181 1471 post
1226 1406 1714 1476 resurrectionem,
1737 1411 1861 1481 quia
1892 1426 1991 1466 nec
2017 1413 2131 1483 ipse

530 1487 779 1543 Christus
807 1489 1136 1561 gloritieatus
1175 1505 1255 1551 est
1286 1506 1412 1552 ante
1444 1502 1769 1569 passionem.
1822 1502 1946 1558 Ilaec
1973 1514 2131 1560 erunt

529 1596 760 1653 corpora
820 1595 1038 1655 nostra,
1085 1605 1204 1656 qua:
1250 1590 1522 1648 llomanos
1578 1595 1826 1651 obsecrat
1874 1598 2131 1654 exhibere

531 1674 761 1729 hostiam
811 1678 1015 1745 vivam,
1049 1693 1320 1748 sanetam,
1366 1685 1664 1754 placibilem
1711 1687 1793 1762 (5)
1828 1690 1957 1745 Deo.
1988 1690 2131 1759 Quo-

2230 486 2361 539 rexit
2403 484 2558 559 (11),
2588 489 2840 557 quomodo
2862 489 3071 559 quidam
3105 490 3277 544 dicunt
3318 492 3370 546 in
3396 491 3535 548 vobis
3577 510 3854 549 resurrec-

2233 580 2425 632 tionem
2473 589 2791 635 mortuorum
2838 598 2937 636 non
2986 583 3134 637 esse?
3179 599 3291 652 qua:
3341 585 3387 636 si
3435 602 3537 638 non
3588 596 3706 652 est,
3757 602 3854 640 mc

2228 670 2460 725 Christus
2488 673 2781 727 resurrexit.
2812 673 2875 730 Si
2919 686 3085 729 autem
3122 672 3238 749 (i2)
3268 676 3495 732 Christus
3536 695 3639 731 non
3669 696 3856 733 resur-

2227 763 2358 816 rexit
2387 760 2528 836 (15),
2556 765 2723 818 inanis
2737 775 2810 819 est
2835 768 3130 835 praedicatio
3156 780 3330 822 nostra
3360 767 3855 843 (l5):iureniemur

2228 859 2359 911 enim
2382 858 2499 932 (15)
2528 860 2649 927 falsi
2678 871 2827 915 testes
2849 859 2965 927 Dei,
2980 863 3067 931 qui
3099 863 3437 917 testimonium
3466 864 3692 919 diximus
3719 864 3847 939 (16)

2229 952 2364 1016 quod
2409 954 2781 1008 resuscitaverit
2821 953 3113 1019 Christum,
3151 972 3301 1028 quem
3344 973 3447 1010 non
3489 958 3847 1014 resnscitavit.

2233 1043 2370 1099 Nam
2399 1047 2444 1101 si
2475 1048 2663 1101 mortui
2691 1064 2791 1102 non
2817 1060 3110 1120 resurgunt,
3147 1065 3235 1103 nec
3261 1047 3497 1106 Christus
3525 1054 3844 1109 resurrexit.

2232 1137 2296 1192 Si
2324 1137 2558 1193 Christus
2588 1156 2690 1193 non
2715 1141 2991 1195 resurrexit
3015 1182 3030 1206 ,
3061 1156 3193 1195 vana
3222 1152 3296 1195 est
3322 1143 3451 1209 ﬁdes
3480 1155 3645 1196 restra
3668 1158 3688 1206 ;
3715 1143 3847 1215 quia

2231 1232 2398 1286 adhuc
2437 1233 2489 1287 in
2532 1232 2729 1288 delictis
2757 1235 2931 1289 vestris
2962 1234 3081 1289 estis
3106 1251 3128 1290 :
3161 1245 3208 1289 ct
3246 1237 3332 1307 qui
3378 1236 3431 1289 in
3469 1235 3675 1291 Christo
3713 1239 3845 1292 dor-

2232 1326 2481 1392 mierunt,
2528 1327 2803 1395 perierunt.
2848 1326 2952 1382 Per
2998 1327 3114 1382 haec
3160 1329 3245 1382 cui
3295 1343 3393 1384 nos
3441 1330 3519 1384 rei
3548 1330 3845 1386 credenda:

2232 1419 2444 1476 videtur
2459 1420 2773 1476 exstruere?
2798 1420 3219 1487 liesurrecdoni,
3244 1421 3439 1491 inquis,
3471 1432 3839 1487 ntnt'lttnrmn,

2233 1529 2352 1583 qua:
2384 1512 2697 1583 negabatur.
2726 1514 2885 1568 Certe
2912 1513 3013 1567 sub
3035 1512 3291 1584 exemplo
3319 1513 3617 1568 Dominica:
3649 1528 3834 1570 resur-

2232 1606 2485 1660 rectionis
2511 1606 2694 1662 volens
2718 1621 2837 1661 eam
2865 1606 3050 1666 credi?
3074 1606 3252 1671 Certe,
3284 1606 3481 1677 inquis.
3512 1608 3830 1677 Exemplum

2232 1713 2397 1768 porro
2425 1714 2490 1753 ex
2522 1697 2839 1753 diversitate
2865 1740 2881 1766 ,
2921 1714 2987 1752 an
3028 1713 3096 1754 ex
3145 1698 3413 1768 parilitate
3450 1701 3838 1769 componitur?

530 1768 692 1822 modo
723 1771 906 1836 vivam,
940 1774 983 1827 si
1033 1776 1264 1844 peritura
1318 1779 1479 1833 sunt?
1503 1782 1773 1850 quomodo
1802 1786 2127 1858 sanctaszi
2157 1788 2205 1848 B
2234 1788 2451 1859 Utique,
2469 1789 2663 1859 inquis,
2681 1804 2746 1844 ex
2774 1788 3061 1859 parilitate.
3081 1788 3366 1857 Quomodo
3387 1768 3836 1846 autemChristus

532 1862 806 1932 prurhana
846 1867 1005 1921 sunt?
1033 1870 1304 1938 quomodo
1353 1872 1638 1941 placibilem
1673 1874 1777 1949 (6),
1803 1877 1846 1932 si
1873 1878 2122 1933 damnata

530 1955 693 2010 sum?
724 1957 839 2027 Age
885 1959 1017 2029 jam,
1047 1961 1189 2031 quod
1217 1962 1283 2018 ad
1308 1962 1818 2024 Thessalonicenses
1849 1967 1928 2043 (7)
1958 1970 2125 2042 ipsius

530 2047 840 2121 solisradio
868 2060 1046 2120 putem
1074 2056 1363 2125 scriptum,
1395 2059 1463 2112 ita
1492 2059 1690 2126 claret,
1721 2061 1952 2132 qualiter
1981 2064 2123 2118 acci-

532 2140 680 2208 pient
726 2140 970 2215 lucifugae
1013 2146 1098 2202 isti
1128 2146 1568 2219 Scripturarum?
1616 2153 1740 2225 Ipse
1777 2168 1947 2211 autem
1989 2156 2126 2213 Deus

532 2234 677 2302 pacis
724 2238 1007 2306 sancti/iret
1049 2257 1133 2295 ros
1198 2253 1350 2298 totos.
1390 2245 1514 2300 Non
1561 2248 1780 2312 suflicit,
1813 2251 1906 2306 sed
1939 2251 2014 2325 (8)
2045 2268 2125 2308 sc-

535 2325 757 2392 quitur:
792 2325 861 2380 Et
882 2329 1130 2401 integrum
1161 2350 1344 2403 corpus
1376 2348 1613 2400 vestrum,
1646 2350 1692 2393 et
1719 2344 1910 2407 anima,
1942 2353 1988 2397 et
2016 2346 2125 2416 spi-

532 2416 662 2469 ritus
706 2418 815 2472 sine
853 2423 1060 2488 querela
1101 2438 1458 2481 conserrcntur
1500 2430 1551 2483 in
1581 2435 1853 2499 pra'sentia
1896 2433 2123 2493 Domini.

535 2513 710 2567 llabes
731 2530 943 2570 omnem
966 2516 1321 2574 substantiam
1349 2522 1577 2579 hominis
1597 2525 1758 2580 saluti
1781 2526 2125 2594 destinatam,

534 2620 635 2660 nec
665 2607 767 2661 alio
796 2615 1038 2680 tempore
1063 2627 1219 2682 quam
1245 2614 1296 2670 in
1320 2616 1549 2672 adventu
1579 2619 1787 2675 Domini
1844 2625 1934 2694 qui
1964 2625 2129 2681 clavis

534 2706 618 2752 est
643 2701 1075 2759 resurrectionis.
1599 2721 1610 2733 °

1075 2796 1303 2854 CAPUT
1346 2799 1571 2858 XLVIII.

605 2883 711 2940 Sed
738 2902 878 2953 caro,
914 2889 1088 2962 inquis
1114 2933 1128 2954 ,
1161 2901 1208 2946 et
1237 2900 1445 2966 sanguis
1470 2914 1681 2970 regnum
1712 2899 1808 2955 Dei
1835 2901 2132 2961 haereditate

537 2979 796 3047 possidere
820 2998 920 3036 non
956 2994 1187 3055 possunt.
1225 2986 1437 3044 Scimus
1465 2989 1568 3046 hoc
1595 3008 1807 3063 quoque
1836 2998 2129 3067 scriptum;

535 3071 629 3126 sed
660 3071 726 3127 de
755 3073 1010 3130 industria
1038 3076 1339 3135 distulimus
1362 3081 1655 3155 hucusque,
1682 3095 1758 3154 ut,
1773 3089 1915 3158 quod
1942 3091 2134 3147 adver-

2229 1884 2566 1939 resurrexit?
2594 1884 2646 1937 in
2669 1899 2853 1949 carne,
2876 1882 3092 1937 annon?
3116 1882 3234 1938 sine
3254 1882 3443 1946 dubio,
3467 1882 3514 1937 si
3540 1894 3832 1947 mortuum,

2229 1978 2273 2031 si
2321 1976 2589 2047 sepultum
2640 1976 2794 2031 audis
2843 1976 3137 2031 secundum
3185 1974 3515 2046 Scripturas,
3551 1990 3660 2053 non
3707 1975 3837 2030 alias

2229 2086 2387 2143 quam
2421 2070 2472 2125 in
2502 2086 2686 2134 carne,
2711 2087 2862 2140 zeqne
2889 2071 3264 2125 resuscitatum
3289 2070 3338 2123 in
3368 2085 3533 2125 carne
3556 2069 3830 2125 concedis.

2231 2164 2406 2234 Ipsum
2436 2165 2579 2220 enim
2609 2164 2752 2235 quod
2783 2163 2979 2221 cecidit
3009 2164 3060 2218 in
3102 2173 3274 2218 morte
3317 2160 3456 2235 (l7),
3503 2162 3645 2233 quod
3672 2162 3838 2233 jacuit

2231 2259 2284 2313 in
2317 2258 2624 2327 sepultura,
2656 2256 2759 2311 hoc
2789 2264 2843 2311 et
2874 2255 3201 2321 resurrexit,
3229 2271 3335 2322 non
3373 2266 3479 2308 tam
3504 2254 3755 2309 Christus
3780 2253 3835 2308 in

2231 2364 2418 2413 carne,
2449 2364 2608 2419 quam
2633 2362 2760 2404 caro
2791 2348 2843 2402 in
2870 2347 3109 2401 Christo.
3144 2344 3329 2418 Igitur,
3354 2345 3399 2399 si
3429 2345 3497 2400 ad
3530 2344 3833 2416 exemplum

2232 2441 2429 2499 Christi
2456 2456 2799 2511 resurgemus
2819 2482 2832 2506 ,
2855 2440 2944 2509 qui
2974 2438 3271 2495 resurrexit
3294 2439 3345 2493 in
3369 2453 3563 2502 carne,
3585 2436 3698 2507 jam
3731 2452 3836 2493 non

2232 2536 2298 2590 ad
2328 2535 2633 2604 exemplum
2665 2532 2865 2588 Christi
2894 2546 3259 2601 resurgemus,
3289 2531 3335 2584 si
3370 2545 3475 2586 non
3509 2529 3562 2585 in
3594 2542 3758 2583 carne
3785 2535 3841 2583 et

2233 2637 2288 2684 et
2328 2629 2427 2698 ipsi
2456 2640 2839 2697 resurgentes;
2868 2624 2989 2695 quia
3024 2640 3114 2695 per
3149 2623 3424 2690 hominem,
3453 2622 3645 2693 inquit,
3676 2638 3837 2688 mors,

2234 2730 2281 2775 et
2308 2737 2396 2790 per
2423 2719 2677 2773 hominem
2704 2718 3005 2774 resurrectio
3026 2732 3045 2771 :
3068 2727 3122 2770 ut
3143 2727 3417 2786 separaret
3456 2715 3571 2790 (l8)
3620 2715 3839 2785 quidem

2234 2816 2518 2878 auctores,
2570 2810 2760 2866 mortis
2807 2809 3016 2876 Adam,
3070 2809 3342 2864 Christum
3388 2808 3838 2876 resurrectionis;

2235 2905 2476 2976 ejusdem
2519 2913 2697 2960 autem
2745 2902 3099 2958 constitueret
3133 2901 3449 2957 substantiae
3482 2901 3842 2957 resurrectio-

2238 3012 2383 3061 nem,
2411 2997 2565 3064 cujus
2589 3004 2645 3049 et
2674 3005 2925 3060 mortem,
2959 3009 3053 3063 per
3084 2993 3321 3063 ipsorum
3349 3002 3621 3048 auctorum
3653 2994 3704 3047 in
3737 3007 3842 3048 no-

2238 3092 2383 3145 mine
2414 3089 2642 3143 hominis
2672 3090 3146 3159 comparationem.
3169 3086 3225 3141 Si
3251 3088 3418 3153 enim,
3440 3088 3578 3142 sient
3603 3088 3844 3144 iuAdam

537 3164 665 3217 sarii
705 3164 756 3219 in
805 3167 972 3234 prima
1001 3169 1180 3223 statim
1211 3176 1327 3227 acie
1352 3175 1671 3242 obstruunt,
1706 3180 1756 3232 in
1789 3180 1969 3235 ultima
1997 3199 2131 3239 eon-
2159 3182 2204 3246 C
2239 3195 2429 3235 (utines
2470 3181 2801 3241 moriuntur,
2853 3180 2921 3233 ita
2964 3188 3019 3234 et
3049 3179 3102 3232 in
3154 3177 3371 3234 Christo
3416 3193 3605 3234 omnes
3663 3179 3846 3234 virili-

538 3257 818 3327 grcssione
858 3271 1362 3331 prosterneremus,
1411 3269 1660 3324 omnibus
1706 3274 2130 3346 qumstionibus,

539 3351 687 3420 quasi
716 3353 929 3409 auxiliis
954 3354 1089 3426 ejus,
1109 3366 1233 3412 ante
1261 3358 1505 3429 deiectis.
1523 3363 1627 3419 Sed
1657 3374 1709 3419 et
1738 3383 1879 3422 nunc
1906 3383 2135 3439 οχενρυ-

541 3449 653 3496 tcnt
681 3440 759 3516 (9)
782 3446 1135 3515 prsrcedentia
1166 3453 1497 3521 recognosci.
1524 3463 1657 3510 utet
1684 3456 1805 3513 huic
1832 3462 2014 3515 sensui
2040 3477 2134 3517 sua

541 3532 691 3604 origo
720 3537 1179 3613 pra-judicet.(l0)
1193 3540 1414 3612 Opinor,
1438 3543 1748 3618 Apostolus,
1780 3548 1854 3623 (li)
1882 3552 2136 3623 disposita

543 3624 610 3680 ad
651 3628 960 3685 Corinthios
995 3634 1141 3686 onmi
1170 3633 1516 3692 distinctione
1553 3640 1934 3699 ecclesiastica-
1960 3646 2140 3702 disci-

544 3717 739 3788 plinae,
781 3735 1046 3777 summam
1089 3734 1145 3779 et
1173 3726 1255 3779 sui
1288 3727 1560 3800 Evangelii
1602 3742 1655 3787 et
1693 3733 1815 3790 fidei
1845 3737 2056 3793 illorum
2086 3741 2137 3795 in

546 3809 839 3868 Dominica:
893 3815 1085 3871 mortis
1141 3828 1194 3873 et
1253 3824 1665 3881 resurrectionis
1727 3826 2140 3888 demandatione

545 3905 911 3973 coneluserat;
949 3906 1023 3983 (ε)
1046 3920 1128 3981 ‘ut
1152 3922 1205 3966 et
1233 3922 1434 3970 nostrae
1472 3919 1586 3988 spei
1629 3922 1864 3991 regulam
1895 3925 2018 3981 inde
2044 3926 2142 3983 de-

543 3995 783 4064 duceret,
814 4000 955 4058 unde
975 4014 1266 4063 constaret.
1292 4007 1474 4080 Itaque
1498 4010 1713 4082 subiicit
1739 4013 1785 4087 (I
1805 4013 1951 4085 Con,
1995 4017 2138 4093 XV):

2239 3276 2523 3340 cabnntnr;
2557 3289 2718 3329 carne
2770 3273 3175 3328 viviﬁcabuntur
3216 3272 3267 3327 in
3311 3271 3543 3339 Christo,
3603 3273 3741 3328 sicut
3791 3274 3849 3329 in

2240 3370 2411 3427 Adam
2429 3384 2589 3425 carne
2607 3368 2723 3442 (19)
2740 3369 3057 3423 moriuntur.
3079 3366 3455 3439 Unusquisque
3468 3376 3647 3426 autem
3677 3367 3728 3420 in
3744 3361 3853 3422 suo

2242 3463 2452 3527 ordine,
2477 3462 2685 3517 scilicet
2713 3462 2833 3531 quia
2864 3469 2921 3516 et
2946 3461 2996 3515 in
3028 3476 3129 3516 suo
3154 3475 3400 3531 corpore.
3424 3459 3569 3516 Ordo
3581 3459 3853 3514 enimnon

2241 3554 2409 3618 aliud,
2441 3570 2602 3624 quam
2639 3555 2949 3609 meritorum
2973 3551 3262 3622 dispositor
3294 3552 3424 3621 (ΞΟ).
3451 3551 3637 3607 Merita
3670 3563 3853 3608 autem

2243 3664 2364 3703 cum
2387 3648 2597 3717 corpori
2618 3661 2831 3716 quoque
2852 3644 3248 3711 adscribantur,
3272 3645 3406 3700 ordo
3423 3660 3636 3716 quoque
3652 3660 3857 3715 corpo-

2245 3757 2363 3797 rum
2393 3738 2711 3812 disponatnr
2738 3754 2959 3795 necesse
2973 3749 3075 3805 est,
3096 3748 3152 3794 ut
3168 3738 3338 3810 possit
3365 3751 3486 3794 esse
3508 3737 3857 3792 meritorum.

2245 3836 2301 3892 Si
2335 3844 2513 3890 autem
2552 3846 2604 3889 et
2638 3834 2975 3905 baptizantur
3016 3832 3233 3903 quidam
3277 3827 3396 3906 (2t)
3446 3845 3546 3902 pro
3600 3831 3859 3901 mortuis,

2247 3927 2546 3983 videbimus
2574 3942 2640 3981 an
2688 3928 2925 3991 ratione;
2967 3935 3116 3981 certe
3159 3924 3245 3979 illa
3290 3922 3714 3995 prmsumptione
3755 3921 3867 3979 hoc

2248 4035 2345 4076 eos
2385 4019 2684 4077 instituisse
2733 4017 3007 4075 contendit
3038 4015 3187 4092 (ΞΩ),
3215 4030 3318 4091 qua
3354 4014 3447 4070 alii
3480 4012 3647 4071 etiam
3684 4014 3861 4084 carni,

1776 4132 2154 4193 LECTIONES
2193 4135 2602 4195 VARIANTES.

609 4228 682 4357 (l)
716 4231 1141 4307 Superabundavit
1162 4237 1313 4290 Rheu.
1340 4241 1495 4291 Seml.

609 4292 661 4357 (2
715 4294 998 4357 Abundatnt
1018 4300 1163 4350 Pam.
1193 4302 1346 4353 Frau.

634 4294 682 4353 2)
715 4294 998 4347 Abundabit
1018 4300 1163 4350 Pam.
1193 4302 1346 4353 Fran.

632 4355 683 4412 3)
719 4356 826 4408 Erit
846 4355 998 4409 Ithen.
1024 4359 1159 4412 Sent!

632 4418 681 4477 4)
716 4418 1098 4477 'l‘ransliguravit
1117 4423 1273 4477 Rhea.

631 4481 677 4540 ὅ)
717 4481 1013 4535 I’laeabilem
1042 4485 1189 4539 Rhea.
1215 4486 1366 4540 Seml.

632 4544 684 4603 6)
719 4544 978 4597 Placabilia
998 4547 1151 4601 Rhea.
1176 4551 1330 4603 Seml.

631 4605 682 4664 7)
720 4605 785 4657 Ut
806 4607 924 4658 add.
944 4613 1088 4662 Pam.
1115 4616 1238 4663 Par.
1265 4615 1421 4664 Fran.

631 4669 683 4734 8)
718 4669 853 4734 Quod
879 4669 1031 4725 Rhea.
1045 4672 1213 4734 Seml.

634 4732 689 4799 9⁷)
705 4732 973 4799 _E_x_pe_tent
993 4733 1143 4799 Rhea.
1171 4736 1325 4789 Seml.

645 4795 716 4853 t0)
760 4795 824 4846 Ui
845 4795 993 4850 inser.
1020 4797 1171 4851 Rhen.
1198 4802 1351 4853 Seml.

641 4857 720 4914 11)
742 4857 1112 4913 'Resurrexerit
1135 4861 1287 4914 Rhea.
1306 4863 1457 4914 Seml.

647 4921 720 4978 l2)
753 4921 932 4971 Autem
955 4922 1086 4975 abest
1110 4940 1139 4974 a
1156 4923 1305 4978 Rhen.
1330 4924 1479 4977 Seml.

647 4926 699 4968 ιτ.)
753 4926 932 4971 Autem
955 4926 1086 4975 abest
1110 4940 1139 4974 a
1156 4926 1305 4978 Rhen.
1330 4926 1455 4977 Seml

642 4926 720 5047 15)
753 4982 1107 5038 Resurrexerit
1128 4987 1277 5040 Ithen.
1301 4985 1455 5043 Seml.

2167 4562 2220 4622 D

2336 4309 2414 4375 lii)
2449 4311 2730 4375 invenimur
2745 4319 2912 4375 autem
2936 4312 3079 4375 Pam.
3106 4309 3260 4375 Eriza.

2339 4365 2415 4438 16)
2449 4374 2732 4424 Dixerimus
2752 4370 2906 4427 Rhea.
2931 4370 3084 4425 Seml.
3107 4370 3357 4424 Adversus
3376 4367 3539 4420 Deum
3562 4365 3691 4419 add.
3715 4369 3873 4421 Pam.

2247 4444 2400 4486 Fran.

2340 4498 2420 4551 l7)
2456 4497 2663 4549 Mortem
2682 4501 2827 4551 Pam.
2855 4497 3012 4547 Fran.

2339 4555 2417 4624 l8)
2451 4561 2664 4624 Separet
2688 4562 2833 4612 Pam.
2849 4558 3003 4614 Rhea.
3016 4555 3171 4610 Seml.

2339 4622 2422 4691 19)
2458 4622 2815 4691 Q'ianesFt'lm-
2872 4687 2899 4691 ,ν
3078 4684 3109 4691 -.
3228 4682 3255 4691 ._
3538 4680 3549 4691 .

2336 4679 2418 4750 ΞΟ)
2453 4685 2583 4751 Ordo
2607 4687 2739 4751 enim
2762 4687 3048 4751 meritorum
3063 4682 3405 4751 dismsitormn
3421 4680 3621 4751 nomine
3634 4679 3877 4751 dispone-

2251 4740 2335 4797 ωε
2372 4740 2483 4799 cod.
2516 4744 2650 4813 Pith.
2676 4761 2765 4813 pro
2788 4740 3153 4811 dispositcum'
3182 4740 3438 4810 legendum
3470 4740 3743 4807 dispositor
3782 4744 3875 4793 ιω-

2251 4824 2309 4859 ru
2316 4824 2366 4877 in
2381 4818 2549 4877 censet,
2563 4808 2674 4877 ltig.

2458 4870 2666 4932 Quide
2693 4870 2845 4924 Rhea.

2916 4933 3070 4986 Seml.

2336 4248 2412 4310 14)
2451 4249 2619 4299 Vacua
2644 4254 2723 4299 est
2741 4252 2795 4298 et
2809 4246 3111 4298 ﬁdes’vestra
3130 4244 3249 4296 add.
3270 4246 3415 4295 Pam.

2336 4313 2414 4375 15)
2449 4311 2730 4362 Invenimur
2745 4319 2912 4360 autem
2936 4312 3079 4361 Pam.
3106 4309 3260 4358 Fran.

2309 4247 2415 4438 ξω)
2449 4374 2732 4424 Dixerimus
2752 4370 2906 4427 Rhea.
2931 4370 3084 4425 Seml.
3107 4370 3357 4424 Adversus
3376 4367 3415 4420 D

2310 4499 2335 4748 l

1926 5097 2484 5161 COMMENTARIUS.

557 5217 612 5261 et
641 5208 728 5273 55.
759 5225 858 5290 pro
880 5214 1107 5290 uictoria,
1140 5217 1285 5288 quod
1314 5216 1475 5274 habet
1500 5218 1787 5290 Vulgatus,
1818 5221 2150 5278 substituens

559 5285 829 5361 contentio.
856 5300 980 5362 nam
1008 5287 1061 5342 in
1083 5285 1400 5358 quibusdam
1421 5285 1812 5361 gra'cis'posuit
1836 5303 1977 5361 stuc,
2007 5308 2147 5362 esse,

559 5355 672 5437 sive
695 5363 824 5437 wiser),
856 5355 905 5411 id
921 5367 1027 5437 est,
1056 5355 1299 5437 victoria;
1328 5362 1383 5437 in
1402 5355 1518 5437 aliis
1537 5355 1682 5437 nisi,
1707 5363 1755 5419 id
1776 5376 1881 5437 est,
1898 5355 2147 5437 iurgium,

560 5420 854 5507 altercatio,
885 5420 1033 5495 rixa,
1062 5430 1176 5488 sive
1203 5420 1311 5497 3th
1328 5475 1342 5498 ,
1373 5432 1427 5507 id
1450 5446 1562 5497 est,
1595 5420 1810 5507 forensis
1837 5420 2013 5507 ολτῖιδσίί
2035 5420 2148 5507 Ϊυεί

564 5496 832 5571 sententia,
862 5509 912 5571 et
942 5517 1090 5571 pruna
1112 5520 1131 5558 :
1168 5519 1271 5559 vox
1301 5496 1557 5560 nimirum
1585 5496 1669 5560 est
1703 5506 1949 5561 forensis.
1978 5496 2109 5562 Εἰς.

638 5560 715 5645 (a)
746 5560 907 5645 guod
942 5560 1090 5645 periit
1117 5573 1313 5630 salvum
1340 5576 1548 5645 faciens.
1581 5560 1777 5632 Ezech.
1804 5560 2054 5642 ΧΧΧΝῙ
2070 5560 2154 5635 sic

784 5645 884 5694 uad
926 5644 1142 5718 perierat
1188 5647 1473 5717 requiram,
1524 5658 1568 5702 et
1609 5648 1745 5716 quod
1771 5648 2021 5718 abjectum
2046 5660 2155 5704 erat

863 5704 1070 5803 etquod
1094 5704 1411 5803 confracta-in
1441 5704 1634 5803 fuerat,
1673 5704 1916 5803 alligatio,
1946 5729 1995 5803 et
2018 5720 2156 5803 quod

573 5779 832 5843 i"tironum
857 5779 1050 5856 fuerat,
1086 5779 1450 5855 consolidabo,‘
1485 5800 1532 5843 et
1559 5779 1696 5861 quod
1724 5779 1912 5857 uirique
1945 5799 1995 5844 et
2023 5779 2154 5861 forte

568 5643 654 5686 est
678 5636 701 5684 :'
736 5636 781 5704 ρ

2253 5226 2557 5281 custodiam.
2619 5225 2751 5282 Lac.

2326 5296 2482 5373 CAP.
2514 5296 2851 5373 XLVIII._—-;
2880 5297 2964 5373 (b)
3006 5292 3265 5373 Dispositis
3306 5292 3377 5373 ad
3407 5293 3708 5373 Corinthios
3735 5295 3878 5373 omni

2257 5369 2583 5447 distinctione
2650 5363 3020 5447 EcclesiaSticie
3072 5363 3276 5447 discipl.
3319 5363 3499 5447 fecit.
3533 5364 3587 5447 id
3633 5368 3874 5447 ἕψεαι».

2257 5440 2503 5495 anteced.
2524 5483 2539 5505 ,
2571 5455 2690 5509 cap.
2729 5440 2817 5496 XV
2847 5482 2862 5505 ,
2916 5442 3003 5496 cui
3038 5436 3196 5509 modo
3232 5434 3431 5509 insistit
3455 5434 3877 5509 Tertullianus;

2262 5511 2419 5579 plura
2445 5512 2587 5566 enim
2614 5505 2933 5567 documenta
2958 5510 3025 5566 ad
3050 5506 3485 5566 Ecclesiasticam
3517 5505 3877 5578 disciplinam

2258 5581 2456 5639 Paulus
2487 5582 2729 5639 dederat.
2760 5582 2893 5638 Lac.

2332 5651 2406 5720 (ο)
2452 5652 2519 5707 Ut
2548 5664 2597 5708 et
2632 5662 2819 5707 nostra:
2843 5654 2948 5719 spei
2975 5651 3199 5723 regulam
3233 5645 3353 5723 inde
3376 5645 3699 5723 deduceret,
3728 5647 3880 5723 unde

2264 5715 2540 5779 constaret.
2574 5715 3049 5806 resurrectione
3066 5718 3269 5806 Christi.
3300 5715 3716 5806 deduxithcuru
3744 5718 3885 5777 inde

2262 5804 2555 5851 constaret.
2602 5794 2854 5854 Dedimus
2892 5796 2959 5853 ad
3003 5808 3121 5864 cap.
3155 5791 3206 5856 t,
3234 5788 3298 5843 de
3323 5802 3481 5843 carus
3504 5788 3706 5845 Christi
3735 5806 3888 5849 non-
