4052 6286
225 318 338 399 ses

1289 321 1511 377 Lmen
1572 282 1660 378 ei:
1698 319 2276 378 BESURRECTIONE
2313 320 2580 380 caurus.

3440 324 3546 383 866

157 498 199 524 ρ
229 450 287 494 ut
316 436 400 513 (1)
440 438 698 494 vicarium
752 437 1014 508 baptisma
1063 435 1141 510 (η)
1195 437 1532 508 profuturum
1568 437 1837 493 existima-
1867 442 1920 502 Α
1947 438 2215 493 cernitur:
2266 438 2490 509 proinde
2535 449 2589 494 et
2627 439 2715 510 qui
2752 440 3002 497 caelestes
3044 441 3339 497 secundum
3373 442 3543 510 illum,

231 542 359 588 rent
403 533 471 587 ad
514 547 664 602 Spem
706 530 1149 598 resurrectionis;
1201 546 1321 601 qua:
1365 531 1464 585 nisi
1511 531 1838 602 corporalis,

232 640 343 680 non
377 624 514 679 alias
574 624 659 678 hic
705 620 785 697 (2)
842 624 1161 693 baptismate
1187 623 1452 693 corporali
1487 622 1837 693 obligaretur.

239 718 379 785 Quid
432 729 480 773 et
536 714 615 792 (5)
647 718 783 789 ipsos
828 717 1095 787 baptizari,
1125 718 1219 783 ait,
1246 716 1289 770 si
1320 733 1422 769 aoa
1445 732 1560 786 qua:
1580 718 1845 788 baptizan-

238 822 324 865 tur
360 827 581 882 corpora
623 806 932 880 resurgunt?
978 809 1170 866 Anima
1200 808 1375 874 enim,
1410 824 1513 862 non
1550 794 1838 875 lavationc,

233 905 332 960 sed
369 903 721 974 responsione
753 902 1010 957 sancitur.
1060 900 1197 966 Quid
1227 912 1274 956 et
1312 918 1432 967 nos,
1468 902 1665 971 inquit,
1705 904 1842 957 omni

234 997 364 1050 liora
381 994 766 1057 periclitamur?
786 993 979 1066 Utique
1002 1008 1095 1064 per
1112 1008 1327 1049 carnem
1342 1042 1345 1043 ν
1373 993 1610 1061 Quotidie
1628 988 1837 1060 marior,

237 1090 421 1158 utique
455 1087 710 1158 periculis
744 1087 953 1150 carnis,
990 1102 1087 1157 per
1125 1101 1284 1156 quam
1327 1098 1382 1139 et
1417 1084 1741 1156 depugnavit
1772 1086 1840 1140 ad

237 1183 436 1239 bcsuas
480 1180 719 1252 Ephesi;
772 1178 892 1234 illas
940 1179 1148 1233 scilicet
1193 1177 1292 1251 (li)
1346 1179 1544 1233 bestias
1588 1178 1840 1234 Asiatica:

235 1289 525 1345 pressurm,
567 1270 636 1327 de
672 1286 775 1341 qua
817 1270 868 1324 in
915 1270 1148 1326 secunda
1179 1268 1245 1324 ad
1276 1270 1532 1325 eosdem:
1580 1270 1839 1325 Nolumus

230 1366 368 1421 enim
416 1382 501 1420 res
540 1365 808 1434 ignorare,
859 1364 1073 1434 fratres,
1117 1362 1180 1416 de
1213 1378 1452 1432 pressura
1488 1371 1661 1416 nostra
1699 1363 1840 1431 apud

229 1458 432 1522 Asiam,
456 1456 593 1527 quod
614 1473 919 1528 superquam
971 1456 1330 1526 supragravati
1373 1453 1452 1528 (ἄ)
1505 1472 1680 1511 sumus
1709 1457 1837 1510 citra

227 1544 385 1616 vires,
417 1550 491 1603 uti
516 1549 580 1602 de
606 1549 707 1602 vita
737 1548 1104 1603 haesitat-emus.
1139 1546 1327 1602 Omnia
1359 1546 1494 1613 luce,
1529 1547 1628 1602 nisi
1658 1547 1833 1612 fallor.

224 1657 297 1699 eo
325 1650 626 1707 enumerat,
651 1650 727 1704 ut,
760 1641 949 1695 uolens
976 1655 1169 1694 vanam
1197 1639 1341 1694 credi
1363 1641 1541 1695 carnis
1562 1640 1837 1695 conﬂicta-

224 1737 454 1799 tionem,
489 1732 784 1788 indubitate
815 1732 940 1787 velit
970 1732 1116 1788 credi
1147 1735 1325 1788 carnis
1353 1735 1832 1790 resurrectionem.

1947 544 2053 585 non
2090 530 2158 585 de
2199 529 2495 586 substantia
2542 533 2790 600 przrscuti
2814 575 2828 598 ,
2872 532 2967 588 sed
2998 532 3066 588 de
3097 532 3273 589 futura
3300 534 3547 590 claritate

1946 624 2193 679 cmlestcs
2221 626 2489 695 prsedicati
2520 626 2924 696 intelliguntur;
2958 626 3079 698 quia
3109 637 3165 683 et
3190 639 3368 695 retro,
3406 629 3547 684 unde

1945 717 2216 771 distinctio
2238 718 2337 773 ista
2361 719 2595 773 manavit
2614 718 2681 774 de
2699 718 2917 788 diguitat
2931 720 2973 773 is
2990 718 3312 787 tlill'ereutia,
3327 735 3544 777 os'ensa

1946 817 2023 861 est
2053 808 2156 862 alia
2179 811 2639 878 superemlestium
2671 812 2860 882 gloria,
2885 813 2986 867 alia
3013 823 3541 884 superterrenorum,

1944 911 1994 953 et
2020 900 2123 957 alia
2157 902 2289 955 solis
2309 944 2323 963 ,
2356 903 2459 956 alia
2490 903 2645 970 lunas,
2676 904 2779 959 alia
2808 906 3123 972 stellarum;
3155 907 3274 977 quia
3306 917 3360 962 et
3389 909 3543 964 Stella

1944 1007 1971 1044 a
2010 992 2164 1046 stella
2205 992 2382 1048 diﬂ'ert
2422 995 2474 1047 iu
2518 996 2722 1064 gloria,
2772 1012 2879 1051 non
2918 1005 3096 1052 tamen
3131 996 3185 1053 in
3223 997 3543 1056 substantia:

1948 1081 2216 1152 Denique,
2269 1085 2540 1154 prauuissa
2590 1085 2887 1142 diﬂercutia
2936 1087 3209 1157 dignitatis
3256 1090 3305 1143 in
3353 1090 3542 1146 cadent

1942 1175 2236 1230 substantia
2263 1185 2317 1230 et
2342 1191 2483 1231 mine
2504 1178 2769 1233 scctauda:
2791 1191 2842 1234 et
2874 1188 2997 1233 tunc
3017 1181 3384 1251 capessenda,
3417 1182 3543 1238 sub-

1937 1266 2114 1340 jungit
2141 1269 2303 1324 etiam
2336 1270 2764 1327 exhortatiomm
2785 1315 2798 1336 ,
2830 1281 2887 1327 ut
2916 1284 2969 1328 et
3000 1272 3086 1328 hic
3114 1274 3352 1330 habitum
3386 1275 3545 1332 Chri-

1941 1363 2008 1416 sti
2038 1373 2308 1419 sectemur
2342 1380 2406 1418 ex
2446 1364 2759 1434 disciplina,
2809 1378 2861 1421 et
2894 1366 3005 1421 illic
3045 1368 3308 1439 fastigium
3346 1385 3541 1426 conse-

1941 1469 2170 1523 quamur
2198 1468 2262 1509 ex
2293 1455 2459 1526 gloria
2484 1473 2496 1506 :
2530 1456 2680 1512 Sicut
2710 1458 3021 1525 portavimus
3051 1459 3324 1528 imaginem
3353 1460 3539 1529 choici,

1943 1558 2200 1616 portemus
2247 1549 2399 1602 etiam
2441 1550 2715 1619 imaginem
2758 1554 3148 1621 superrtelcstis.
3203 1554 3542 1613 Portavimtts

1940 1640 2080 1692 enim
2116 1639 2400 1709 imaginem
2429 1641 2599 1696 choici
2635 1657 2729 1711 per
2754 1642 3039 1714 collegium
3071 1647 3535 1718 transgressionis,

1943 1744 2036 1797 per
2063 1732 2392 1784 consortitun
2441 1733 2662 1800 mortis,
2707 1748 2801 1804 per
2842 1735 3058 1789 exilium
3104 1737 3357 1806 paradisi.
3404 1738 3539 1795 Nam

224 1826 380 1882 Vana
408 1827 551 1881 enim
591 1825 835 1881 habenda
865 1834 945 1880 est
970 1824 1297 1881 conﬂictatio
1322 1826 1438 1895 ejus
1459 1867 1472 1892 ,
1506 1826 1658 1896 cujus
1688 1828 1832 1899 nulla
1864 1836 1910 1895 Β
1940 1822 2038 1878 etsi
2089 1820 2168 1895 (9)
2217 1825 2268 1877 in
2310 1822 2471 1879 carne
2520 1825 2605 1880 hic
2646 1838 2895 1897 portatur
2921 1829 3038 1901 (l0)
3067 1831 3241 1899 imago
3270 1831 3420 1896 Adae,
3445 1833 3541 1890 sed

219 1921 333 1976 erit
371 1919 713 1974 resurrcmio.
761 1917 867 1973 Sed
907 1916 1038 1970 dicet
1074 1918 1184 1987 quis
1208 1933 1226 1970 :
1267 1917 1532 1983 Quomodo
1573 1929 1836 1990 resurgent

217 2011 460 2064 mortui?
494 2026 592 2080 quo
630 2019 796 2063 autem
834 2025 1045 2079 corpore
1072 2009 1308 2063 venient?
1345 2007 1464 2063 Jam
1494 2008 1581 2064 hic
1605 2009 1672 2063 de
1699 2026 1835 2080 qua-

218 2100 471 2158 litatibus
499 2117 782 2172 corporum
812 2100 1058 2166 disserit;
1109 2117 1175 2155 an
1206 2101 1392 2156 eadem
1437 2101 1582 2172 ipsa,
1624 2119 1690 2156 an
1734 2103 1834 2158 alia

219 2204 594 2249 resumantur.
650 2193 753 2249 Sed
808 2208 929 2247 eum
990 2192 1254 2261 ejusmodi
1301 2194 1526 2262 qurestio
1572 2195 1837 2262 posterior

221 2287 517 2352 habeatur,
543 2286 774 2340 sul‘liciet
801 2286 1010 2340 interim
1039 2301 1102 2340 ex
1134 2284 1235 2339 hoc
1261 2299 1474 2355 quoque
1500 2287 1833 2355 corporalem

219 2378 442 2435 deliniri
477 2379 961 2441 resurrectionem,
1011 2393 1132 2431 cttm
1168 2376 1233 2432 de
1275 2377 1539 2448 qualitate,
1566 2394 1835 2485 corp‘orum

220 2473 495 2545 quaeritur.

810 2558 1040 2623 CAPUT
1078 2565 1263 2622 XLIX.

305 2657 536 2715 Ventum
573 2670 654 2715 est
694 2676 837 2716 nunc
860 2660 928 2714 ad
957 2675 1173 2715 carnem
1215 2669 1271 2715 et
1304 2659 1618 2731 sanguinem
1647 2674 1832 2716 revera

227 2753 398 2811 totius
455 2754 797 2825 quaestionis,
856 2768 991 2825 quas
1017 2750 1099 2826 (5)
1139 2754 1492 2817 substantias,
1526 2753 1666 2819 quali
1697 2767 1832 2807 con-

225 2847 436 2902 ditione
465 2844 894 2901 exlneredaverit
919 2844 1211 2914 Apostolus
1241 2860 1268 2897 a
1300 2845 1390 2900 Dei
1434 2861 1634 2914 regno;
1679 2859 1832 2914 mque

223 2939 298 2995 de
322 2938 763 2994 antecedentibus
788 2938 998 2993 discere
1025 2946 1127 2991 est.
1169 2935 1407 3004 Primus,
1442 2937 1640 3007 inquit,
1678 2936 1830 2991 ltouto

176 3060 195 3069 -
225 3034 295 3086 de
325 3042 460 3085 terra
489 3030 723 3095 clinicus,
751 3029 798 3084 id
831 3040 911 3086 est
935 3029 1201 3094 limacius,
1231 3029 1284 3083 id
1315 3038 1395 3085 est
1423 3027 1627 3094 Adam;
1652 3044 1831 3081 seruu-

190 3162 197 3169 ς
225 3127 327 3179 dus
354 3125 503 3178 Itomo
533 3124 596 3178 de
624 3122 774 3190 coelo,
808 3121 857 3178 id
886 3130 970 3177 est
999 3138 1176 3176 sermo
1204 3122 1328 3188 Dei,
1363 3120 1412 3175 id
1445 3131 1528 3175 est
1549 3122 1824 3183 Christus;

1942 1930 2046 1968 non
2079 1929 2297 1969 carnem
2338 1930 2621 1971 monemur
2682 1934 2953 1989 exponere
2990 1920 3129 1994 (11).
3172 1921 3227 1979 Si
3278 1940 3382 1978 non
3424 1939 3540 1981 car-

1943 2021 2096 2071 nem,
2146 2022 2274 2077 ergo
2314 2010 2812 2075 conversationem,
2857 2022 2913 2068 ut
2950 2015 3176 2084 proinde
3210 2026 3265 2072 et
3304 2019 3541 2076 ca'lcstis

1943 2100 2226 2171 imaginem
2250 2111 2522 2171 gestemus
2551 2103 2603 2157 iu
2630 2104 2814 2171 nobis;
2847 2122 2951 2161 non
3004 2107 3111 2178 jam
3157 2109 3242 2165 dei
3273 2108 3406 2185 (l2),
3443 2128 3543 2169 uec

1936 2191 2047 2262 jam
2080 2194 2129 2245 itt
2160 2193 2296 2247 caelo
2319 2194 2593 2249 Constituti
2621 2210 2635 2261 ;
2664 2196 2756 2251 sed
2782 2194 2853 2270 (τ)
2883 2199 3174 2255 secundum
3229 2202 3541 2261 Lniamenta

1941 2283 2136 2364 Christi
2168 2285 2477 2343 incedentes
2507 2289 2559 2342 in
2598 2290 2883 2346 sanctitate
2904 2334 2919 2358 ,
2952 2303 3007 2347 et
3032 2293 3236 2364 iustitia
3257 2338 3272 2362 ,
3314 2306 3369 2352 et
3394 2298 3538 2354 veri-

1943 2386 2070 2433 tate.
2099 2376 2275 2448 Atque
2304 2379 2439 2435 adeo
2463 2380 2527 2434 ad
2560 2383 2892 2452 disciplinam
2925 2395 3095 2441 totmn
3123 2384 3227 2445 hoc
3253 2390 3454 2462 dirigit,
3482 2403 3541 2449 ut.

1941 2469 2029 2525 hic
2059 2471 2201 2529 dicat
2242 2473 2558 2542 portandam
2602 2476 2886 2547 imaginem
2915 2478 3112 2535 Christi
3144 2481 3195 2536 in
3227 2483 3324 2538 ista
3350 2501 3534 2554 carne,

1939 2574 1993 2618 et
2019 2565 2071 2619 in
2101 2565 2204 2620 isto
2228 2573 2468 2636 tempore
2493 2566 2808 2638 disciplinae.
2840 2569 3110 2627 Portemus
3136 2575 3278 2629 enim
3302 2590 3540 2649 [πατρομ-

1940 2658 2048 2712 tivo
2072 2657 2254 2722 modo,
2283 2659 2486 2726 dicens,
2522 2662 2646 2717 huic
2675 2666 2901 2734 tempori
2933 2665 3188 2737 loquitur,
3220 2671 3270 2723 in
3299 2688 3403 2741 quo
3436 2672 3536 2728 ho-

1941 2766 2029 2805 mo
2057 2752 2198 2805 nulla
2225 2753 2324 2807 alia
2357 2752 2650 2827 substantia
2678 2766 2782 2823 est,
2807 2774 2965 2828 quam
2988 2775 3113 2816 caro
3135 2772 3185 2817 et
3208 2763 3386 2819 anima
3410 2781 3424 2829 ;
3447 2776 3540 2822 aut

1937 2843 1980 2897 si
2014 2841 2128 2915 (15)
2153 2859 2310 2914 quam
2366 2844 2557 2912 aliam,
2602 2845 2654 2902 id
2701 2858 2819 2914 est,
2865 2852 3142 2908 cmlestem
3180 2855 3535 2913 subsmutiam

1938 2933 2050 2989 luce
2079 2933 2211 2989 lides
2233 2943 2460 3005 Spectat,
2496 2935 2619 2992 huic
2650 2947 2825 2993 tamen
2855 2944 3177 3011 repromissa
3204 2946 3314 3014 sit,
3347 2948 3431 3002 cui
3467 2950 3538 3005 ad

1936 3024 2077 3079 illam
2103 3026 2383 3082 elaborare
2412 3027 2716 3084 mandatur.
2766 3032 2899 3087 Cum
2946 3032 3108 3105 igitur
3152 3038 3436 3108 imaginem
3479 3051 3537 3097 et

1933 3117 2104 3173 choici
2138 3130 2192 3173 et
2225 3120 2462 3175 cwlestis
2492 3122 2544 3175 iu
2581 3126 2989 3182 conversatione
3026 3131 3348 3196 constituat,
3388 3132 3535 3189 illam

228 3231 338 3272 non
366 3218 497 3270 alias
520 3225 693 3271 tamen
720 3214 900 3278 homo,
936 3216 1061 3270 licet
1084 3214 1150 3270 de
1172 3217 1329 3278 coelo,
1362 3213 1462 3267 nisi
1491 3213 1613 3284 quia
1636 3223 1691 3267 et
1713 3213 1826 3282 ipse
1852 3230 1896 3292 ρ
1931 3212 2240 3281 ejerandam
2268 3211 2415 3286 (Μ),
2464 3212 2602 3270 hanc
2627 3232 2754 3271 vero
2796 3221 3141 3288 sectandam;
3202 3222 3399 3281 dehinc
3437 3227 3536 3282 ad-

223 3323 355 3364 caro
399 3320 559 3379 atque
608 3310 814 3376 anima,
855 3307 997 3379 quod
1043 3308 1237 3371 homo,
1281 3306 1420 3377 quod
1451 3305 1658 3370 Adam;
1701 3320 1823 3359 nam

224 3413 281 3456 et
326 3400 406 3476 (6)
443 3417 601 3472 supra
650 3401 975 3457 novissimus
1013 3401 1183 3455 Adam
1216 3398 1393 3454 dietus
1431 3395 1534 3471 (7),
1590 3397 1657 3453 de
1697 3412 1825 3451 con-

222 3495 396 3549 sortio
430 3494 742 3550 substantia:
780 3493 1161 3549 commercium
1201 3493 1432 3546 nominis
1465 3492 1657 3555 traxit;
1700 3492 1823 3561 quia

221 3603 326 3643 nec
351 3586 523 3643 Adam
551 3602 616 3642 ex
649 3584 854 3642 semine
887 3601 1042 3650 caro,
1084 3584 1225 3656 quod
1257 3592 1312 3639 et
1339 3583 1600 3639 Christus.
1643 3582 1824 3651 Qualis

219 3698 346 3753 ergo
380 3682 617 3750 clinicus,
657 3682 781 3736 tales
819 3690 866 3737 et
901 3679 1063 3735 choici
1080 3697 1099 3746 ;
1137 3679 1301 3750 qualis
1329 3679 1574 3742 cretestis,
1614 3677 1740 3731 tales
1772 3688 1822 3730 et

220 3775 465 3831 caelestes.
498 3774 808 3831 Substantia
840 3773 1017 3828 tales?
1061 3788 1128 3826 an
1168 3772 1340 3843 primo
1367 3771 1680 3842 disciplina,
1720 3770 1817 3824 de-

221 3870 349 3925 hinc
368 3878 421 3924 et
441 3868 720 3938 dignitate,
744 3882 902 3938 quam
927 3875 982 3922 et
1003 3865 1279 3935 disciplina
1301 3864 1571 3934 captavit?
1600 3864 1815 3933 Atquin,

219 3960 519 4018 substantia
543 3959 691 4015 nullo
712 3958 871 4016 modo
900 3961 1292 4029 separabantur
1321 3956 1490 4013 choici
1517 3966 1677 4029 atque
1706 3971 1820 4013 cm-

216 4053 414 4119 lestes,
440 4052 607 4108 sener
647 4054 715 4106 ab
740 4050 1002 4120 Apostolo
1031 4050 1278 4105 homines
1308 4049 1458 4105 dicti.
1508 4049 1563 4104 Si
1594 4050 1737 4105 enim
1769 4058 1822 4104 et

213 4126 465 4204 Christus
502 4145 650 4201 solus
688 4158 815 4199 vere
842 4141 1114 4209 caelestis,
1155 4141 1265 4197 imo
1304 4152 1358 4197 et
1397 4141 1816 4212 supercmlestis,

218 4237 384 4292 homo
412 4247 610 4299 tamen,
643 4249 744 4304 qua
782 4230 861 4304 (8)
905 4246 1031 4288 caro
1083 4240 1247 4303 atque
1300 4232 1511 4298 anima,
1554 4232 1722 4287 nihilo
1751 4246 1818 4287 ex

216 4332 319 4386 ista
356 4327 774 4384 substautiarum
802 4325 1112 4382 conditione
1140 4340 1172 4381 a
1210 4325 1394 4383 choica
1424 4326 1677 4397 qualitate
1708 4324 1821 4381 dis-

1924 3303 2111 3374 jungat
2160 3302 2274 3376 (l5)
2319 3323 2331 3359 :
2375 3305 2487 3360 Hoc
2542 3308 2675 3361 enim
2735 3310 2869 3375 dico,
2938 3311 2986 3365 id
3048 3322 3151 3380 est,
3218 3327 3436 3387 propter
3469 3336 3557 3379 ea

1928 3411 2046 3466 qum
2062 3394 2081 3467 (
2096 3396 2107 3449 l
2123 3394 2177 3469 6)
2195 3412 2353 3466 supra
2370 3397 2476 3452 disi
2493 3396 2822 3471 (coniunctio
2836 3405 3070 3460 estcnim
3095 3422 3285 3471 sensus
3314 3413 3530 3471 supple-

1929 3500 2168 3543 mentum
2198 3492 2638 3548 antecedentibus
2666 3494 2954 3569 retldeus),
2995 3501 3133 3570 quod
3165 3519 3284 3558 caro
3323 3516 3371 3559 et
3408 3524 3531 3563 san-

1927 3583 2040 3652 guis
2068 3600 2279 3654 rcgaum
2311 3583 2406 3638 Dei
2437 3585 2723 3640 [nereditati
2754 3589 3012 3657 possidere
3040 3609 3141 3648 non
3172 3607 3420 3665 possunt;
3450 3604 3533 3656 tti-

1928 3673 2001 3728 hil
2023 3674 2163 3729 aliud
2192 3676 2414 3745 intelligi
2446 3677 2662 3732 mandat
2690 3674 2805 3753 (17)
2849 3696 3066 3739 carnem
3093 3695 3147 3741 et
3190 3691 3530 3760 sanguinem,

1926 3782 2085 3836 quam
2113 3767 2471 3836 supradiCtam
2501 3769 2784 3841 imaginem
2817 3771 3030 3831 choici:
3062 3792 3183 3848 quae
3227 3780 3271 3835 si
3314 3783 3364 3836 in
3401 3799 3534 3841 cott~

1927 3859 2230 3914 versatione
2261 3870 2511 3915 censetur
2537 3863 2838 3927 vetustatis,
2871 3869 3211 3926 conversatio
3236 3885 3412 3929 autem
3439 3892 3530 3931 vc-

1927 3953 2137 4006 tustatis
2163 3966 2267 4006 non
2296 3952 2439 4021 capit
2491 3951 2605 4025 (18)
2654 3955 2743 4011 Dei
2772 3972 3025 4027 regnum,
3062 3961 3285 4032 proinde
3309 3980 3434 4020 caro
3475 3979 3533 4025 ct

1925 4045 2175 4115 sanguis,
2207 4058 2313 4099 non
2345 4045 2607 4116 capiendo
2640 4046 2730 4103 Dei
2762 4064 3017 4121 regnum,
3061 4054 3126 4108 ad
3154 4062 3527 4117 conversatio-

1928 4153 2046 4193 nem
2079 4137 2390 4207 rediguntur
2420 4141 2701 4194 vetustatis
2751 4137 2892 4216 (l9).
2948 4143 3149 4214 Plane,
3183 4149 3227 4204 si
3254 4165 3528 4223 nunquam

1927 4228 2212 4299 Apostolus
2240 4243 2335 4298 pro
2363 4230 2615 4300 operibus
2653 4231 3005 4292 substantiam
3043 4241 3254 4310 posuit,
3298 4260 3398 4300 nec
3442 4247 3529 4305 hic

1926 4323 1995 4377 ita
2025 4332 2221 4377 utatur.
2257 4321 2314 4377 Si
2346 4337 2474 4377 vero
2511 4324 2563 4378 in
2595 4338 2757 4382 carne
2778 4327 2954 4395 adhuc
2981 4334 3318 4405 constitutos,
3357 4354 3524 4411 nega-

2628 3562 2888 3576 —

1436 4441 1822 4500 LECTIONES
1859 4437 2278 4495 VARIANTES.

276 4538 354 4663 ii}
388 4535 1137 4663 £3$£i‘.‘t£“ilit£f"s££lf"t

302 4589 354 4665 2)
388 4601 589 4665 Nonnisi
610 4598 728 4665 alias
750 4596 1083 4665 Blatt._§eial.
1115 4612 1214 4650 non
1237 4598 1356 4650 alias
1375 4600 1449 4650 sic
1472 4601 1612 4651 Pam.
1647 4597 1811 4652 Puris.
1841 4589 1893 4649 D

212 4657 373 4716 trait.
398 4678 491 4715 nou
517 4662 639 4711 alias
662 4663 709 4711 in
735 4662 844 4711 cod.
878 4657 1065 4713 Wou'w.

299 4726 354 4786 5)
390 4727 483 4786 Qui
507 4719 661 4777 Rhea.
686 4721 837 4786 Scml,

307 4783 352 4850 Δ)
387 4783 736 4850 Supergravatl
757 4783 868 4850 alii.

298 4849 351 4912 ὃ)
387 4849 530 4912 Quasi
556 4851 697 4912 _Pam.
724 4849 875 4912 Fraa.

297 4908 349 4964 61
383 4908 485 4964 Etsi
507 4908 660 4964 Rhea.
685 4911 833 4962 Seml.

298 4970 342 5026 7'
384 4975 533 5026 Dicet
552 4970 704 5027 Rhea.
731 4971 884 5025 Setul.

298 4981 350 5165 8)
386 5037 539 5115 Quam
561 5035 713 5088 Rhea.
740 5035 884 5087 Seml.

298 5102 329 5151 9
385 5106 438 5150 δι
463 5102 681 5151 etPam.
704 5101 828 5150 Par.

328 4726 354 4978 ἐ

297 5035 350 5097 8)
386 5037 539 5097 Quam
561 5035 713 5088 Rhea.
740 5035 894 5087 Seml.

297 5099 346 5151 91
385 5099 438 5150 Si
463 5108 516 5151 et
538 5102 681 5151 Pam.
704 5101 828 5150 Par.

2015 4532 2089 4597 I0)
2121 4532 2204 4597 Sic
2228 4538 2423 4597 putatur
2446 4532 2598 4586 Illten.
2622 4535 2773 4591 Serui.

2015 4597 2087 4659 tl)
2127 4596 2318 4646 Ponere
2344 4599 2486 4659 Pam.
2513 4600 2636 4648 Par.
2664 4601 2820 4653 Fraa.

2014 4656 2087 4720 12)
2122 4660 2189 4707 Dii
2213 4660 2336 4721 forte
2354 4656 2539 4721 melius.
2567 4661 2698 4713 Edd.

2010 4716 2086 4783 15)
2122 4716 2221 4783 Aut
2236 4727 2282 4772 et
2303 4723 2342 4771 si
2368 4716 2510 4783 (then.
2538 4724 2688 4774 Semt.

2013 4780 2087 4845 14)
2125 4782 2399 4845 Gercndam
2423 4780 2574 4836 R/ten.
2596 4786 2748 4839 Seml.

2013 4844 2086 4909 lii)
2122 4844 2353 4909 Adiungit.
2375 4846 2524 4909 Rhea.
2548 4849 2696 4901 Seml.

2011 4908 2086 4970 lti)
2124 4909 2242 4968 Quae
2261 4911 2283 4958 ?
2304 4922 2415 4970 qum
2435 4908 2587 4961 Rhea.

2011 4970 2088 5030 17)
2125 4970 2351 5021 Mandant
2373 4973 2516 5022 Pam.
2554 4976 2677 5025 Par.
2704 4977 2859 5030 Fraa.

2013 5031 2086 5096 l8)
2123 5032 2290 5096 Capiet
2311 5031 2465 5096 Rhea.
2485 5033 2637 5086 Seml.

1983 5094 2086 5161 (19)
2123 5094 2357 5146 Veritatis
2377 5095 2525 5147 Rhea.
2543 5097 2691 5150 Seml.

1581 5176 2140 5236 COMMENTARIUS.

202 5301 354 5360 nulla
375 5342 392 5368 ,
429 5307 489 5356 ut
526 5297 689 5355 robur
723 5295 1124 5368 consequentiae
1157 5295 1266 5351 divi
1294 5290 1443 5351 Pauli
1469 5307 1498 5347 a
1530 5307 1805 5350 resurrec-

200 5378 354 5432 tione
372 5367 576 5428 Christi
599 5367 993 5426 ostenderetur.
1020 5367 1152 5424 Lac.

276 5442 361 5574 (ir)
400 5442 657 5499 Vicarium
693 5441 967 5510 baptisma.
1011 5440 1100 5495 Sic
1124 5436 1379 5509 vicariam
1411 5444 1636 5492 mortem
1666 5434 1802 5491 dixit

276 5540 283 5574 t
323 5531 409 5573 tus
440 5513 672 5570 Declam.
702 5512 790 5568 19.
821 5510 942 5569 th.

197 5510 942 5589 Fabihs_0eclam._19.th.
1235 5579 1247 5589 _
1474 5578 1487 5589 ι
1600 5576 1614 5589 ,
1704 5578 1732 5589 γ,

275 5587 372 5664 (b)
403 5579 1305 5664 Bestius.(asiaticw_pressurte.hAn
1349 5592 1444 5664 per
1474 5578 1570 5664 has
1600 5576 1799 5664 bestias

197 5649 468 5731 intclligat
508 5656 833 5731 seditionem
865 5649 1062 5731 Ephesi
1110 5667 1141 5707 a
1184 5649 1454 5707 Demetrio
1493 5649 1798 5731 argentario

197 5717 554 5794 concitatam,
586 5743 688 5780 tim:
718 5726 869 5780 facile
896 5717 1161 5790 dicerem;
1188 5736 1319 5794 pace
1342 5731 1519 5794 tamen
1541 5717 1796 5773 eruditio-

199 5820 318 5860 rum
352 5790 635 5859 hominum
667 5797 934 5859 dixerim;
980 5810 1098 5848 nam
1142 5790 1261 5848 cum
1306 5790 1491 5846 bestiis
1531 5802 1796 5860 pugnasse

197 5858 411 5936 certum
436 5880 557 5936 est;
585 5866 678 5923 sed
704 5882 876 5939 pugna
902 5858 988 5921 illa
1017 5864 1210 5935 Ephesi
1237 5861 1456 5932 contigit
1484 5858 1801 5932 postscrip.

1911 5290 2331 5372 tamepisto-lam
2362 5290 2533 5372 hauc.‘
2554 5308 2712 5372 quam
2745 5296 2963 5372 scripsit
2988 5300 3208 5372 Ephesi.
3236 5306 3312 5363 LE
3345 5310 3440 5368 l‘n.
3504 5271 3539 5324 ’-

1975 5362 2129 5444 ῼΑΡ.
2163 5360 2341 5444 ξων.
2367 5393 2435 5403 -
2467 5361 2540 5435 (e)
2567 5360 2869 5444 Secundum
2892 5360 3189 5429 liniamenta
3215 5360 3514 5441 Clu-istiia-

1904 5434 2151 5514 cedeates.
2187 5433 2482 5514 Imitantes'
2515 5433 3011 5514 conversationem,
3052 5461 3211 5511 quant
3267 5433 3513 5514 ornatius

1902 5505 2069 5577 gessit
2085 5506 2135 5559 itt
2154 5519 2335 5581 carne.
2361 5504 2663 5561 Bernardus
2684 5511 2901 5581 seruum
2927 5504 3187 5579 psal.XC.
3209 5504 3357 5574 Utnlc

1901 5575 2394 5653 cetagnoscendus
2444 5593 2551 5653 pra:
2594 5580 2803 5653 caneris
2845 5575 3124 5653 Christus,
3179 5575 3467 5653 sanctitate

1896 5641 2123 5727 iustitia,
2157 5647 2399 5727 veritate.
2440 5641 2558 5727 Sic,
2599 5648 2737 5704 libro
2780 5654 2854 5727 ad
2888 5641 3209 5727 Marcionem
3241 5641 3511 5727 trinis};

1903 5721 1994 5775 Dei
2026 5718 2225 5800 habere
2252 5719 2427 5799 anima
2456 5720 2681 5800 dicitur.
2707 5735 2806 5800 qua
2842 5724 3182 5794 itmnortalis,
3206 5718 3308 5800 qua
3339 5718 3508 5796 libera

1901 5804 1953 5844 et
1981 5791 2059 5843 sui
2091 5789 2316 5870 arhitrii,
2342 5805 2438 5856 qui
2472 5792 2692 5862 pri-scin
2724 5789 3078 5865 plerumque,
3110 5789 3277 5870 eaan
3301 5789 3507 5869 intelle:

1900 5872 2016 5917 ctus
2038 5870 2089 5917 ct
2109 5868 2369 5916 SCtCllllLL'.
3141 5868 3264 5932 lita.

3633 3465 3656 3497 φ
