4052 6286
534 311 643 375 867

1975 304 2436 372 TERTULLIANI

3727 304 3841 374 868

532 436 610 494 vlt
634 431 826 495 essein
848 448 1027 504 carne,
1056 430 1110 490 in
1135 430 1386 503 oneribus
1411 430 1590 489 carnis
1618 444 1818 504 negans
1843 446 1983 516 esse,
2017 422 2123 487 ior-
2148 429 2204 494 Α
2228 428 2417 487 Merito
2451 428 2587 499 sola,
2632 437 2688 488 et
2714 444 2813 503 per
2849 427 3136 504 semetipsa
3166 446 3180 498 ;
3214 436 3273 488 nt
3318 430 3632 491 ostenderet
3656 431 3843 491 adhuc

531 539 675 585 mam
703 526 819 599 ejus
844 526 1105 583 subruere
1134 542 1238 582 non
1265 526 1460 592 debes,
1492 540 1595 580 non
1622 526 2003 591 substantiam,
2029 525 2125 582 sed

530 635 693 690 opera
718 620 1029 676 substantia:
1052 619 1336 674 alienautis
1358 636 1386 673 a
1411 620 1503 673 Dei
1526 634 1711 690 regno.
1739 617 1941 688 Quibus
1963 620 2123 673 etiam

527 712 594 768 ad
625 711 842 769 Galatas
871 712 1253 779 tnanifestatis,
1300 711 1591 782 praedicere
1632 727 1691 766 se
1727 722 1780 767 ct
1817 711 2127 780 prazdixisse

530 808 813 880 proﬁtetur
837 806 979 881 (Gal.
1008 804 1091 880 ν),
1117 807 1255 876 qttod
1285 808 1368 877 qui
1398 807 1522 861 (alia
1572 817 1727 878 agunt
1770 804 1871 879 (l),
1918 824 2128 880 regnum

530 900 630 957 Dei
658 918 759 957 non
811 911 925 956 sunt
956 898 1033 974 (2)
1065 894 1380 954 itteredidotc
1431 901 1788 965 consecuturi,
1839 916 1943 955 non
2002 917 2127 970 por-

529 999 708 1050 tantes
764 993 969 1049 scilicet
1032 993 1319 1063 imaginem
1367 992 1643 1055 cmlestis,
1688 992 1826 1047 sicut
1882 1001 2127 1060 portave«

532 1082 954 1159 rnut(3)choici,
993 1083 1219 1153 ideoque
1248 1100 1311 1139 ex
1338 1093 1519 1139 vetere
1542 1084 1971 1151 conversatione,
2001 1080 2131 1138 nihil

532 1180 677 1237 aliud
707 1179 992 1249 deputandi
1043 1175 1143 1252 (4),
1168 1194 1354 1250 ,(ιιιιιιιι
1369 1194 1527 1252 Δρειιό
1573 1187 1627 1234 et
1651 1178 1887 1249 sanguis.
1920 1178 2051 1233 Nam
2079 1186 2134 1234 et

533 1272 578 1329 si
623 1271 803 1327 subito
842 1272 898 1326 in
937 1271 1073 1326 hanc
1114 1246 1483 1326 deiiuitior'xem
1514 1271 1781 1341 erupisset
1820 1270 2130 1342 Apostolus,

532 1365 916 1425 eliminandam
947 1380 1167 1431 carnem
1196 1372 1247 1419 et
1277 1366 1590 1435 sanguinem
1621 1381 1649 1418 a
1676 1365 1767 1419 Dei
1799 1380 1985 1435 regno,
2016 1364 2133 1418 sine

531 1459 694 1514 ullius
724 1472 882 1528 supra
918 1472 1109 1513 sensus
1153 1456 1581 1526 prmstructione,
1616 1472 1792 1511 nonne
1835 1454 1968 1510 duas
2004 1455 2135 1511 istas

533 1552 859 1608 substantias
898 1548 1125 1620 proinde
1170 1551 1444 1605 hominem
1475 1557 1708 1605 veterem
1755 1549 2136 1618 interpretare-

533 1659 655 1701 ntur
688 1642 769 1718 (5)
822 1643 968 1699 carni
1019 1652 1075 1698 et
1114 1640 1355 1713 sanguini
1403 1639 1670 1704 deditum,
1705 1639 1756 1697 id
1786 1650 1901 1707 est,
1937 1641 2053 1697 esui
2084 1650 2138 1695 et

533 1737 717 1808 potiti;
747 1736 899 1805 cujus
925 1736 993 1789 sit
1020 1733 1199 1790 dicere
1220 1733 1477 1788 adversus
1499 1732 1656 1788 ﬁdem
1686 1734 2129 1788 resurrectionis:

2230 523 2475 594 spiritum
2507 522 2610 579 illis
2639 524 3000 580 necessarium
3034 524 3294 595 :Spiritus
3320 526 3462 582 enim
3500 537 3573 581 est
3596 526 3689 596 tyui
3715 526 3845 582 vivi-

2231 616 2350 686 βοαί
2382 617 2433 673 in
2462 632 2682 687 regnum
2714 618 2826 684 Dei,
2854 634 2972 672 caro
3011 618 3139 673 nihil
3181 616 3406 688 prodest.
3438 615 3709 675 Prodesse
3757 630 3847 674 ta-

2234 725 2354 763 men
2397 707 2473 763 illi
2521 706 2601 780 (8)
2650 708 2794 764 aliud
2823 717 3024 780 potest,
3074 709 3123 763 id
3147 721 3228 765 eSt
3250 708 3484 781 Spiritus,
3518 719 3572 767 et
3607 726 3705 783 per
3729 708 3909 782 ηιξ-ρ

2232 800 2417 863 ritum,
2463 814 2627 869 opera
2672 815 2887 871 quoque
2927 799 3170 872 spiritus.
3195 800 3501 872 Resurgunt
3545 802 3727 874 itaque
3770 817 3844 857 ex

2232 891 2499 967 a'quo.(9)
2523 894 2698 950 omnis
2719 910 2845 950 caro
2874 903 2928 951 et
2954 894 3171 966 sanguis
3198 895 3249 950 in
3279 895 3538 966 qualitate
3581 909 3701 949 sua.
3725 893 3845 952 Sed

2233 1004 2459 1058 quorum
2487 997 2567 1043 est
2587 986 2703 1062 (l0)
2730 988 2877 1043 adire
2900 1004 3118 1058 regnum
3146 987 3259 1055 Dei,
3285 987 3507 1044 induere
3534 987 3650 1062 (11)
3678 1004 3848 1059 Opor-

2237 1079 2369 1135 tebit
2407 1078 2513 1135 vim
2555 1078 3077 1153 incorruptibilitatis
3123 1091 3176 1137 et
3227 1076 3847 1149 immurtaiitatis,‘sine

2236 1189 2339 1243 qua
2366 1189 2587 1243 regnum
2621 1173 2713 1229 Dei
2743 1173 2894 1229 adire
2921 1190 3028 1228 non
3061 1184 3319 1244 possunt]
3331 1183 3619 1246 antequam
3650 1188 3849 1232 conse-

2237 1266 2325 1336 qui
2374 1281 2493 1320 eam
2538 1266 2761 1336 possint.
2818 1264 3006 1321 Merito
3066 1280 3196 1338 ergo
3230 1281 3358 1322 caro
3394 1276 3447 1322 et
3496 1267 3737 1338 sanguis.
3786 1275 3852 1322 ut

2238 1358 2493 1425 diximus,
2519 1360 2629 1414 sola
2653 1374 2872 1430 regnum
2910 1358 3003 1414 Dei
3029 1374 3224 1428 capere
3250 1358 3528 1415 deiieiunt.
3562 1360 3683 1417 Jam
3712 1376 3848 1417 vero

2238 1468 2359 1507 cum
2384 1451 2628 1507 devorari
2670 1453 2863 1508 habeat
2902 1454 3264 1522 corruptivum
3316 1453 3457 1509 istud
3499 1453 3568 1509 ab
3601 1454 3848 1510 incorru-

2241 1545 2550 1616 ptibilitate.
2583 1544 2633 1600 id
2662 1553 2747 1601 est
2772 1560 2920 1613 caro,
2947 1554 3003 1602 et
3027 1544 3253 1600 mortale
3272 1544 3439 1610 istud,
3467 1546 3535 1600 ab
3573 1546 3848 1602 immorta-

2243 1637 2413 1702 litate,
2447 1636 2498 1692 id
2530 1647 2636 1701 est,
2668 1638 2887 1708 sanguis
2915 1649 3031 1707 post
3064 1637 3517 1694 resurrectionem
3547 1655 3616 1695 ex
3658 1639 3849 1695 demu.

2245 1732 2474 1795 latione;
2510 1730 2729 1795 merito,
2762 1746 2865 1784 non
2898 1727 3010 1802 (12)
3042 1729 3312 1784 demutata
3347 1745 3410 1785 ac
3435 1730 3691 1787 devorata
3720 1746 3847 1789 caro

535 1828 909 1883 Munducemus
936 1837 980 1881 et
1007 1825 1255 1891 bibamus,
1284 1842 1398 1880 cras
1428 1827 1560 1880 enim
1588 1825 1905 1880 moriemur?
1942 1824 2008 1880 Et
2035 1825 2136 1880 hoc
2166 1828 2214 1891 B
2241 1831 2297 1877 et
2340 1821 2586 1892 sanguis,
2632 1838 2855 1890 regnum
2905 1821 2997 1877 Dei
3051 1821 3363 1878 haereditate
3409 1820 3527 1895 (l3)
3572 1823 3850 1892 possidere

535 1922 679 1978 cnim
713 1922 996 1977 iuiulciens
1027 1921 1319 1992 Apostolus
1342 1963 1356 1986 ,
1389 1935 1608 1974 carnem
1639 1930 1691 1974 et
1723 1922 2034 1991 sanguinem
2066 1920 2135 1975 de

534 2015 796 2073 fruetibus
822 2016 1082 2085 ipsorum,
1113 2011 1471 2067 manducaudi
1499 2020 1554 2067 et
1580 2012 1815 2082 bibendi,
1840 2013 2127 2085 sugillavit.

1162 2103 1245 2158 CA
1257 2103 1388 2160 PUT
1448 2104 1506 2159 L.

607 2197 714 2255 Sed
744 2206 799 2254 et
839 2196 923 2271 (6)
978 2197 1194 2253 omissis
1254 2195 1559 2265 huiusmodi
1606 2195 2131 2265 interpretationibus

2241 1932 2349 1970 non
2381 1916 2494 1986 (14)
2539 1924 2782 1985 possunt,
2823 1930 2929 1970 non
2970 1923 3147 1972 tamen
3198 1911 3315 1989 (l5)
3347 1919 3684 1973 resuscitata.
3714 1918 3852 1972 Sunt

2248 2013 2332 2081 qui
2360 2026 2578 2065 carnem
2610 2021 2661 2065 et
2685 2012 2999 2082 sanguinem
3029 2009 3102 2082 (ε)
3125 2010 3461 2066 Judaismum
3489 2013 3655 2068 velint
3679 2014 3849 2085 accipi

2250 2112 2466 2171 promer
2510 2103 3023 2170 circumcisionem,
3074 2104 3306 2158 alienum
3356 2115 3411 2161 et
3456 2105 3633 2176 ipsum
3675 2121 3705 2161 a
3754 2106 3851 2163 Dei

2246 2211 2442 2268 regno;
2472 2198 2592 2267 quia
2624 2205 2679 2253 et
2720 2198 2813 2253 ille
2845 2198 3095 2254 vetustati
3133 2197 3440 2270 deputetur,
3471 2208 3530 2255 et
3557 2199 3660 2256 hoc
3699 2199 3853 2255 titulo

458 2316 509 2336 --
538 2292 717 2347 carnis
744 2300 798 2347 et
818 2291 1094 2364 sanguinis
1118 2306 1279 2361 opera
1306 2290 1633 2357 laxantibus,
1655 2287 1732 2361 (ιι)
1754 2290 1898 2360 ipsas
1925 2306 2139 2362 quoque
2238 2287 2348 2359 jam
2389 2300 2443 2345 et
2472 2288 2597 2344 alibi
2624 2288 2690 2344 ab
2720 2289 2980 2360 Apostolo
3006 2290 3314 2357 denotetur,
3355 2291 3446 2362 qui
3487 2302 3607 2360 post
3644 2291 3853 2348 revela-

539 2384 867 2440 substantias
907 2425 923 2450 ,
990 2399 1097 2437 non
1161 2383 1318 2437 aliter
1367 2398 1525 2450 quant
1597 2392 1722 2436 sunt
1775 2382 2076 2437 intellectas
2119 2423 2136 2448 ,

538 2476 722 2534 licebit
779 2474 1153 2530 resurrectioni
1224 2473 1543 2529 vindicare:
1604 2489 1711 2529 non
1765 2477 1910 2529 enim
1964 2490 2140 2529 resur-

537 2569 707 2627 rectio
753 2568 899 2623 carni
949 2576 1005 2623 et
1050 2567 1294 2638 sanguini
1347 2566 1553 2621 directo
1614 2577 1837 2636 negatur
1891 2564 1992 2639 (7),
2044 2565 2138 2623 sed

539 2660 636 2718 Dei
688 2675 933 2731 regnum,
978 2658 1120 2729 quod
1169 2657 1387 2714 obvenit
1430 2659 1846 2723 resurrectioni;
1881 2657 1988 2731 (b)
2020 2659 2143 2732 (est

537 2762 717 2810 autem
747 2762 801 2809 et
826 2752 877 2809 in
900 2751 1158 2823 judicium
1200 2749 1582 2824 resurrectio);
1612 2751 1719 2806 imo
1754 2760 1808 2807 et
1854 2754 2142 2809 conﬁrma-

441 2852 517 2903 σί
539 2856 629 2901 tur
653 2845 832 2902 carnis
858 2845 1183 2901 resurrectio
1201 2843 1489 2915 generalis,
1511 2860 1630 2899 cum
1660 2844 1908 2914 specialis
1936 2845 2139 2916 excipi-

538 2948 649 2995 tur.
680 2937 819 2994 Dum
841 2939 983 2994 cnim
1007 2937 1060 2993 in
1084 2954 1240 3008 quem
1267 2946 1461 2993 statum
1491 2955 1595 2992 non
1619 2949 1863 3009 resurgat
1891 2939 2139 3007 edicitur,

539 3031 595 3088 in
610 3046 770 3104 quem
786 3042 1028 3102 resurgat
1045 3028 1382 3085 subauditur.
1398 3030 1573 3100 Atque
1589 3031 1657 3084 ita
1675 3029 1801 3085 dum
1823 3046 1919 3102 pro
1938 3032 2142 3091 meritis

465 3151 514 3165 υ·
540 3124 938 3181 disdnetionem
970 3122 1379 3177 resurrectionis
1402 3136 1536 3193 Opus
1565 3121 1898 3188 substantia},
1932 3139 2034 3178 non
2058 3139 2144 3195 ge-

2245 2391 2354 2436 tum
2397 2383 2448 2437 in
2495 2398 2556 2438 se
2599 2381 2792 2438 Filium
2836 2383 2950 2452 Dei,
2999 2382 3064 2439 ad
3110 2383 3590 2454 evangelizandum
3633 2400 3755 2442 eum
3802 2384 3859 2441 in

2244 2476 2547 2532 nationibus
2570 2517 2586 2543 ,
2617 2478 2791 2532 statim
2824 2475 2893 2553 (f)
2920 2495 3023 2535 non
3049 2479 3277 2533 retulerit
3304 2477 3374 2532 ad
3410 2494 3618 2534 carnem
3662 2488 3710 2535 et
3737 2496 3865 2535 san-

2243 2568 2446 2640 guinem
2480 2567 2623 2639 (ϐαι.
2659 2568 2725 2639 l),
2757 2568 2810 2624 id
2845 2580 2928 2624 est
2963 2568 3029 2624 ad
3078 2569 3568 2637 circumcisionem,
3601 2569 3656 2627 id
3683 2580 3768 2628 est
3794 2569 3866 2627 ad

2244 2655 2604 2727 Judaisutum,
2631 2660 2770 2716 sicut
2796 2650 2860 2715 ad
2892 2659 3111 2717 Galatas
3136 2660 3342 2718 scribit.

2866 2753 3095 2812 CAPUT
3133 2753 3218 2813 LI.

2317 2846 2423 2905 Sed
2454 2863 2553 2920 pro
2583 2847 2831 2904 omnibus
2848 2846 2959 2920 jam
3008 2847 3193 2916 stabit,
3234 2849 3378 2921 quod
3415 2851 3469 2906 in
3498 2848 3614 2924 (l6)
3647 2847 3872 2909 clausu-

2248 2941 2355 2997 lam
2408 2941 2823 3010 reservavimus,
2872 2941 3034 2998 etiam
3070 2957 3167 3012 pro
3206 2941 3468 3013 Apostolo
3507 2944 3627 3014 ipso
3672 2959 3873 3001 revera

2250 3034 2497 3089 maximae
2527 3032 2997 3090 ineonsiderantiae
3023 3035 3378 3103 revinceudo,
3401 3035 3444 3090 si
3477 3044 3588 3090 tam
3611 3036 3868 3108 abrupte,

2250 3139 2307 3183 ut
2330 3127 2543 3194 quidam
2574 3127 2778 3194 volunt,
2805 3126 3023 3194 clausis,
3047 3130 3189 3198 quod
3205 3127 3581 3199 aiunt.oeulis,
3613 3128 3737 3185 sine
3761 3129 3878 3184 dis-

542 3234 664 3284 nus,
681 3217 1124 3289 patitur,apparet
1142 3216 1265 3270 hinc
1282 3230 1495 3286 quoque
1510 3230 1725 3270 carnem
1739 3216 2137 3287 etsanguiuem,
2169 3220 2214 3284 C
2249 3220 2531 3287 tinctione,
2561 3220 2678 3276 sine
2721 3218 3053 3285 conditione,
3104 3236 3320 3276 omnem
3342 3221 3539 3291 passim
3570 3236 3794 3278 carnem
3818 3230 3878 3277 ει

542 3308 762 3365 nomine
785 3307 978 3378 culpat,
1003 3322 1108 3361 non
1155 3306 1489 3373 substantiae,
1522 3308 1693 3361 arceri
1739 3321 1770 3360 a
1806 3306 1899 3362 Dei
1950 3322 2145 3378 regno;

544 3402 764 3459 nomine
790 3409 967 3456 tamen
988 3399 1173 3455 forma:
1214 3396 1286 3472 (c)
1315 3414 1596 3470 resurgere
1623 3400 1676 3454 in
1700 3399 1958 3469 judicium
1978 3444 1994 3469 ,
2026 3403 2147 3472 quia

542 3507 653 3549 non
681 3500 963 3562 resurgant
999 3489 1052 3546 in
1082 3505 1325 3562 regnum.
1356 3488 1434 3565 (ά)
1473 3489 1664 3547 Adhuc
1702 3490 1874 3547 dicam
1901 3510 1914 3545 :
1944 3491 2074 3547 Caro
2104 3502 2151 3548 et

545 3584 757 3658 sanguis
799 3600 1010 3657 regnum
1051 3582 1145 3639 Dei
1188 3583 1484 3639 hereditate
1505 3584 1764 3654 possidere
1790 3602 1890 3641 non
1917 3598 2148 3658 possunt.

2250 3313 2566 3381 sanguinem
2594 3327 2623 3366 a
2645 3326 2810 3383 regno
2835 3311 2930 3367 Dei
2952 3312 3177 3368 extrusit
3199 3308 3338 3386 (l7),
3363 3313 3545 3384 utique
3573 3321 3633 3370 et
3656 3312 3730 3370 ab
3756 3313 3878 3385 ipsa

2253 3405 2398 3476 regia
2429 3406 2712 3472 emlorum;
2754 3421 2875 3460 eum
2905 3405 3012 3462 illic
3037 3405 3215 3462 adhuc.
3241 3406 3429 3463 sedeat
3449 3406 3609 3463 Jesus
3636 3407 3707 3464 ad
3736 3408 3882 3465 dex-

2255 3506 2422 3552 teram
2468 3497 2661 3563 Patris,
2713 3498 2897 3565 homo,
2936 3499 3035 3555 etsi
3080 3499 3252 3567 Deus;
3301 3500 3472 3556 Adam
3513 3501 3877 3563 novissimus.

2254 3589 2354 3645 etsi
2383 3586 2577 3644 Sermo
2605 3589 2924 3661 primarius;
2965 3605 3095 3648 caro
3137 3601 3193 3648 et
3239 3592 3477 3664 sanguis,
3527 3582 3631 3652 etsi
3670 3593 3880 3652 nostris

1782 3699 2163 3760 LECTIONES
2204 3700 2615 3759 VARIANTES.

613 3814 687 3938 (at!)
722 3814 885 3891 A'gant
907 3813 1061 3868 Rhen.
1086 3814 1241 3867 Seml.

671 3885 687 3938 )
720 3875 1001 3932 SmtIthen.
1027 3875 1177 3929 Semt.

635 3875 687 3932 2i
720 3875 829 3930 Sint
848 3875 1001 3932 Eheu.
1027 3875 1177 3929 Semt.

668 3885 691 4190 ἑ

2323 3809 2427 3875 (10)
2464 3811 2551 3865 Est
2570 3825 2666 3864 non
2687 3810 2797 3864 hab.
2823 3812 2979 3866 Rhen.
3003 3815 3156 3867 Seml.

2325 3876 2427 3937 (lt)
2468 3875 2711 3926 Inducere
2735 3872 2886 3937 Πήρη.
2909 3876 3059 3928 Seml.

2411 3938 2432 4251 ξ

2325 4061 2344 4322 i

636 3936 688 3995 5i
724 3943 1046 3993 Portaverant
1067 3939 1212 3992 Rhen.
1237 3937 1392 3993 Seml.
1678 3936 1683 3938 ⁷
2322 3936 2430 3995 (12)
2464 3936 2571 3987 Νοιι
2588 3939 2717 3989 abest
2740 3952 2771 3989 α
2794 3936 2943 3989 Rhen.
2968 3938 3119 3990 Semt.

636 3947 665 3995 5
724 3946 1046 3993 Portaverant
1067 3946 1212 3992 Rhen.
1237 3946 1392 3993 Semt.
2322 3946 2408 3989 tu
2465 3946 2571 3987 Non
2588 3946 2717 3989 abest
2740 3952 2771 3989 α
2794 3946 2943 3989 Rnen.
2968 3946 3119 3990 Semt.

613 3946 691 4120 (ι)
723 4005 1041 4056 Existimandi
1067 4002 1169 4055 alii.
1314 4067 1324 4078 .
2323 3946 2430 4120 (15)
2463 4000 2747 4073 ιξωταιιωιι
2765 3998 3085 4073 Rhen._Semt.
3120 4012 3235 4054 Pen.

639 4071 669 4118 5
727 4067 1114 4120 lnterpretamur
1138 4075 1287 4117 nan.
1312 4069 1729 4120 Interpretaretut'
1752 4062 1904 4117 Men.
1926 4063 2070 4116 Seml.
2326 4061 2408 4120 (1-1
2467 4063 2572 4113 hon
2591 4062 2723 4114 abest
2745 4077 2777 4113 a
2794 4067 2961 4116 Pam.

639 4062 691 4135 5)
727 4067 1114 4135 interpretamur
1138 4075 1287 4117 nan.
1312 4067 1729 4129 interpretaretur
1752 4062 1904 4117 Rhea.
1926 4063 2070 4116 Semt.
2326 4062 2430 4135 (tt)
2461 4063 2572 4135 gon
2591 4062 2723 4135 abest
2745 4077 2777 4113 a
2794 4062 2961 4135 tignis.

640 4122 690 4179 ni
727 4129 788 4179 Et
805 4122 960 4179 oniitt.
990 4137 1137 4178 Fran.
1448 4122 1463 4129 ’
2325 4122 2432 4179 (15)
2461 4124 2567 4175 Non
2590 4124 2725 4177 abest
2747 4139 2781 4175 (ι
2802 4122 2954 4179 Rhen.
2979 4124 3133 4179 Seml.

640 4186 691 4254 7)
726 4196 1009 4254 Denegatut‘
1025 4192 1172 4254 fam.
1199 4190 1354 4241 Fran.
2326 4186 2429 4254 (id)
2464 4186 2518 4254 [ιι
2536 4186 2689 4254 omiu.
2714 4186 2871 4254 send.

639 4246 690 4314 8')
726 4251 828 4317 I_llis
849 4246 1168 4317 Pam.Fran.
1220 4315 1242 4317 _
1327 4309 1340 4317 .
2178 4297 2232 4317 ἢ
2325 4246 2425 4317 (17)
2464 4249 2697 4302 Extruxit
2717 4246 2869 4303 Rhea.

639 4297 692 4379 si
728 4297 1179 4378 meamea.
1206 4309 1357 4364 Semt.
2177 4297 2234 4358 D

1876 4416 2439 4480 COMMENTARIUS.

627 4565 780 4625 CAP.
823 4563 884 4619 L.
907 4635 912 4636 γ
932 4559 1104 4636 (a)_f-—
1120 4556 1274 4627 Ipsus
1293 4571 1489 4636 quoque
1512 4553 1818 4636 substantias
1836 4596 1849 4618 ,
1879 4558 2159 4636 non-aliter

556 4656 710 4711 quam
740 4646 856 4692 sunt
899 4628 1200 4711 intellectas,
1224 4636 1327 4711 etc.
1353 4628 1472 4682 Alio
1498 4628 1712 4711 tramite
1731 4628 2156 4711 occurritlnrrg.

560 4696 713 4775 t'ieis,
747 4718 803 4761 ut
830 4705 1024 4778 probet
1051 4718 1117 4757 ex
1144 4715 1209 4754 eo
1237 4698 1358 4778 loco
1378 4699 1513 4778 ,_qni
1544 4699 1611 4750 ab
1635 4696 1744 4778 illis
1773 4699 1822 4751 in
1852 4701 2023 4767 pretio
2052 4710 2157 4778 est,

559 4782 626 4837 ad
656 4768 1008 4836 refelle-udum
1039 4772 1446 4827 resurrectioms
1469 4768 1698 4823 earnalis
1724 4780 2046 4835 assertores,
2078 4771 2162 4825 ui-

560 4853 633 4908 ltil
667 4848 875 4913 evinci;
906 4861 1026 4900 nam
1067 4842 1183 4898 etsi
1213 4857 1340 4895 caro
1367 4849 1421 4895 et
1449 4840 1664 4909 sanguis
1691 4840 1873 4913 stricte
1901 4850 1954 4894 et
1993 4841 2163 4912 rigide

560 4939 592 4979 α
632 4921 799 4979 Paulo
836 4910 1240 4983 acciperentur,
1292 4928 1397 4983 non
1441 4925 1536 4981 pro
1572 4910 1823 4979 operibus
1864 4910 2159 4967 carnalium

561 4995 843 5050 hominum
860 5031 882 5054 ,,
914 4982 1260 5042 nihilominus
1290 4982 1715 5054 iniringiguequit
1744 4984 2163 5038 resurrectionis

561 5051 1032 5135 corpot':tlisiitle_s.
1053 5056 1141 5135 Sic
1163 5068 1212 5111 et
1235 5051 1472 5115 [renatus
1491 5051 1685 5135 duplici
1709 5069 1920 5135 quoque
1946 5069 2165 5123 respo"-

561 5123 717 5193 sione
742 5134 807 5188 ad
834 5130 1083 5187 eumdem
1110 5128 1284 5181 locum
1315 5126 1550 5180 occurrit
1581 5123 1865 5178 hiet-elicis.
1902 5125 2029 5180 Lac.

637 5206 717 5281 (b)
753 5205 841 5260 Est
864 5213 1039 5281 autent
1065 5198 1191 5281 etin
1211 5197 1469 5281 judicium
1496 5194 2165 5281 resurrectio;Parentltesi

563 5267 669 5333 hoc
698 5267 907 5331 comma
939 5267 1251 5326 inclusimus
1272 5309 1285 5330 ,
1323 5268 1389 5323 ad
1422 5282 1641 5323 sensum
1668 5267 2027 5335 apertiorem;
2061 5283 2167 5336 quo

563 5349 758 5405 alludit
787 5347 851 5401 ad
885 5344 1013 5400 illud
1039 5340 1201 5409 Lean.
1231 5339 1292 5392 VI
1323 5358 1334 5393 :
1365 5338 1432 5393 Et
1472 5339 1741 5408 precedent
1767 5339 1852 5410 qui
1877 5339 2006 5391 bona
2030 5342 2168 5410 [ece-

564 5432 684 5476 runt
716 5422 767 5474 in
797 5406 1212 5471 resurrectionent
1242 5411 1396 5474 vita;
1429 5406 1513 5481 qui
1544 5425 1659 5463 vero
1690 5406 1831 5461 mala
1859 5406 2082 5479 egerunt,
2114 5411 2169 5464 in

565 5490 987 5548 resurrectionem
1007 5482 1214 5555 judicii.
1249 5482 1386 5538 ΡΑιι.
1424 5552 1463 5555 _
1797 5549 1807 5555 .
1870 5548 1884 5555 _
1912 5537 1920 5545 ,

642 5562 720 5637 (c)
757 5559 977 5615 Nomine
1006 5548 1174 5610 iumen
1204 5557 1403 5637 (arma.
1423 5548 1925 5637 Formamperinde
1951 5564 2015 5637 ac
2039 5550 2170 5637 sub-

567 5621 822 5691 sta‘ut'iant
849 5643 1016 5699 nuper
1036 5621 1263 5693 accepit.
1280 5626 1483 5699 sensus
1513 5634 1601 5699 _eSt
1618 5662 1632 5685 ,
1656 5622 1700 5674 si
1722 5621 1934 5690 quidem
1956 5631 2172 5699 propter

569 5707 784 5777 culpam
816 5692 938 5758 non'
954 5705 1240 5777 resurgant
1283 5695 1350 5750 ad
1394 5692 2168 5777 gloriosamresurrectiouem

568 5761 625 5835 et
665 5761 869 5839 'vitam,
916 5780 1097 5828 tamen
1117 5761 1343 5839 'ratione
1377 5761 1490 5823 sine
1528 5761 1841 5821 substantiae
1890 5773 2173 5839 resurgeut

568 5850 762 5916 Saltem
794 5838 863 5904 ad
888 5840 1171 5919 judicium.
1212 5838 1343 5899 Lac.

2335 4559 2416 4634 (d)
2450 4560 2629 4638 Adhuc
2657 4562 2846 4638 dicam.
2877 4561 3178 4638 Liberalius
3201 4567 3332 4638 agit,
3360 4576 3416 4623 et
3453 4565 3547 4623 dat
3574 4568 3878 4636 hmreticis.

2265 4648 2369 4686 non
2398 4633 2573 4687 'solunt
2600 4637 2635 4687 Α
2648 4635 2913 4707 ρρευιιιιιιι
2936 4635 3078 4707 loqui
3101 4636 3167 4692 de
3186 4633 3317 4707 ipsis
3337 4641 3655 4697 substantiis
3682 4633 3880 4701 striae

2264 4713 2480 4772 accepta
2514 4720 2643 4759 voce
2665 4704 2853 4782 curuis
2880 4717 2925 4759 et
2970 4704 3257 4782 sanguinis;
3301 4711 3395 4766 sed
3434 4719 3489 4766 et
3529 4710 3881 4782 impossibile

2264 4789 2406 4841 esse,
2438 4790 2658 4845 regnum
2704 4777 2793 4831 Dei
2840 4776 3159 4836 hatreditare
3187 4783 3403 4855 carnem
3445 4792 3502 4837 et
3527 4776 3875 4855 sanguinem.

3339 4851 3468 4907 Lac.

2340 4916 2420 4992 (θ)
2450 4916 2584 4992 Sunt
2610 4918 2695 4987 qui
2734 4933 2935 4992 carnem
2965 4930 3011 4974 et
3052 4922 3348 4992 sanguinem
3383 4922 3735 4990 ludaismum.
3765 4934 3876 4983 ac.

2268 4986 2424 5067 Prior
2472 4986 2847 5067 interpretatio
2894 4988 3014 5067 fuit,
3064 4986 3206 5062 quod
3240 5007 3371 5048 raro
3403 5005 3457 5049 et
3482 4986 3736 5067 sanguis,
3764 4997 3873 5054 etsi

2270 5073 2375 5113 non
2403 5060 2452 5138 in
2479 5061 2931 5138 resurrectionem
2970 5060 3095 5138 vitai
3127 5076 3436 5138 resurgant,
3473 5060 3765 5138 resin-gent
3800 5076 3879 5125 ta-

2232 5124 2237 5129 ’
2262 5130 2476 5206 menin
2498 5129 2778 5206 judicium.
2796 5131 3099 5206 Posterior,
3130 5133 3263 5196 haec.
3284 5124 3441 5206 "quod
3462 5124 3661 5191 carni;
3661 5146 3721 5193 et
3748 5153 3877 5194 san-

2270 5200 2448 5278 guinis
2474 5201 2690 5278 nomine
2710 5200 3389 5278 Judaistnnsinjelligatur,
3412 5207 3875 5278 quemadmodum

2270 5272 2535 5334 accipitur
2561 5271 2628 5325 ab
2654 5272 2845 5340 Apost.
2870 5272 2989 5329 Gut.
3022 5276 3060 5329 l.
3084 5271 3225 5332 ΡΑιιζ

2345 5340 2412 5414 (1⁸)
2431 5341 2559 5421 ,Νο-ιι
2590 5344 2760 5421 retulit
2789 5344 2857 5398 ad
2886 5362 3092 5421 carnem
3125 5359 3170 5400 et
3213 5348 3529 5419 sanguinem.
3570 5347 3746 5421 Magis
3782 5364 3876 5405 ex-

2272 5414 2467 5495 pressit
2488 5415 2567 5495 sic
2589 5415 2808 5495 Auctor.
2835 5418 2973 5495 quod
2998 5432 3171 5495 g_r:r_ee
3193 5429 3276 5473 est
3297 5414 3687 5495 ἆροσᾳνᾷιμηνξ
3708 5432 3872 5495 φημι

2272 5484 2363 5558 alii
2387 5484 2662 5558 vertendo,
2689 5502 2792 5539 non
2812 5484 3061 5558 aequest.
3093 5488 3259 5557 Recte
3283 5484 3458 5545 autem
3486 5484 3698 5558 interpr

2273 5490 2363 5539 alii
2387 5490 2662 5547 vertendo,
2689 5502 2792 5539 non
2812 5490 3061 5558 acquievi.
3093 5490 3259 5557 Recte
3283 5490 3458 5545 autem
3486 5491 3599 5548 inte
3668 5502 3698 5546 r
3728 5490 3739 5495 ⁷

2273 5555 2477 5611 Auctor
2500 5554 2832 5633 Judaisntum
2850 5574 3076 5633 carnem
3100 5569 3153 5615 et
3174 5558 3504 5633 sanguinem,
3534 5490 3876 5633 «egi.

2273 5641 2449 5695 neque
2478 5641 2537 5682 se
2564 5628 2815 5684 retulisse
2840 5630 2907 5683 ad
2938 5630 3185 5696 Judreos,’
3202 5620 3374 5699 neque
3400 5630 3464 5685 ad
3491 5620 3881 5692 antecesser

2274 5710 2404 5751 suos
2444 5700 2750 5765 apostolos;
2792 5709 2850 5754 ut
2882 5717 2995 5757 non
3039 5702 3107 5758 sit
3145 5715 3364 5757 necesse
3398 5702 3650 5758 laborare
3678 5703 3750 5758 ad
3796 5700 3882 5761 (Ιὶ-
3920 5716 3952 5765 ,1

2277 5762 2899 5869 ξέἓιιὲιίἓιιι,
2924 5787 3026 5849 qua
3048 5771 3318 5847 apostolos
3351 5774 3624 5832 vocaverrt
3650 5762 3930 5869 cernenti

2276 5846 2333 5898 et
2352 5840 2684 5915 sanguinem.
2707 5840 2844 5901 Pu.
