4052 6286
360 371 469 444 860

1425 374 1632 437 LIBER
1674 378 1760 439 DE
1798 377 2376 445 RESURRECTIONE
2412 386 2678 448 CARNIS.

3298 448 3331 485 χ
3561 400 3667 470 870

360 496 578 569 puriora
608 493 706 572 (a);
741 492 879 554 idem
909 505 1085 555 tamen
1136 507 1191 554 et
1232 496 1528 554 substantia
1555 509 1608 555 et
1639 499 1825 568 forma,
1858 518 1959 573 qua
1988 505 2036 565 Α
2067 520 2207 560 mum
2227 505 2509 577 inimicum,
2543 521 2774 581 mortem,
2803 513 3035 570 evacuari
3077 517 3169 572 ait.
3198 511 3311 576 Hoc
3340 519 3517 591 modo,
3569 538 3670 580 nec

358 589 641 654 ascendit;
691 588 814 643 talis
855 589 1016 645 etiam
1057 589 1436 658 descensurus,
1486 601 1544 646 ut
1581 592 1756 664 angeli
1804 594 1967 649 adﬁr-

357 690 544 749 mant;
580 679 654 756 (ὁ)
680 684 1050 754 agnoscendus
1076 682 1157 758 (1)
1180 684 1385 739 scilicet
1416 684 1495 740 eis
1520 687 1611 758 qui
1644 686 1792 742 ἰιιιιιιι
1839 704 1969 744 con-

358 775 805 830 vulneraveruut.
864 774 960 831 llic
1025 786 1275 847 sequester
1344 774 1439 831 Dei
1500 788 1650 847 alque
1705 780 1968 837 hominum

359 864 402 937 (Ι
433 864 566 919 Tim.
607 862 1040 938 ll),appcllatus,
1084 883 1148 924 ex
1192 869 1470 940 utriusque
1510 871 1676 939 partis
1719 871 1966 943 deposito

357 958 653 1013 commisso
693 960 818 1026 sibi,
866 961 1043 1016 carnis
1084 977 1297 1034 quoque
1341 962 1656 1034 depositum
1683 964 1864 1023 servat
1913 972 1963 1025 in

356 1052 689 1121 semetipso,
748 1050 1108 1108 arrliaboncm
1182 1069 1406 1110 snuunae
1466 1057 1646 1112 totius.
1702 1060 1967 1128 Quemad-

359 1144 579 1199 modum
630 1148 772 1201 enim
849 1144 1002 1200 nobis
1064 1147 1400 1203 arrhaboncm
1476 1151 1686 1220 spiritus
1735 1151 1799 1225 (ll
1843 1150 1961 1209 Cor.

360 1237 430 1309 ν)
478 1238 714 1309 reliquit,
768 1235 839 1311 (ι’)
888 1239 959 1294 ita
1004 1247 1059 1293 et
1102 1255 1130 1294 a
1180 1240 1332 1296 nobis
1382 1242 1735 1299 arrbabonem
1790 1247 1965 1303 carnis

356 1332 605 1401 accepit,
660 1341 715 1389 et
767 1334 911 1389 vexit
961 1334 1012 1388 in
1082 1336 1276 1391 emtum
1353 1337 1541 1408 pignus
1601 1339 1762 1396 totius
1819 1354 1966 1395 sum-

359 1439 466 1479 mm
518 1424 645 1479 illuc
692 1424 1013 1497 quandoque
1060 1428 1385 1501 redigendre.
1433 1431 1617 1486 Securi
1646 1431 1726 1505 (εἰ)
1766 1443 1961 1501 eStote,

357 1531 489 1572 caro
517 1515 843 1589 eﬁsanguis;
878 1516 957 1592 (ά)
987 1522 1282 1592 usurpastis
1323 1533 1379 1578 et
1427 1525 1621 1579 cmlum
1648 1534 1701 1580 et
1742 1542 1961 1597 regnum

363 1609 455 1665 Dei
490 1609 541 1664 in
569 1608 807 1665 Christo.
835 1606 942 1666 Ant
983 1612 1025 1667 si
1057 1621 1257 1685 negent
1284 1631 1380 1670 vos
1424 1614 1473 1669 in
1497 1615 1732 1681 Christo,
1768 1629 1962 1688 negent

356 1711 415 1757 ct
447 1702 499 1755 in
539 1702 681 1758 ρωιο
721 1702 1026 1771 Christum,
1075 1706 1162 1776 qui
1206 1707 1356 1762 vobis
1394 1710 1589 1765 emtum
1637 1723 1965 1782 negaverunt

360 1794 434 1848 Ita
465 1809 552 1848 nec
585 1796 895 1864 corruptela,
928 1796 1117 1866 inquit,
1144 1795 1224 1871 (ὅ)
1252 1799 1650 1870 incorruptclam
1679 1803 1964 1876 hwreditati

2073 603 2375 670 corruptela
2429 601 2797 662 lnereditatem
2830 605 2910 682 (7)
2940 610 3316 683 incorruptela:
3366 630 3667 688 conseque-

2076 700 2159 746 tur
2189 693 2291 767 (8),
2327 693 2374 749 id
2411 704 2512 763 est,
2544 713 2644 753 nec
2684 714 2829 754 mors
2869 703 3235 771 perseverabit
3264 702 3364 777 (9).
3421 706 3666 778 Quando,

2072 798 2124 843 et
2149 788 2422 859 quomodo
2452 789 2761 848 defectura?
2793 794 2915 848 Cum
2941 796 2991 848 in
3018 807 3208 864 atomo,
3241 799 3292 852 in
3323 812 3670 857 montcntaaco

2071 882 2205 934 oculi
2230 892 2388 947 motu,
2419 882 2469 935 in
2497 886 2767 939 novissima
2807 886 2925 941 tuba
2964 897 3011 941 ct
3047 891 3233 943 mortui
3275 903 3536 963 resurgent
3589 893 3669 948 in-

2070 975 2316 1043 corrupti.
2349 974 2449 1043 Qui
2483 974 2554 1041 bi,
2593 977 2690 1031 nisi
2723 980 2809 1048 qui
2856 990 2980 1034 ante
3019 982 3277 1053 corrupti,
3325 983 3374 1038 id
3406 995 3505 1051 est,
3541 978 3667 1042 cor-

2071 1081 2222 1135 pora,
2263 1067 2313 1120 id
2360 1077 2460 1134 est,
2503 1084 2628 1123 caro
2668 1081 2721 1126 et
2756 1073 3012 1142 sanguis?
3060 1072 3122 1128 Et
3163 1092 3255 1130 nos
3297 1076 3683 1134 demutabimur'

2071 1158 2207 1231 (l0).
2257 1159 2330 1213 De
2373 1176 2473 1230 qua
2518 1160 2847 1230 habitudine,
2889 1165 2988 1219 nisi
3035 1167 3086 1221 in
3134 1184 3236 1237 qua
3288 1168 3665 1239 deprehende-

2070 1252 2229 1306 tnur?
2265 1248 2475 1321 Oportet
2511 1255 2646 1308 eiiim
2682 1252 3028 1329 corruptivum
3069 1261 3207 1314 istud
3240 1260 3452 1316 induere
3494 1262 3665 1320 incor-

2070 1346 2376 1415 ruptionem,
2429 1356 2477 1400 et
2529 1349 2744 1403 mortale
2791 1352 2931 1404 istud
2972 1352 3184 1408 induere
3211 1355 3660 1413 immortalitatem.

2069 1437 2208 1505 Quid
2238 1439 2488 1505 mortale,
2522 1442 2623 1496 nisi
2651 1442 2814 1498 caro?
2842 1445 2963 1516 quid
2993 1451 3378 1520 corruptivum,
3410 1451 3510 1507 nisi
3541 1468 3664 1509 san—

2067 1532 2222 1602 guis?
2259 1534 2338 1588 Ac
2364 1550 2430 1589 ne
2459 1546 2608 1605 putes
2646 1539 2695 1606 (1
2716 1537 2761 1610 1)
2793 1540 2934 1595 aliud
2963 1544 3160 1600 sentire
3179 1543 3493 1616 Apostolum
3534 1564 3661 1619 pro-

2070 1625 2335 1681 videntem
2370 1627 2483 1695 tibi,
2516 1639 2586 1692 et,
2616 1640 2669 1685 ut
2695 1631 2763 1687 de
2790 1648 2951 1689 carne
2977 1634 3174 1690 dictum
3203 1639 3486 1709 intelligas,
3516 1641 3662 1697 labo-

2069 1728 2297 1784 rantem,
2342 1736 2461 1775 cum
2512 1723 2658 1786 dicit,
2715 1726 2854 1778 istud
2895 1729 3261 1796 corruptivum,
3312 1731 3378 1802 (f)
3411 1741 3484 1801 et,
3525 1734 3665 1789 istud

2069 1811 2301 1875 mortale,
2344 1821 2517 1867 cutem
2552 1816 2719 1883 ipsam
2766 1828 2972 1887 tenens,
3000 1819 3149 1874 dicit.
3189 1819 3345 1878 Certe
3386 1824 3519 1878 istud
3558 1825 3661 1881 nisi

358 1886 591 1952 habebit;
621 1905 723 1943 non
755 1898 808 1943 ut
833 1906 1047 1945 carnem
1093 1906 1145 1946 et
1181 1895 1492 1963 sanguinem
1531 1896 1807 1952 existimes
1834 1914 1928 1953 cor
1989 1905 2037 1966 B
2067 1902 2133 1956 de
2164 1896 2423 1971 subjecto,
2459 1906 2556 1960 nisi
2591 1908 2657 1962 de
2679 1913 3006 1978 Compareuti
3042 1915 3412 1979 pronuntiasse
3434 1934 3537 1972 non
3572 1935 3664 1988 po-

354 1980 639 2048 ruptelam,
664 1983 877 2050 quando
910 1984 1019 2052 ipsa
1047 1987 1152 2037 sint
1184 1988 1358 2055 potius
1385 1990 1614 2043 olmoxia
1638 1991 1957 2061 corruptelae

360 2088 455 2141 per
482 2083 705 2129 mortem
737 2073 944 2131 scilicet
975 2074 1259 2148 (siquidem
1295 2095 1440 2133 mors
1470 2090 1572 2146 est,
1603 2097 1719 2147 qua:
1741 2092 1956 2136 Carnem

358 2174 416 2219 et
462 2164 775 2234 sanguinem
824 2183 928 2221 non
990 2167 1149 2222 modo
1192 2171 1508 2241 corrumpit,
1562 2188 1744 2227 verum
1797 2175 1957 2228 etiam

357 2253 674 2329 consumit);
727 2257 844 2321 sed,
884 2259 1136 2329 quoniam
1175 2276 1337 2329 Opera
1381 2264 1560 2318 carnis
1595 2275 1648 2319 et
1685 2266 1959 2336 sanguinis

358 2362 469 2402 non
498 2363 656 2418 posse
684 2350 935 2419 consequi
967 2366 1190 2421 regnum
1236 2352 1326 2408 Dei
1364 2354 1627 2421 edixerat,
1659 2371 1766 2427 quo
1793 2356 1959 2428 magis

301 2460 315 2471 ο
359 2440 465 2496 hoc
483 2449 847 2512 exaggeraret.
872 2442 972 2513 ipsi
994 2459 1204 2516 quoque
1223 2448 1561 2516 corrupteltr,
1592 2448 1641 2504 id
1664 2458 1748 2504 est
1776 2452 1955 2516 morti,

358 2534 443 2589 cui
470 2535 646 2590 carnis
669 2545 723 2591 et
749 2536 1021 2606 sanguinis
1052 2552 1212 2609 opera
1246 2538 1550 2608 proficiunt,
1585 2542 1955 2615 Inereditatem

361 2625 738 2697 incorruptclae
766 2625 987 2683 ademit.
1018 2627 1149 2684 Nam
1173 2638 1227 2686 et
1258 2631 1416 2701 paulo
1444 2643 1584 2703 pOSI,
1615 2634 1784 2704 ipsius
1811 2652 1956 2692 mor-

362 2717 430 2773 tis
473 2718 701 2790 quodam
749 2719 910 2774 modo
958 2730 1186 2778 mortem
1235 2727 1546 2795 expressit:
1584 2725 1837 2783 Devorata
1884 2741 1958 2784 est

361 2827 518 2877 mors,
549 2811 730 2869 dicens
754 2810 796 2887 (1
828 2812 944 2870 Cor.
972 2813 1118 2888 XV),
1140 2816 1190 2870 in
1213 2819 1581 2875 contentionem
1613 2821 1714 2894 (4).
1740 2821 1838 2878 Ubi
1865 2835 1957 2890 est,

362 2920 516 2968 mors,
545 2904 747 2961 aculeus
781 2905 938 2960 tuus?
974 2908 1059 2961 ubi
1094 2918 1187 2974 est,
1226 2926 1379 2977 mors,
1421 2914 1670 2967 contentio
1713 2913 1793 2987 (5)
1837 2916 1961 2969 tua?

362 2998 582 3054 Aculeus
625 3010 794 3053 autem
838 3002 1014 3055 mortis
1057 3001 1422 3074 delinquentia;
1469 3005 1583 3060 lucc
1625 3006 1727 3060 erit
1775 3023 1960 3063 corru-

364 3090 506 3162 ptela
535 3108 546 3144 :
580 3091 738 3147 virtus
777 3103 943 3146 autem
980 3093 1364 3165 dctiaquentiw,
1410 3096 1494 3151 lea:
1524 3114 1543 3149 :
1568 3097 1654 3153 illa
1696 3101 1798 3156 alia
1844 3103 1961 3158 sine

361 3184 551 3251 dubio,
576 3201 732 3256 quam
761 3184 1112 3259 (e)cunslituit
1142 3189 1192 3243 in
1222 3190 1475 3245 membris
1505 3193 1614 3247 suis
1642 3193 1958 3251 militantem

2065 1995 2184 2047 tuit.
2216 1996 2698 2053 Delituttslt'aliouis
2743 2004 3042 2071 CorpOt'nllS
3087 2014 3171 2060 est
3224 2008 3469 2063 verbum.
3499 2010 3658 2067 Aliud

2063 2098 2240 2141 autem
2280 2088 2391 2157 (l2)
2436 2075 2822 2160 corruptivum,
2867 2094 3007 2148 aliud
3042 2100 3379 2167 corruptela;
3423 2111 3477 2154 et
3518 2080 3665 2169 aliud

2063 2179 2311 2242 mortale,
2345 2190 2398 2234 et
2425 2180 2568 2235 aliud
2594 2182 2911 2238 mortalitas.
2950 2186 3108 2243 Aliud
3152 2190 3294 2244 enim
3340 2193 3482 2260 quod
3532 2195 3664 2263 pati-

2067 2279 2169 2335 tur,
2214 2270 2355 2326 aliud
2399 2273 2542 2343 quod
2590 2275 2696 2344 pati
2735 2275 2922 2341 efﬁcit,
2957 2278 3053 2345 lla,
3096 2296 3214 2343 quae
3243 2283 3519 2352 patiuntur
3546 2300 3667 2342 cor-

2065 2364 2325 2433 ruptelam
2352 2374 2405 2420 et
2425 2366 2824 2435 mortalitatem,
2855 2386 2983 2426 caro
3011 2373 3216 2430 scilicet
3252 2384 3308 2431 et
3334 2377 3572 2447 sanguis,
3600 2395 3664 2435 ea

2065 2472 2286 2512 necesse
2325 2470 2406 2512 est
2437 2460 2703 2529 patiantur
2728 2463 3221 2537 etincorruptelam
3263 2479 3319 2526 et
3347 2470 3667 2528 immortali-

2067 2558 2227 2605 tatem
2254 2550 2392 2623 (15).

2683 2689 2913 2753 CAPUT
2951 2693 3063 2752 ιιι.

2144 2821 2427 2905 Videamus
2470 2822 2586 2897 (14)
2608 2824 2718 2895 jam
2749 2842 2889 2882 nunc
2916 2845 3022 2900 quo
3052 2846 3281 2905 corpore
3312 2847 3563 2896 venturos
3589 2840 3668 2914 (g)

2066 2926 2305 2970 mortuos
2335 2915 2587 2985 disputet.
2621 2916 2688 2971 Et
2720 2918 2874 2987 bene,
2903 2922 3043 2991 quod
3072 2927 3248 2996 erupit
3274 2930 3452 2985 statim
3482 2942 3666 2994 osten-

2065 3004 2216 3070 dere,
2233 3008 2380 3077 quasi
2396 3009 2514 3078 quis
2528 3009 2787 3079 chsmodi
2805 3025 3032 3082 quaerat.
3055 3017 3243 3084 Stulte,
3261 3021 3449 3091 inquit,
3467 3034 3517 3077 tu
3533 3026 3670 3095 quod

2065 3102 2306 3170 seminus,
2332 3117 2432 3153 non
2466 3101 2583 3173 (l5)
2608 3102 2889 3171 vivi/icatur
2921 3105 3057 3177 (16),
3085 3109 3182 3163 uisi
3205 3123 3458 3168 mortuum
3493 3117 3667 3185 fuerit.

2069 3192 2179 3248 lloc
2209 3209 2337 3265 ergo
2357 3194 2461 3264 jam
2490 3195 2557 3248 de
2592 3197 2837 3267 exemplo
2860 3199 3083 3256 seminis
3107 3216 3344 3271 constet,
3374 3224 3479 3263 non
3507 3210 3669 3267 aliam

362 3277 620 3334 adversus
651 3279 822 3351 legem
853 3279 1016 3335 animi
1056 3281 1154 3348 sui,
1190 3283 1358 3353 ipsam
1399 3284 1603 3342 scilicet
1644 3289 1750 3342 vim
1782 3288 1956 3344 delin-
1987 3297 2032 3359 ρ
2064 3284 2324 3341 vivilicari
2356 3300 2595 3351 carnem,
2631 3303 2791 3357 quam
2843 3291 3009 3358 ipsam
3046 3310 3165 3364 quae
3219 3299 3320 3352 erit
3352 3311 3582 3371 mortua,
3617 3312 3673 3361 et

361 3372 561 3445 quendi
589 3383 775 3430 contra
797 3366 1146 3431 voluntatem.
1181 3374 1313 3432 Nam
1345 3386 1399 3434 et
1427 3377 1508 3452 (6)
1546 3395 1704 3450 supra
1739 3383 1954 3438 novissi-
2064 3378 2132 3432 ita
2169 3380 2446 3448 sequentia
2485 3381 2834 3438 relucebunt:
2868 3384 2999 3440 nihil
3032 3389 3176 3444 enim
3217 3391 3472 3451 adversus
3514 3411 3674 3469 regu-

1005 3471 1008 3477 ’
1576 3472 1960 3534 LECTIONES
2018 3471 2427 3532 VARIANTES.

427 3556 501 3622 (1)
537 3559 845 3622 Agnoscendi
866 3559 1020 3611 Rhea.

433 3625 502 3677 t2)
534 3624 734 3673 Securae
755 3625 899 3673 Pam.
925 3624 1079 3674 Fraa.
1100 3627 1224 3677 Par.
1256 3627 1380 3677 Ven.

450 3683 500 3737 3)
537 3684 591 3736 lu
612 3683 761 3736 inser.
778 3683 930 3737 Rhea.
953 3688 1103 3737 Seml.

453 3747 496 3801 4)
535 3749 857 3799 Contentione
879 3747 1030 3800 Rhea.
1050 3747 1203 3801 Seml.

532 3808 938 3925 ἕιιέρὲιὲἓιηὴεη.
962 3809 1116 3862 Seml.

623 3888 634 3921 ι
793 3912 805 3923 .

623 3888 634 3921 1
655 3888 805 3923 διέπει.

449 3933 489 3984 7⁷
535 3935 886 3986 Ηωιοιιὶιδιοω
909 3933 1041 3987 abest
1061 3948 1093 3987 α
1114 3936 1264 3989 Seml.

449 3938 499 4063 Β)
530 3998 854 4063 Consequitur
875 3998 1027 4049 Seml.

447 3998 498 4063 8)
530 3998 854 4063 Consequitur
875 3998 1027 4049 Seml.

426 3877 447 4064 ὲ

2270 3626 2593 3677 Demutamur
2613 3628 2764 3680 Rhea.
2787 3631 2930 3682 seml.

2268 3692 2461 3754 Aliquid
2483 3691 2605 3754 add,
2626 3695 2768 3743 Pam.
2794 3696 2949 3746 Frua.

2163 3751 2236 3816 l2)
2270 3751 2377 3803 Erit
2397 3754 2514 3804 add.
2543 3751 2696 3805 Rhea.
2721 3756 2873 3808 Seml.

2154 3815 2232 3877 13)
2269 3816 2617 3866 Mortalitatem
2641 3819 2793 3869 Fran.
2821 3824 2946 3872 Ven.

2162 3879 2235 3943 11)
2270 3878 2680 3943 Yidemusﬁhea.
2705 3882 2854 3934 Seml.
3084 3942 3087 3943 ν

2130 3938 2234 4002 (15)
2271 3939 2444 3989 Nonne
2466 3938 2616 3992 Rhea.
2642 3957 2756 3993 num
2781 3945 2891 3997 cod.
2917 3942 3103 4002 Wouw.

2130 4003 2232 4067 (16)
2269 4003 2600 4054 Viviticabitur
2619 4006 2776 4057 Fran.
2808 4010 2931 4060 Ven.

2135 3564 2214 3677 (υὸ
2242 3564 2593 3615 Perseveravit
2613 3564 2767 3617 Rhea.
2794 3566 2945 3620 Seml.

2135 3629 2177 3690 (l
2219 3629 2234 3690 )
2270 3626 2593 3677 Demutamur
2613 3628 2764 3680 Rhea.
2787 3631 2930 3682 seml.

2159 3691 2231 3753 ιι)

1710 4083 2271 4141 COMMENTARIUS.

433 4171 595 4246 CAsz
635 4171 715 4228 L1.
747 4172 918 4246 —(a)
959 4172 1089 4246 Caro
1126 4181 1177 4246 et
1218 4176 1446 4246 sanguis,
1471 4174 1585 4246 etsi
1632 4175 1822 4229 nostris
1867 4193 1962 4245 pu-

356 4246 520 4302 riora.
554 4243 666 4300 Huc
693 4243 917 4314 pertinet
942 4244 1080 4311 quod
1104 4243 1409 4300 scholastici
1448 4245 1695 4301 doctores
1722 4243 1957 4314 tradunt,

358 4314 633 4387 Christum
663 4326 977 4386 conceptum
1006 4332 1072 4372 ex
1100 4314 1398 4385 purissimis
1426 4316 1488 4371 Β.
1517 4316 1752 4387 Virginis
1780 4317 1959 4373 Maria:

357 4385 728 4444 Satitzuinibus.
757 4385 894 4442 ΡΑιι.

437 4405 459 4439 ιι
501 4404 728 4441 tniuous.
758 4404 894 4442 nu.

544 4458 1139 4531 _Agnoscendus_scilicet
1175 4457 1246 4531 eis
1265 4458 1352 4529 qui
1382 4457 1531 4531 illum
1560 4460 1950 4514 convulnerave‘

357 4527 508 4586 runt.
537 4527 708 4600 Supra
730 4545 850 4598 cap.
883 4528 974 4595 26,
1006 4540 1059 4583 et
1097 4530 1159 4583 de
1200 4527 1366 4583 Carne
1391 4529 1485 4583 Ch.
1515 4544 1563 4583 c.
1599 4531 1690 4597 44,
1731 4534 1955 4600 con/inre-

358 4599 712 4677 ruut__l_iabet.
761 4600 1146 4677 Agnoscendus
1186 4600 1346 4677 igitur
1383 4613 1464 4654 est
1489 4599 1836 4677 Christusab
1864 4604 1945 4665 iis,

359 4672 455 4743 qui
502 4670 646 4726 illum
695 4670 1109 4743 vulneraverunt
1155 4673 1273 4743 ιλιι
1311 4671 1622 4726 earumdem
1671 4674 1947 4728 vulnerum

360 4740 718 4813 stigmatibus,
752 4751 929 4797 servat
956 4740 1130 4796 adhuc
1166 4740 1410 4813 CMistus
1440 4744 1817 4810 vulnera‘sua;
1853 4761 1950 4799 ex-

362 4812 654 4887 plicuit_sic
680 4814 738 4869 S.
765 4814 952 4887 Epiph.
981 4830 1133 4887 seria.
1164 4815 1225 4865 de
1251 4812 1455 4868 Ascens.
1480 4813 1612 4868 Lac.

437 4884 512 4958 (ιε)
539 4883 623 4938 Ita
653 4895 696 4943 et
722 4900 753 4936 a
780 4883 1293 4958 nobisarrhubonem
1331 4887 1498 4938 carnis
1542 4889 1750 4957 accepit.
1795 4885 1953 4940 Com-

365 4956 713 5011 mutationem
752 4956 1037 5026 quarundam
1073 4965 1129 5010 et
1169 4958 1546 5011 commercium
1582 4960 1761 5020 notat,
1816 4959 1954 5012 inter

366 5044 467 5082 nos
489 5036 544 5082 et
573 5024 929 5092 Dcuin,'inter
954 5028 1146 5081 malum
1175 5037 1227 5080 et
1260 5037 1477 5091 terram,
1499 5038 1555 5081 ιιι
1593 5043 1718 5081 caro
1746 5039 1950 5097 nostra,

363 5113 487 5169 qua:
513 5098 567 5153 in
592 5098 730 5152 coelo
761 5112 864 5151 non
893 5107 1028 5164 erat,
1049 5109 1471 5153 eonnnntaretur
1500 5115 1594 5167 pro
1616 5099 1803 5168 spiritu
1835 5100 1952 5163 Dei,

364 5170 457 5240 qui
478 5170 530 5225 in
562 5180 702 5224 terra
730 5184 834 5223 non
875 5178 1011 5240 erat,
1054 5177 1108 5222 ut
1132 5170 1212 5222 sic
1244 5175 1299 5222 et
1323 5184 1449 5240 caro
1494 5172 1543 5222 in
1573 5174 1744 5232 cretis,
1768 5183 1825 5223 et
1848 5171 1957 5239 spi-

366 5239 504 5297 ritus
527 5242 576 5295 in
609 5240 764 5294 terris
783 5249 945 5295 esset.
972 5239 1082 5293 Hoc
1106 5239 1485 5294 commercium
1512 5240 1757 5309 obligatis
1782 5245 1957 5301 ari-liis

369 5313 643 5382 utrinque,
676 5311 920 5370 Christus
960 5310 1108 5366 velut
1132 5310 1343 5365 divinus
1383 5318 1670 5379 proxeneta
1703 5310 1961 5365 sollicita-

370 5386 444 5437 vit
470 5381 963 5437 et’eunsummavit
996 5402 1009 5437 :
1048 5396 1168 5436 cum
1205 5381 1400 5435 caelum
1433 5382 1693 5443 ascendit,
1739 5390 1862 5435 tunc
1904 5392 1960 5437 et.

365 5456 609 5524 Spit‘tlﬂﬂt
638 5454 703 5507 ad
736 5468 835 5508 nos
850 5453 1085 5517 deuiisit,
1115 5462 1167 5507 et
1188 5465 1405 5508 carnem
1427 5462 1664 5507 nostram
1689 5453 1739 5506 in
1760 5452 1958 5508 caelum

369 5525 680 5581 introduxit.
713 5525 841 5579 LAC.
978 5532 985 5535 “

446 5596 524 5667 (d)
546 5595 918 5677 Usurpastiset
940 5594 1122 5677 celum
1135 5604 1177 5648 et
1190 5594 1475 5675 regnumja
1489 5594 1708 5676 Christo.
1731 5592 1958 5677 Carnem

366 5666 512 5725 dixit
556 5683 812 5736 usurpare
855 5667 906 5720 in
957 5667 1061 5721 hoe
1110 5666 1542 5720 conuuutationis
1601 5667 1958 5731 commercio;

366 5739 495 5817 quia
520 5754 626 5794 non
652 5746 897 5817 servetur
914 5737 1131 5817 juris-et
1157 5736 1378 5817 justitiae
1398 5736 1698 5801 azqualitas.
1731 5736 1963 5817 Excedit

366 5807 590 5883 spiritus
607 5809 758 5883 carni
782 5817 840 5883 et
858 5807 1096 5883 coelestia
1125 5807 1482 5883 terrestribus,
1500 5818 1564 5883 et
1588 5810 1839 5879 quoniam
1867 5821 1963 5875 pro

368 5877 619 5960 ίῐιιιιιιιιτιιῑ
645 5891 702 5940 et
727 5880 918 5956 exigua
943 5878 1196 5939 reddetur
1210 5877 1464 5942 exitnium
1480 5877 1700 5951 donum,
1735 5892 1961 5953 usurpa-

2068 4176 2143 4230 tio
2170 4177 2347 4246 pouus
2370 4177 2583 4233 videtur
2608 4196 2765 4250 tinam
2786 4190 3157 4245 commutatio.
3184 4192 3317 4252 Lxc.

2118 4270 2215 4342 ﬁ)
2247 4272 2515 4355 Constituit
2544 4274 2596 4327 in
2623 4275 2859 4355 membris
2884 4280 3009 4355 suis.
3043 4281 3158 4339 Hoc
3185 4299 3285 4353 cSI,
3317 4293 3660 4355 constitutam

2063 4342 2135 4395 ait
2160 4355 2213 4421 et
2233 4344 3056 4429 stabilitam,‘adeourradjcitus
3080 4342 3659 4429 inlaudata—uisi-

2061 4415 2319 4482 exstirpet
2338 4417 2507 4485 gratia
2526 4415 2741 4472 Christi
2775 4417 2852 4474 Le
2876 4421 2972 4476 Pu.

1979 4550 2032 4610 Β
2235 4505 2327 4572 Et,
2372 4507 2513 4561 istud
2553 4512 2783 4575 mortale,
2826 4523 2992 4568 cutem
3036 4519 3207 4587 ipsum
3260 4532 3454 4593 teneas,
3508 4530 3651 4586 dicit.
3694 4564 3703 4571 ~

2056 4574 2321 4630 Numquid
2395 4594 2498 4630 nou
2540 4595 2732 4630 corpus
2795 4599 2949 4630 suum
3006 4592 3397 4630 nllntlnmlnndn
3449 4600 3627 4630 κλωπ..

2125 4578 2321 4658 nmquid
2385 4594 2498 4658 non
2540 4595 2732 4658 corpus
2782 4599 2949 4658 suum
3006 4578 3659 4658 quodammodo—contio;

2054 4650 2257 4732 gentis,
2286 4659 2344 4731 et
2366 4650 2532 4732 digito
2562 4654 2823 4732 palpantis
2848 4666 2929 4732 est
2960 4650 3057 4713 vox
3078 4660 3102 4713 ἶ)
3123 4661 3293 4732 inquit
3323 4650 3655 4728 Bullinus—in

2055 4719 3128 4807 Expositione..Symbo‘li._Notandutnque
3158 4719 3349 4807 obiter
3397 4719 3561 4807 quod

2055 4793 2542 4870 eodemhtraditur,
2600 4796 2890 4853 Ecclesium
2963 4793 3358 4870 Aquileiensem
3415 4793 3655 4869 lartirulo

2056 4863 2454 4938 Symlnquuo
2484 4870 2900 4924 resurrectionem
2927 4863 3099 4927 carnis
3127 4875 3464 4938 conﬁtemur.
3499 4863 3652 4938 addi:

2057 4934 2201 5014 disse
2232 4933 2420 5014 Hujus,
2458 4947 2512 4989 ut
2541 4942 2964 5014 pronuntiantes,
2990 4941 3161 5014 Hujus
3197 4951 3366 5001 carnis
3396 4933 3655 5007 resurrec-

2058 5006 2262 5087 tionem,
2282 5010 2537 5061 certiores
2564 5011 2747 5064 tiereut
2768 5013 2927 5066 etiam
2951 5006 3171 5091 carnem
3194 5017 3384 5087 ipsam,
3410 5036 3512 5091 qua
3533 5006 3655 5083 sese

2060 5078 2155 5146 ipsi
2185 5087 2475 5146 portarent,
2509 5093 2950 5136 resurrecturum.
2978 5085 3093 5140 lito.

2128 5167 2279 5254 CAP.
2437 5198 2511 5254 :—-
2542 5168 2619 5239 (g)
2657 5169 2931 5254 Videamus
2944 5174 3066 5254 jam.
3085 5181 3290 5254 nuncin
3319 5199 3417 5253 quo
3443 5199 3655 5254 corpore

2057 5250 2316 5328 venturos:
2335 5241 2414 5320 Ab
2437 5239 2535 5293 hoc
2555 5244 2726 5328 capi-te
2750 5239 3011 5328 praecipue
3029 5239 3425 5328 Valentinianos
3450 5239 3650 5328 putigit,

2060 5310 2154 5384 qui
2178 5326 2280 5384 non
2305 5310 2477 5379 hujus,
2498 5313 2825 5384 sedalterius
2851 5310 3026 5371 Carnis
3055 5310 3497 5381 resurrecuonein
3527 5310 3655 5384 cini:

2062 5381 2341 5465 cedebant,
2382 5394 2436 5469 ut
2471 5399 2532 5435 ex
2570 5383 2658 5464 lib.
2690 5384 2753 5465 de
2795 5383 3090 5466 Rrwscript.
3134 5405 3361 5447 constat.
3388 5394 3489 5451 Alit
3520 5381 3654 5469 quo.

2060 5467 2164 5521 que
2195 5454 2245 5505 in
2274 5454 2516 5532 eanulem
2545 5455 2991 5535 existimationem
3009 5454 3294 5535 _'_vcue_rant
3320 5454 3653 5535 propter'ar-

2062 5534 2309 5607 gumento
2334 5527 2504 5606 posita
2526 5540 2573 5606 e.
2603 5526 2670 5579 l3
2691 5526 2756 5606 de
2772 5529 3123 5607 cadaveribus
3149 5526 3469 5593 deroi-atis'a
3500 5541 3648 5607 feris,

2062 5604 2110 5675 et
2140 5594 2435 5677 absumptis
2462 5595 2588 5664 igni,
2622 5597 2708 5677 qui
2740 5598 2837 5677 sibi
2869 5599 3185 5677 videbantur
3209 5621 3400 5677 Corpus
3424 5618 3527 5668 tam
3563 5594 3652 5664 va:

2062 5665 2149 5747 ri‘e.
2177 5666 2499 5746 disperstuu,
2544 5665 2714 5747 redire
2761 5670 2921 5747 idem_
2949 5671 3119 5739 ipsum
3166 5691 3268 5747 non
3301 5665 3503 5747 'possc.
3550 5682 3647 5738 Cui

2063 5735 2348 5819 objectioni
2378 5737 2427 5789 in
2454 5738 2952 5819 sequentibussatis
2970 5735 3289 5813 'reSpoudet,
3317 5735 3542 5819 eauupte
3562 5735 3650 5809 ἰιίἐ

2065 5806 2181 5891 luit.
2235 5806 2506 5891 Nyssen'us
2526 5811 3014 5891 3x'similitndine
3062 5806 3339 5891 sementis,
3386 5806 3546 5891 quam
3578 5806 3645 5883 ιι,

2064 5877 2169 5940 hoc
2194 5877 2309 5951 cap.
2335 5892 2401 5937 ex
2433 5881 2492 5937 ι).
2526 5878 2695 5938 Paulo
2712 5882 2981 5942 examinat
3010 5895 3062 5945 ct
3091 5885 3233 5945 fulcit
3266 5877 3642 5961 Aut-torrus,
