4052 6286
367 283 474 339 875

1784 277 2246 336 TERTULIJANI
2371 255 2374 266 ’
3563 279 3672 336 876

378 395 448 451 lit
473 398 820 466 quaerendum
849 399 938 468 sit,
973 399 1244 471 quomodo
1271 405 1467 467 corpus
1496 391 1728 448 animale
1757 391 1968 447 dicatur
1992 393 2044 452 A
2072 391 2304 462 bocipso
2328 390 2400 465 (e)
2426 406 2534 448 non
2559 392 2718 450 aliam
2739 403 3159 479 resurrectugam
3178 395 3485 467 probemus,
3505 411 3672 466 quam

374 489 650 544 seminari.
687 490 846 545 Plane
895 493 1104 562 accepit
1143 500 1196 548 et
1238 489 1322 544 hic
1366 486 1610 559 spiritum
1667 485 1748 554 (1)
1795 497 1919 538 caro
1949 523 1964 550 ,

374 579 466 633 sed
495 580 848 636 arrhaboncm
868 599 881 646 ;
902 583 1094 636 animm
1122 594 1298 638 autem
1331 596 1436 635 non
1457 577 1837 642 arrhabonem,
1869 575 1966 630 sed

376 669 783 740 plenitudinem.
832 673 1014 744 Itaque
1061 675 1223 730 etiam
1267 680 1548 744 propterea
1590 669 1808 739 majoris
1837 665 1966 722 sub-

372 763 586 819 stantia:
609 765 821 818 nomine
845 765 1079 821 animale
1109 779 1310 837 corpus
1337 771 1634 832 nuncupata
1661 773 1764 824 eSI,
1787 759 1838 813 in
1866 773 1966 828 qua

371 857 688 923 seminatur,
725 856 898 912 futura
934 859 1156 928 proimlc
1202 874 1298 929 per
1333 854 1716 928 plenitudinem
1748 851 1967 922 spiritus

372 949 594 1018 insuper
621 951 878 1018 Spiritale,
905 951 956 1004 in
984 967 1085 1020 qua
1116 949 1483 1005 resuscitator.
1513 945 1649 1015 Quid
1679 945 1894 1010 mirum,
1923 944 1965 998 si

375 1043 546 1113 magis
569 1040 690 1097 inde
713 1041 936 1097 vocitata
959 1053 1062 1108 est,
1091 1041 1231 1097 unde
1251 1041 1488 1096 conferta
1513 1048 1616 1106 est,
1640 1053 1798 1108 quam
1827 1037 1968 1090 unde

368 1148 614 1205 respersa
643 1131 760 1206 (2)?

978 1248 1207 1307 CAPUT
1238 1247 1368 1305 LIV.

447 1362 520 1418 Ita
562 1363 630 1419 de
658 1363 1040 1420 vocabulorum
1081 1364 1452 1439 occasionibus
1496 1363 1782 1435 plurimum
1814 1377 1964 1430 qua:-

365 1457 570 1512 stiones
599 1455 984 1524 subornantur,
1029 1457 1168 1512 sicut
1204 1464 1260 1512 et
1288 1455 1356 1512 de
1380 1455 1672 1512 verborum
1720 1471 1964 1512 cominu-

374 1551 645 1604 nio::ibns.
665 1549 821 1615 Nam,
850 1549 973 1621 quia
1001 1559 1054 1605 et
1085 1549 1214 1604 illud
1241 1549 1380 1620 apud
1402 1548 1716 1618 Apostolum
1735 1549 1964 1618 positum

367 1650 483 1696 est:
521 1641 609 1696 Uti
633 1641 898 1696 devoretur
924 1643 1139 1696 mortale
1164 1659 1194 1695 a
1228 1643 1360 1700 vita:
1389 1657 1516 1697 caro
1543 1641 1778 1706 scilicet;
1803 1640 1966 1697 devo-

367 1735 629 1790 ratiuuem
657 1750 870 1804 quoque
893 1734 960 1788 ad
989 1733 1576 1805 perditionem,scilicet
1595 1735 1794 1796 carnis,
1824 1733 1962 1788 arri-

369 1825 554 1894 piunt:
579 1827 728 1895 quasi
758 1840 862 1880 non
893 1825 1051 1880 bilem
1082 1825 1397 1879 etdnlnrcm
1420 1824 1660 1880 dicamur
1680 1824 1960 1890 devorare,

372 1915 424 1969 id
457 1925 562 1982 est,
591 1915 938 1980 abscondere,
999 1933 1060 1971 ac
1093 1923 1270 1986 tegere
1315 1917 1417 1988 (5),
1468 1926 1522 1972 et
1569 1917 1704 1970 intra
1733 1927 1967 1972 uosmet—

376 2009 523 2077 ipsos
551 2009 845 2064 continere.
880 2009 1150 2078 Denique,
1181 2025 1301 2064 eum
1333 2020 1384 2063 et
1409 2009 1536 2064 illud
1580 2013 1833 2078 scriptum
1858 2011 1962 2064 sit:

374 2099 584 2169 Oportet
609 2099 821 2155 mortale
842 2100 938 2155 liae
960 2099 1171 2154 induere
1194 2099 1648 2164 immortalitatem;
1669 2100 1968 2156 ostenditur

367 2189 639 2258 quomodo
667 2191 890 2245 mortale
915 2189 1206 2272 devoretur
1227 2205 1256 2245 a
1289 2191 1416 2256 vita,
1449 2191 1576 2246 dum
1600 2191 1844 2247 indutum
1877 2193 1967 2247 int-

371 2282 699 2337 mnrtalitate
714 2281 1080 2347 absconditur,
1099 2292 1153 2337 et
1171 2283 1384 2352 tegitur,
1407 2291 1464 2338 et
1480 2285 1622 2340 intus
1639 2287 1964 2352 continetur;

372 2388 484 2428 non
511 2373 639 2428 dum
665 2373 985 2441 absumitur,
1017 2383 1069 2428 et
1107 2373 1387 2430 amittitur.
1437 2375 1577 2446 Ergo
1605 2387 1660 2430 et
1703 2389 1868 2443 mors,
1897 2379 1968 2432 in-

372 2465 512 2534 quis,
555 2465 700 2520 salva
748 2465 868 2536 erit,
904 2480 1024 2520 cum
1067 2463 1224 2520 fuerit
1249 2465 1523 2522 devorata.
1569 2468 1690 2522 Ideo
1719 2468 1966 2526 discerne

374 2572 474 2627 pro
501 2557 749 2612 sensibus
775 2557 1205 2613 communionem
1246 2559 1552 2625 verborum,
1581 2569 1637 2616 et
1660 2559 1742 2634 (τι)
1765 2563 1968 2634 integre

365 2649 634 2720 intelliges
677 2649 778 2720 (ὦ).
837 2649 988 2702 Aliud
1029 2651 1173 2703 enim
1225 2666 1368 2704 mors
1393 2689 1408 2716 ,
1446 2660 1500 2706 et
1535 2651 1676 2706 aliud
1721 2655 1963 2710 mortale.

373 2739 548 2795 Aliter
593 2741 769 2810 itaque
815 2738 1160 2795 devotabitur
1203 2757 1370 2807 mors,
1423 2752 1472 2798 et
1523 2743 1678 2800 aliter
1720 2747 1961 2802 mortale.

373 2832 520 2886 Mors
546 2847 654 2888 non
686 2833 828 2902 capit
853 2832 1328 2899 immortalitatem,
1358 2835 1580 2890 mortale
1601 2847 1776 2892 autem
1803 2840 1965 2910 capit.

372 2924 612 2994 Denique
637 2933 690 2978 et
720 2925 974 2994 scriptum
1006 2933 1109 2990 Gal,
1139 2927 1279 2996 quod
1309 2943 1508 2983 necesse
1534 2928 1605 2983 sit
1634 2929 1844 2984 mortale
1873 2931 1967 2986 liae

367 3017 582 3070 induere
601 3016 1047 3071 immortalitatem.
1071 3017 1350 3085 Quomodo
1367 3033 1496 3090 ergo
1517 3021 1692 3092 capit?
1721 3023 1851 3078 Dum
1875 3023 1968 3080 de-

373 3117 596 3162 voratur
621 3123 648 3160 a
672 3109 800 3163 vita.
831 3107 1111 3176 Quomodo
1136 3109 1424 3166 devoratur
1445 3127 1476 3167 a
1507 3115 1646 3168 vita?
1676 3115 1804 3170 Dum
1829 3119 1966 3172 reci-

378 3203 543 3272 pitur,
575 3211 627 3256 et
667 3203 946 3274 redigitur,
976 3215 1030 3260 et
1063 3203 1140 3276 (b)
1169 3205 1458 3262 includitur
1485 3208 1536 3264 in
1567 3211 1759 3281 ipsam.
1788 3213 1960 3272 Caete-

370 3312 512 3362 rum,
542 3313 686 3352 mnrs
711 3297 902 3354 merito
927 3298 982 3354 in
1001 3297 1286 3356 interitum
1325 3300 1409 3374 (ὅ)
1460 3302 1781 3374 devoratur,
1839 3310 1964 3380 quia

370 3399 426 3446 et
465 3391 578 3462 ipsa
615 3391 666 3446 in
701 3391 803 3446 hoc
841 3391 1082 3449 devorat.
1119 3391 1191 3466 (c)
1236 3395 1535 3465 Devoravit,
1587 3400 1776 3470 inquit,
1821 3420 1966 3460 mors

371 3485 772 3551 invalescendo,
802 3495 856 3541 et
896 3485 1016 3542 ideo
1045 3485 1298 3542 devorata
1342 3500 1425 3545 est
1463 3492 1514 3546 in
1541 3495 1964 3554 contentionem.

371 3577 452 3653 (tl)
479 3579 574 3636 Ubi
599 3589 692 3644 est,
715 3597 872 3644 mors,
903 3579 1110 3635 aculeus
1131 3584 1285 3636 tuus?
1307 3584 1391 3638 ubi
1411 3595 1504 3651 est,
1537 3602 1694 3654 mors,
1717 3593 1969 3646 contentio

373 3671 502 3726 tua?
532 3669 762 3730 Proinde
785 3679 840 3726 et
865 3671 992 3738 vita,
1029 3671 1216 3726 mortis
1241 3673 1444 3730 scilicet
1463 3679 1673 3746 aemula,
1709 3695 1805 3750 per
1839 3685 1973 3738 c‘on-

379 3765 671 3820 tentionem
733 3762 1014 3818 devorabit
1070 3765 1120 3818 in
1161 3763 1413 3834 salutem,
1449 3769 1590 3838 quod
1617 3785 1714 3840 per
1749 3784 1974 3831 conten-

373 3856 576 3912 tionem
617 3853 698 3928 (6)
723 3852 1073 3917 devoraverat
1098 3869 1244 3912 mors
1275 3857 1325 3912 in
1353 3858 1646 3940 interitum.

973 3963 1200 4023 CAPUT
1229 3967 1340 4025 LV.

399 4064 408 4072 ’
434 4081 764 4153 Quamquam
796 4078 958 4150 igitur
984 4089 1400 4138 resurrecturam
1419 4097 1634 4142 carnem
1661 4091 1968 4160 probantes,

2071 485 2140 541 de
2168 501 2271 556 qua
2301 487 2508 556 agitur;
2541 495 2718 542 tamen
2747 487 2971 560 singulae
3000 489 3347 559 qumstiones,
3376 499 3428 546 et
3459 504 3672 546 caussae

2072 594 2280 646 earum,
2325 582 2572 652 proprios
2610 596 2822 653 quoque
2877 580 2955 655 (7)
2998 581 3240 654 ﬂagitant
3291 597 3614 654 congressus
3645 621 3666 653 ,

2073 673 2197 729 licet
2223 673 2438 730 aliunde
2475 673 2586 745 jam
2617 691 2792 732 caestu.
2825 673 3301 747 lnterpretabimur
3329 677 3508 748 itaque
3551 677 3672 750 plc-

2071 766 2189 820 nius
2219 776 2274 821 et
2296 767 2400 821 vim
2423 775 2472 822 et
2492 769 2754 824 rationem
2780 767 3182 836 demutationis,
3206 784 3323 839 qua:
3348 767 3520 825 ferme
3541 770 3674 826 sub-

2071 861 2339 916 ministrat
2351 861 2571 917 alterius
2584 863 2762 918 carnis
2779 871 3156 918 resurrectnrte
3173 863 3670 933 prmsumptionem;

2070 953 2220 1022 quasi
2241 952 2526 1019 demutari,
2560 954 2808 1010 desinere
2833 954 2906 1010 sit
2935 955 2987 1010 in
3021 963 3215 1022 totum,
3243 965 3298 1011 et
3321 939 3396 1009 Ide
3441 956 3674 1028 pristino

2070 1043 2266 1114 perire.
2299 1044 2366 1119 (Ῑ)
2400 1045 2758 1102 Discernenda
2784 1057 2868 1102 est
2892 1055 3070 1103 autem
3113 1045 3408 1103 demutatio
3435 1045 3500 1102 ab
3521 1047 3672 1104 omni

2070 1149 2386 1210 argumento
2418 1141 2759 1212 perditionis.
2794 1141 2952 1196 Aliud
2994 1142 3137 1197 enim
3167 1139 3483 1207 demutatio,
3523 1141 3672 1198 aliud

2073 1229 2323 1299 perditio.
2354 1230 2525 1287 Porro
2549 1248 2654 1288 non
2679 1233 2822 1288 aliud
2854 1274 2870 1299 ,
2934 1233 2978 1288 si
3025 1234 3095 1288 ita
3119 1232 3480 1289 detnmabitur
3514 1247 3671 1302 caro,

2072 1329 2130 1375 ut
2157 1331 2360 1392 pereat.
2393 1321 2602 1382 Peribit,
2635 1333 2813 1380 autem
2845 1323 3138 1390 demutata,
3175 1325 3220 1380 si
3263 1340 3368 1379 non
3403 1324 3513 1392 ipsa
3544 1340 3674 1395 pcr-

2071 1413 2329 1469 tnanserit
2355 1415 2406 1468 in
2435 1413 2798 1471 demntationc
2819 1412 2924 1488 (8),
2953 1431 3070 1487 qua:
3117 1415 3354 1471 exhibita
3409 1415 3572 1472 fuerit
3611 1416 3670 1472 in

2070 1509 2484 1564 resurrectione.
2516 1507 2979 1577 Quemadmodum
3008 1509 3150 1564 enim
3187 1509 3345 1580 perit,
3379 1509 3420 1563 si
3450 1525 3557 1564 non
3587 1525 3679 1564 rc-

2069 1600 2270 1670 Surgit;
2307 1601 2397 1662 ita,
2447 1599 2548 1655 etsi
2579 1601 2811 1672 resurgit
2839 1600 3076 1672 quidem,
3111 1616 3294 1656 verum
3330 1603 3382 1656 in
3425 1597 3676 1656 demuta-

2071 1691 2268 1746 tionem
2297 1691 2632 1760 subducitur,
2663 1709 2815 1764 teque
2847 1693 3004 1762 perit.
3032 1691 3210 1764 Eque
3240 1693 3382 1748 enim
3414 1710 3518 1747 non
3546 1693 3674 1757 erit,

1992 1785 2043 1848 B
2070 1798 2132 1838 ac
2186 1783 2263 1856 (9)
2317 1785 2362 1840 si
2423 1801 2527 1840 non
2557 1785 2932 1840 resurrexcrit.
2967 1786 3034 1840 Et
3067 1802 3224 1857 quam
3258 1786 3523 1858 ineptum,
3552 1788 3594 1842 si
3623 1790 3680 1846 iu

2071 1875 2174 1930 hoc
2195 1875 2450 1948 resurgit,
2483 1885 2672 1932 utnon
2705 1878 2808 1932 sit!
2833 1894 2952 1949 quae
2973 1879 3266 1948 potuitnou
3287 1881 3677 1948 resurrexissc,

2071 1983 2170 2024 nec
2201 1983 2348 2034 esse;
2376 1968 2499 2040 quia
2531 1984 2636 2024 non
2669 1984 2790 2025 esse
2809 1970 2919 2041 jam
2947 1981 3204 2040 creperat.
3237 1969 3350 2026 Non
3399 1969 3514 2045 (l0)
3567 1973 3675 2026 ini-

2070 2059 2361 2114 scebuntur
2403 2061 2622 2114 omnino
2671 2061 2904 2127 diversa,
2947 2063 3170 2118 mutatio
3215 2072 3376 2133 atque
3421 2063 3680 2135 perditio,

2069 2151 2324 2221 Operibus
2373 2150 2555 2222 utique
2608 2153 2856 2208 diversa:
2928 2153 3099 2222 perdit
3149 2153 3286 2222 lt.cc,
3329 2153 3418 2210 illa
3481 2165 3678 2210 mutat.

2069 2244 2350 2312 Quomodo
2393 2259 2542 2314 ergo,
2577 2243 2746 2316 quod
2797 2246 3062 2316 perditum
3107 2256 3212 2309 est,
3256 2255 3517 2302 nnttatum
3569 2263 3682 2302 non

2070 2347 2184 2404 est;
2220 2340 2289 2394 ita
2318 2337 2456 2408 quod
2487 2346 2747 2393 mutatum
2779 2348 2882 2404 est,
2911 2339 3172 2409 perditum
3199 2354 3303 2392 non
3337 2347 3438 2394 est.
3464 2337 3684 2396 Perisse

2069 2433 2236 2498 enim,
2273 2434 2430 2488 estin
2475 2441 2643 2487 totum
2685 2447 2790 2487 non
2819 2447 2938 2488 esse
2983 2431 3127 2503 quod
3177 2430 3365 2496 fuerit;
3413 2442 3682 2488 mutatum

2070 2540 2209 2591 esse,
2239 2525 2398 2580 aliter
2421 2539 2542 2580 esse
2579 2535 2682 2581 est.
2721 2521 2836 2596 (11)
2883 2523 3072 2596 Porro,
3101 2525 3226 2580 dum
3259 2524 3414 2580 aliter
3442 2536 3545 2594 ρει,
3594 2526 3684 2582 id-

2074 2617 2250 2687 ipsum
2285 2627 2454 2688 potest
2484 2633 2603 2674 esse
2626 2637 2638 2672 :
2663 2616 2820 2674 habet
2857 2618 3000 2673 enim
3029 2633 3148 2674 esse
3183 2619 3322 2690 quod
3367 2632 3472 2674 non
3514 2621 3681 2691 perit.

2071 2710 2412 2766 Mutationem
2469 2711 2611 2766 enim
2673 2726 2888 2782 passum
2939 2719 3058 2777 est,
3129 2727 3234 2768 non
3292 2711 3677 2784 perditionem.

2071 2806 2246 2876 Atque
2283 2805 2417 2860 adeo
2449 2813 2628 2876 potest
2665 2816 2719 2861 et
2745 2804 3009 2861 demutari
3048 2805 3198 2876 quid,
3235 2816 3289 2862 et
3337 2807 3511 2879 ipsum
3553 2823 3684 2866 esse

2071 2897 2448 2965 nihilominus;
2494 2907 2544 2952 ut
2575 2908 2630 2953 et
2669 2907 2810 2952 lotus
2842 2899 3001 2953 homo
3025 2897 3076 2954 in
3113 2898 3212 2954 hoc
3237 2914 3352 2953 arvo
3379 2899 3682 2956 substantia

2071 2990 2282 3060 quidem
2333 2992 2444 3060 ipse
2494 2991 2582 3056 sit,
2631 2990 2980 3045 multifariam
3023 3001 3197 3046 tamen
3239 2991 3569 3059 demittetur,
3621 3003 3681 3050 et

2077 3083 2284 3150 habitu,
2315 3093 2369 3140 et
2403 3085 2514 3155 ipsa
2555 3083 2913 3155 corpulentia,
2957 3091 3012 3139 et
3038 3083 3362 3150 valetudine,
3393 3095 3447 3140 et
3483 3084 3683 3140 condi-

1991 3176 2036 3240 C
2072 3175 2244 3238 tione,
2271 3183 2324 3230 et
2345 3175 2620 3245 dignitate,
2649 3184 2704 3231 et
2733 3185 2914 3239 astate,
2937 3175 3138 3241 studio,
3162 3177 3395 3247 negotio,
3423 3176 3681 3247 artiﬁcio,

2070 3264 2432 3334 facultatibus,
2485 3266 2724 3333 sedibus,
2748 3266 3243 3338 legibus,moribus;
3269 3281 3368 3322 nec
3391 3267 3684 3340 quicquam

2076 3367 2254 3414 tamen
2285 3358 2492 3414 amittat
2522 3359 2752 3413 hominis
2781 3357 2932 3432 (12);
2979 3373 3078 3414 nec
3113 3359 3182 3413 ita
3236 3359 3370 3414 alius
3417 3357 3530 3431 (15)
3557 3359 3684 3416 eili-

2071 3454 2243 3506 ciatnr
2291 3449 2432 3524 (14),
2469 3460 2525 3506 ιιι
2576 3460 2751 3508 ceSset
2780 3451 2917 3507 idem
2950 3465 3100 3507 esse:
3145 3449 3253 3506 imo
3281 3467 3378 3506 nec
3405 3452 3540 3506 alius
3564 3453 3688 3507 crti-

2073 3545 2244 3599 ciatur
2293 3543 2432 3617 (l5),
2493 3544 2586 3600 sed
2638 3545 2805 3600 aliud.
2845 3544 2995 3601 Hanc
3035 3543 3263 3600 formam
3297 3545 3687 3604 demutationis

2075 3635 2254 3690 divina
2282 3635 2441 3690 etiam
2471 3635 2794 3691 documenta
2826 3644 3109 3692 testantur.
3138 3635 3372 3691 Mutatur
3404 3637 3536 3692 Mosi
3565 3654 3686 3694 ma-

2075 3743 2177 3782 nus
2221 3737 2276 3782 et
2319 3727 2536 3798 quidem
2565 3729 2632 3784 ad
2675 3730 2843 3785 instar
2869 3740 3149 3798 emortum,
3179 3731 3487 3802 exsanguis,
3517 3741 3573 3788 et
3617 3749 3688 3790 ex

2073 3820 2248 3876 albida
2292 3819 2408 3894 (lli)
2441 3819 2662 3893 frigida;
2718 3822 2814 3879 sed
2841 3833 2890 3878 et
2919 3833 3134 3894 recepto
3157 3823 3360 3888 calore,
3394 3835 3448 3880 et
3499 3816 3690 3882 refuso

2075 3913 2278 3981 colore,
2306 3913 2493 3971 eadem
2523 3929 2650 3970 caro
2672 3924 2726 3971 et
2755 3917 2972 3987 sanguis
3000 3925 3103 3972 est.
3137 3915 3372 3972 Mutatur
3409 3927 3595 3994 postea
3632 3929 3694 3976 et.

2078 4006 2241 4062 facies
2285 4005 2549 4078 ejusdem,
2586 4007 3040 4079 incontemplabili
3097 4005 3214 4082 (t7)
3261 4007 3522 4066 claritate.
3574 4009 3694 4066 Sed

2075 4099 2248 4156 Moses
2297 4109 2412 4156 erat
2445 4098 2561 4174 (l8)
2610 4100 2852 4172 proinde,
2889 4102 2976 4172 qui
3015 4117 3124 4159 non
3171 4100 3472 4158 videbatur.
3511 4103 3604 4160 Sic
3632 4115 3698 4162 et

1612 4226 1994 4294 LECTIONES
2035 4239 2450 4299 VARIANTES.

440 4313 514 4378 (ι)
537 4311 612 4378 Ex
637 4311 730 4362 ﬁde
766 4315 830 4360 ut.
858 4312 1118 4378 quze_r_..sit,
1152 4323 1316 4378 quom.
1350 4325 1496 4378 corp.
1522 4318 1670 4367 anim.
1697 4320 1790 4370 die.
1820 4329 1974 4378 semi-

374 4373 506 4443 nari;
535 4375 688 4443 flatu:
725 4385 826 4422 acc.
853 4373 938 4443 et_
951 4373 1038 4443 hic
1085 4375 1309 4443 spiritum
1343 4373 1514 4439 repétit
1553 4380 1702 4432 Semt.
1729 4373 1972 4443 mendo—ee.

465 4439 515 4498 Ξ)
535 4436 768 4498 Dispersa
792 4441 872 4498 est
902 4433 1054 4485 Rhea.
1078 4433 1229 4486 Sinel.

461 4495 514 4556 δ’)
533 4495 788 4556 Adi-egere
813 4495 962 4548 Rhea.

461 4558 511 4626 4)
537 4560 783 4626 intelligis
795 4558 950 4626 ῃΙιεη.
973 4558 1125 4626 Sami.
1153 4563 1320 4612 Venet.

447 4619 522 4688 (5)
545 4619 754 4688 [nteriiu
777 4619 936 4688 ΙζΙιῳι.
963 4619 1114 4672 Seml.

436 4681 515 4748 (ὃ)
545 4686 698 4735 Tuam
719 4681 1017 4748 add_._1tlten'.
1043 4695 1320 4748 perperam.

434 4743 512 4866 liii
532 4744 892 4861 ἓὲῗηἯῗεῗίὲξέἒῑ

457 4804 508 4862 81
533 4804 930 4861 Demtitationem
956 4804 1105 4858 Rhea.
1139 4805 1291 4858 Seml.

437 4869 512 4937 (9)
535 4873 606 4924 Ac
626 4871 757 4923 abest
774 4883 806 4921 a
829 4869 976 4922 alien.
1001 4869 1154 4922 Semt.

488 4687 512 4940 ξ

2005 4521 2160 4642 οι

2141 4331 2155 4388 (
2171 4330 2244 4394 l0)
2271 4333 2664 4387 NonnisiFranc.

2144 4394 2162 4458 l
2173 4395 2185 4444 l
2204 4399 2247 4458 I)
2273 4397 2372 4446 Sed
2399 4395 2544 4448 inser.
2575 4395 2718 4450 Rhea.
2752 4395 2903 4450 Seml.

2145 4456 2162 4518 (
2174 4456 2249 4518 l2)
2268 4459 2506 4510 Admittat
2529 4461 2734 4511 beluinis
2749 4463 2901 4512 Seml.

2173 4521 2246 4574 l5)
2267 4521 2407 4571 Aliud
2434 4523 2586 4572 Fran.
2625 4527 2768 4574 Pam.

2176 4581 2249 4644 li)
2274 4583 2492 4644 Etlicitur
2523 4582 2627 4636 alii.

2143 4643 2248 4700 (151
2273 4643 2492 4696 Etlieitur
2515 4648 2664 4697 Itlien.
2688 4646 2840 4698 Semt.

2137 4704 2244 4825 (ἓξ)
2271 4706 2333 4757 Et
2355 4709 2510 4759 albida
2537 4710 2765 4784 Frannet
2781 4707 3005 4795 exalbidn
3024 4708 3174 4760 Seml.

2230 4777 2242 4825 ι
2268 4767 2323 4819 Ιιι
2345 4771 2723 4825 contemplabili.
2747 4773 2912 4824 Palis.
2943 4773 3095 4823 Fran.

2164 4767 2242 4834 η)
2268 4767 2323 4834 In
2345 4771 2723 4834 contemplabili.
2747 4767 2912 4824 Paris.
2943 4773 3095 4823 Fran.

2138 4829 2242 4896 (l8)
2269 4831 2436 4884 Erant.
2462 4829 2646 4896 Vellem

1752 4963 2324 5032 COMMENTARIUS.‘

439 5069 620 5148 CAP;
643 5067 776 5148 [ll-ttf
843 5096 914 5108 .._
965 5063 1044 5138 (ιι)
1089 5064 1598 5148 Integreuintelﬁgis.
1645 5073 1962 5148 Cyprianus,

369 5143 527 5214 epist.
551 5137 891 5214 23-119'39"?
913 5136 1110 5214 “deum
1139 5136 1431 5214 (“afﬁnium
1460 5136 1579 5199 Εἶθ’

440 5205 840 5339 (bt-lnctuditu'r
872 5209 924 5261 in
951 5207 1132 5275 ipsam.
1165 5205 1444 5266 lncludere
1471 5229 1536 5268 eo
1557 5230 1718 5272 sensu
1749 5223 1960 5292 accipit,

443 5301 474 5339 o
521 5284 591 5339 ib.
625 5281 688 5336 de
711 5277 1013 5334 Paenitenlia
1039 5278 1171 5332 dixit
1199 5283 1482 5338 nonnullos
1510 5289 1778 5339 nemiuem
1799 5293 1960 5339 δηειη,

365 5277 474 5360 quo
499 5277 591 5339 lib.
625 5281 688 5360 de
711 5277 1013 5360 Paenitentia
1039 5278 1482 5360 dixitnonnullos
1510 5289 1778 5360 negligere
1799 5277 1964 5348 ῑηὲιιλξ

367 5350 486 5410 dere
517 5351 904 5424 pteniteutiam.
955 5350 1155 5424 Sensus
1185 5351 1342 5420 igitur
1376 5356 1513 5422 eius,
1536 5350 1763 5416 .iit'm'vtale
1787 5364 1957 5420 inclu-

367 5420 576 5549 Eliturjn
602 5425 792 5549 vitam:
820 5420 1090 5492 hispanico
1119 5437 1180 5477 cx
1191 5423 1344 5493 primi
1370 5420 1566 5495 potest,
1600 5443 1864 5502 engastose
1895 5453 1959 5492 ea

387 5514 419 5549 a
453 5514 497 5549 ut
537 5513 587 5549 a.
668 5509 750 5548 ac.

387 5514 419 5551 a
453 5497 587 5552 vida.
621 5497 750 5549 Lac.

439 5565 516 5639 (cl
564 5565 864 5639 Devoravi},
905 5563 1118 5639 inquit,
1169 5581 1304 5639 mors
1351 5568 1726 5626 invalescemlo.
1776 5575 1966 5635 Nescio

363 5633 524 5705 quem
569 5637 748 5692 locum
804 5633 1092 5708 Scriptura:
1125 5638 1384 5708 respiciat
1412 5643 1642 5708 Auctor;
1677 5647 1778 5702 nisi
1829 5633 1966 5706 forte

362 5708 612 5788 respiciat
658 5719 778 5788 cap.
895 5706 1051 5788 ltom.
1070 5705 1179 5788 _In
1203 5705 1375 5788 omnes
1405 5705 1638 5788 homines
1678 5733 1814 5774 mors
1844 5705 1962 5788 per;

365 5779 587 5848 transiit,
630 5781 688 5833 ut
724 5785 873 5852 putat
915 5777 1200 5837 l‘amelius.
1237 5778 1412 5838 Credo
1446 5782 1730 5856 legendum
1783 5777 1958 5863 potius

2065 5227 2158 5292 47,
2199 5227 2294 5285 ubi

2068 5086 2374 5160 invadenda,
2409 5107 2566 5160 quam
2591 5092 2965 5147 invalesrendo.
3002 5091 3132 5148 LAC.

2141 5157 2219 5232 (tl)
2249 5159 2351 5238 lilii
2370 5157 2444 5216 est
2471 5180 2605 5238 mors
2618 5165 2833 5238 aculeus
2859 5165 3010 5238 tuus?
3031 5163 3164 5218 Illud
3202 5162 3340 5238 idem
3363 5163 3530 5220 habet
3549 5181 3680 5238 Cap.

2363 5242 2418 5286 ut
2478 5235 2580 5289 hoc
2616 5236 2666 5288 in
2707 5237 2824 5289 loco
2855 5235 3079 5300 scribit,
3132 5235 3216 5288 alii
3252 5245 3322 5289 est
3366 5252 3502 5290 mors
3543 5235 3683 5293 ron-

2065 5302 2218 5377 lentio
2244 5304 2370 5358 tua?
2396 5303 2581 5377 Melius
2603 5315 2778 5360 tamen
2811 5309 2961 5377 vertit
2995 5307 3238 5376 Vulgatus
3266 5305 3536 5377 interpres
3564 5315 3680 5364 vic-

2063 5373 2354 5447 toria,_vtxq
2387 5376 2468 5447 vel
2495 5387 2613 5447 virts;
2639 5391 2831 5447 graece.
2861 5375 2938 5432 Ls
2973 5377 3070 5432 Pa.

2135 5442 2286 5500 CAP.
2325 5446 2533 5520 L_\_’._——
2561 5442 2665 5520 (εγ
2683 5445 2807 5501 Non
2848 5448 3025 5520 aliam
3048 5457 3444 5520 resurrecturum
3488 5449 3679 5519 probe-

2071 5529 2202 5590 mus,
2235 5523 2338 5572 etc.
2369 5515 2768 5574 Valentinianus
2797 5527 2948 5590 urget
2979 5518 3084 5585 hic;
3117 5518 3275 5586 hujus
3309 5515 3514 5576 tantum
3545 5536 3672 5575 car-

2069 5584 2154 5641 nis
2216 5590 2664 5645 resurreetionem
2718 5584 3004 5661 negabant,
3039 5584 3370 5713 nouantelrp
3416 5591 3670 5713 igni-rius.

3345 5674 3378 5713 ις
3463 5675 3518 5714 n.

2165 5727 2239 5812 l')__
2263 5728 2602 5812 Discernenda
2637 5740 2902 5812 autemest
2924 5730 3223 5796 demutatio,
3247 5737 3354 5812 etc.
3383 5729 3676 5812 Nttgaban.

2067 5803 2155 5858 tur
2185 5799 2521 5860 Marcionita:
2562 5802 2814 5862 demutari
2849 5803 2993 5866 idem
3013 5817 3132 5863 esse
3148 5816 3208 5859 ac
3229 5801 3412 5878 perire,
3433 5799 3674 5880 ideoque
