4052 6286
421 299 529 382 air

1434 327 1641 385 LIBER
1681 329 1768 385 DE
1807 331 2386 394 RESUIlRECTIONE
2423 337 2694 396 CARNIS.

3624 353 3728 410 878

423 441 730 513 Stephanus
780 443 1082 514 angelicum
1121 443 1230 516 jam
1278 445 1539 514 fastigium
1583 446 1852 513 induerat,
1918 447 2009 502 sed
2039 449 2090 509 Α
2117 448 2320 518 didicit,
2353 465 2404 509 et
2431 453 2700 510 Christum
2727 457 2917 526 induit,
2946 467 2997 514 ct.
3027 439 3176 530 spem
3204 463 3392 519 salutis
3413 465 3720 540 seminavit,

423 549 532 590 non
587 534 688 590 alia
733 550 904 606 genua
949 537 1252 608 lapidatioui
1283 537 1738 612 (l)succideraut.
1765 541 2018 598 Dominus

417 615 632 699 quoque
660 628 710 683 in
747 643 962 686 Secessu
993 631 1190 685 montis
1212 633 1371 686 etiam
1410 635 1724 690 vestimenta
1753 634 1872 690 luce
1901 651 2018 690 mu-

417 731 647 788 taverat,
681 719 760 798 (τι)
797 725 891 780 sed
925 725 1232 780 liniamenta
1260 726 1420 782 Petro
1449 729 1794 799 agnoscibilia
1820 743 2013 784 serva-

417 827 598 874 verat:
641 816 728 871 ubi
761 818 920 873 etiam
961 817 1170 890 Moyses
1201 831 1253 872 et
1279 818 1490 892 (Ilelias,
1520 817 1594 893 (ὁ)
1622 821 1756 876 alter
1794 822 1846 876 in
1877 823 2012 876 iuta-

412 909 536 982 giue
553 910 730 965 carnis
751 910 988 966 nondum
1012 922 1262 982 receptae,
1293 913 1428 968 alter
1457 913 1508 968 iu
1533 915 1755 970 veritate
1777 915 2010 971 nondmn

413 1001 702 1066 defunctte,
735 1001 978 1057 eamdem
1000 1011 1173 1058 tamen
1198 1003 1558 1060 habitudinem
1581 1007 1821 1076 corporis
1851 1009 2008 1063 etiam

413 1095 466 1151 in
521 1096 688 1166 gloria
743 1111 1092 1166 perseverare
1139 1098 1450 1154 docuerant.
1501 1100 1576 1155 De
1615 1116 1724 1170 quo
1765 1103 2010 1172 exemplo

409 1187 704 1256 instructus
727 1197 780 1242 ct
807 1186 1032 1242 Paulus:
1073 1189 1172 1254 Qui
1201 1191 1580 1262 transﬁgurubit
1635 1191 1738 1262 (Ξ),
1795 1191 2006 1264 inquit,

407 1298 593 1350 corpus
634 1283 936 1337 humilitatis
978 1294 1187 1348 nostrae,
1235 1286 1548 1356 conformata
1591 1279 1790 1356 certiori
1831 1288 2008 1358 gloria:

325 1389 373 1402 ⁸·
404 1391 530 1431 sine.
558 1374 710 1440 Quod
733 1374 776 1429 si
801 1385 853 1430 et
877 1373 958 1448 (5)
985 1377 1503 1453 tiausligurationem
1529 1387 1576 1432 et
1601 1381 2005 1435 conversionem

403 1471 458 1526 in
488 1469 766 1524 transitum
792 1469 1104 1524 substantiae
1127 1468 1204 1542 (c)
1230 1470 1486 1542 cujusque
1506 1470 1772 1538 defendis,
1801 1489 1928 1545 ergo
1953 1484 2006 1529 et

402 1561 529 1619 Saul
572 1563 620 1616 in
659 1563 822 1617 alium
863 1561 1032 1616 virum
1068 1577 1383 1628 ronversus,
1424 1565 1492 1618 de
1528 1579 1754 1633 corpore
1789 1579 1888 1620 suo
1927 1564 2004 1640 (4)

401 1657 652 1724 excessit,
679 1665 733 1712 et
758 1657 872 1725 ipse
893 1655 1142 1722 Satanas,
1173 1671 1292 1710 eum
1320 1657 1372 1711 in
1397 1657 1645 1725 angelum
1671 1659 1802 1713 lucis
1832 1669 2004 1713 trans-

400 1749 678 1819 Iigut'atur,
719 1749 1026 1820 qualitatem
1063 1763 1216 1803 suam
1256 1749 1491 1804 amittit:
1538 1764 1643 1804 non
1675 1751 1885 1820 opinor.
1926 1749 2000 1806 Ita

399 1851 456 1902 et
497 1844 548 1898 in
589 1843 1000 1900 resurrectionis
1039 1853 1290 1900 eventum
1329 1842 1408 1917 (Si)
1455 1846 1682 1912 mutari,
1728 1845 2002 1916 eunverli,
2035 1845 2082 1906 B
2114 1857 2234 1912 dum
2267 1859 2383 1932 (12)
2413 1861 2701 1919 adscribis?
2718 1866 2852 1934 Quid
2873 1877 2953 1923 est
2981 1871 3202 1926 credere
3235 1879 3703 1953 resurrectionem,
3726 1889 4031 1953 summm.-

3721 1938 4039 1984 “animum;

399 1937 678 1992 reformari
710 1937 889 1992 licebit
917 1952 1037 1991 cum
1067 1938 1237 1992 salute
1265 1939 1605 1994 substantize.

999 2027 1228 2085 CAPUT
1269 2029 1402 2085 LVI.

473 2121 685 2177 Etenim
707 2138 863 2192 quam
886 2123 1198 2192 absurdum,
1224 2140 1382 2194 quam
1409 2141 1536 2180 vero
1558 2136 1611 2180 et
1635 2127 1870 2197 iniquum
1897 2126 1996 2198 (6),

399 2226 684 2285 utrumque
715 2224 890 2270 autem
921 2230 1078 2286 quam
1107 2217 1214 2271 Deo
1240 2217 1536 2287 indignum,
1566 2219 1724 2272 aliam
1753 2219 2000 2273 substan-

397 2307 528 2362 tiam
569 2307 806 2376 operari,
851 2307 1010 2362 aliam
1051 2307 1300 2364 mercede
1339 2307 1416 2382 (7)
1465 2309 1743 2382 diSpuugi;
1787 2321 1846 2365 ut
1885 2311 2000 2366 lucc

354 2424 368 2437 ν
399 2403 616 2474 quidem
645 2417 772 2458 caro
804 2419 897 2472 per
925 2403 1176 2475 martyria
1207 2403 1455 2470 lanietur,
1487 2405 1588 2458 alia
1621 2401 1746 2458 vero
1775 2418 2000 2460 corone-

401 2503 520 2559 tur;
563 2495 687 2568 itgm
716 2510 747 2552 e
776 2495 1067 2556 contrario,
1101 2497 1215 2550 inec
1245 2495 1458 2564 quidem
1489 2511 1616 2552 caro
1645 2496 1695 2550 in
1730 2497 2000 2566 spurcitiis

398 2589 691 2655 volutetur,
715 2589 817 2644 alia
843 2604 972 2644 vero
995 2589 1276 2645 damnetur
1293 2590 1307 2643 ι
1324 2588 1522 2676 ⁸Νοιιιιιε
1549 2599 1764 2659 praestat
1783 2605 1997 2646 otnnem

398 2683 567 2737 semel
600 2681 758 2738 tidem
789 2698 818 2740 α
849 2699 945 2752 spe
974 2683 1388 2746 resurrectionis
1417 2683 1704 2750 abducere,
1743 2701 1899 2754 quam
1933 2685 2000 2741 de
2047 2701 2050 2704 ’

397 2774 661 2844 gravitate
699 2783 859 2844 atque
893 2772 1097 2842 justitia
1143 2774 1237 2828 Dei
1281 2773 1498 2829 ludere?
1539 2774 1859 2831 Marcionem
1904 2791 2000 2847 pro

401 2865 687 2920 Valentino
718 2865 1058 2932 resuscitari!
1088 2866 1302 2938 quando
1332 2883 1506 2939 neque
1539 2878 1793 2932 mentem,
1827 2885 2003 2940 neque

400 2959 752 3025 memoriam,
806 2953 978 3031 neque
1027 2961 1416 3016 conscientiam
1467 2961 1702 3017 hominis
1757 2961 2000 3018 hodierni

399 3050 658 3106 credibile
679 3051 750 3107 sit
769 3051 970 3107 aboleri
997 3067 1092 3122 per
1112 3052 1482 3108 indumentum
1509 3053 1634 3108 illud
1659 3055 1997 3109 tnutatorium

399 3143 818 3200 immortalitatis
841 3152 897 3200 et
923 3144 1315 3214 incorruptelae,
1341 3155 1595 3200 vacaturo
1619 3145 1826 3200 scilicet
1849 3161 1999 3200 cmo-

2117 540 2174 599 in
2204 543 2327 610 alia,
2360 548 2542 602 nescio
2565 565 2685 618 qua,
2719 559 2882 605 metat
2910 549 3176 608 fructum?
3206 553 3299 610 Na:
3327 555 3414 611 illa
3441 561 3719 628 gratiosis-

2119 633 2252 688 sima
2285 651 2440 704 caro,
2483 640 2566 695 cui
2608 641 2772 712 gratis
2801 643 2909 698 vita
2937 645 3224 700 constabit.
3268 646 3419 715 Quod
3451 650 3494 704 si
3528 667 3632 706 non
3666 662 3720 709 et

2119 727 2296 782 anima
2327 731 2636 798 mutabitur,
2663 733 2770 804 jam
2795 750 2895 791 nec
2916 737 3108 792 anima:
3131 741 3455 796 resurrectio
3479 752 3587 810 est;
3619 733 3720 802 nec

2119 817 2232 889 ipsa
2268 823 2410 878 enim
2455 827 2817 884 resurrexisse
2845 830 3126 898 credetur,
3169 834 3215 890 si
3255 849 3360 890 non
3399 835 3502 894 alia
3535 854 3717 897 resur-

2116 913 2331 968 rexerit.

2703 1011 2928 1070 CAPUT
2967 1015 3124 1072 LVII.

2153 1115 2287 1172 Ilinc
2305 1117 2414 1188 jam
2441 1117 2526 1176 illa
2553 1122 2784 1194 vulgaris
2812 1125 3199 1185 incredulitatis
3221 1135 3424 1206 argutia
3449 1135 3567 1209 (ιο)
3592 1148 3706 1196 est:

2115 1203 2192 1269 Si,
2226 1209 2489 1280 inquiunt,
2520 1213 2630 1284 ipsa
2653 1216 2948 1289 eadamque
2966 1221 3259 1278 substantia
3285 1203 3564 1282 revocatur
3589 1243 3710 1284 eum

2112 1312 2207 1352 sua
2246 1299 2438 1366 forma,
2479 1303 2638 1368 linea,
2681 1308 2960 1378 qualitate,
3000 1327 3130 1384 ergo
3165 1323 3221 1369 et
3257 1332 3376 1372 cum
3413 1320 3736 1392 insignibus.

2111 1389 2222 1484 suis
2251 1391 2470 1464 reliquis
2495 1411 2508 1448 :
2544 1395 2724 1467 itaque
2752 1409 2805 1454 et
2833 1403 2982 1468 (κριοί,
3019 1413 3073 1458 et
3099 1405 3296 1472 claudi,
3327 1419 3381 1464 et
3411 1389 3711 1484 paralytici,

2112 1493 2160 1534 et
2181 1479 2296 1555 (ll)
2316 1491 2371 1539 ιιι
2387 1487 2503 1556 quis
2521 1487 2740 1560 insignis
2757 1496 3049 1550 excesserit
3079 1495 3158 1570 (ιι)
3175 1539 3190 1566 ,
3218 1499 3290 1554 ita
3313 1513 3366 1556 et
3390 1479 3705 1562 revertetur.

2109 1574 2246 1644 Quid
2275 1581 2450 1635 nunc?
2478 1592 2532 1637 et
2560 1583 2605 1638 si
2635 1583 2729 1652 ita,
2759 1586 3066 1657 dedignaris
3095 1602 3294 1650 tantam
3323 1599 3544 1664 gratiam
3574 1615 3706 1670 qua.

2108 1665 2403 1740 liscnntqne
2429 1687 2456 1725 a
2489 1673 2596 1730 Deo
2620 1678 2914 1748 consequi?
2942 1680 3058 1735 Non
3081 1683 3222 1739 enim
3253 1697 3300 1740 et
3333 1704 3491 1756 nunc,
3515 1665 3708 1749 animae

2107 1763 2273 1817 solius
2298 1765 2588 1822 admittens
2615 1771 2864 1839 salutem,
2896 1774 3188 1833 dimidiatis
3221 1779 3522 1839 hominibus
3553 1802 3704 1840 eam-

2108 1951 2208 2004 nisi
2241 1952 2503 2022 integram
2534 1957 2794 2014 credere?
2835 1959 2887 2015 Si
2929 1962 3071 2016 enim
3103 1978 3230 2018 caro
3259 1965 3325 2020 de
3357 1951 3707 2027 dissolutione

2105 2043 2461 2110 reparabitur,
2487 2047 2654 2102 multo
2687 2052 2851 2119 magis
2881 2053 2948 2106 de
2981 2053 3254 2112 vitiatione
3285 2057 3699 2130 (15)ινοι·ο‹;τιι)ἰ‹

2107 2143 2210 2187 tur.
2270 2135 2568 2192 Minoribus
2622 2139 2824 2213 maiora
2883 2147 3252 2216 praescribunt.
3309 2151 3706 2224 Cujuscumque

2105 2228 2330 2282 membri
2362 2229 2721 2298 detruncatio,
2758 2237 2844 2290 vel
2876 2237 3110 2308 obtusio,
3149 2257 3326 2300 netme
3358 2261 3505 2302 mors
3537 2265 3707 2306 ntem-

2103 2317 2182 2374 bri
2208 2333 2284 2376 est
2305 2323 2400 2379 ?Si
2429 2325 2748 2382 universalis
2775 2345 2920 2384 mors
2941 2337 3335 2392 resurrectione
3357 2341 3700 2408 rescinditur,

2103 2411 2228 2481 quid
2253 2415 2602 2482 portionalis?
2621 2415 2693 2490 (e)
2715 2418 2768 2476 Si
2789 2419 3129 2480 demittantur
3155 2427 3205 2482 in
3234 2429 3477 2499 gl0tiant,
3507 2445 3707 2504 quanto

2103 2505 2272 2574 magis
2305 2507 2355 2561 in
2389 2505 2840 2568 incolumitatem!
2886 2513 3103 2573 Vitiatio
3137 2532 3420 2590 corporum
3452 2525 3702 2582 accidens

2104 2612 2194 2652 res
2235 2607 2352 2666 est;
2403 2599 2684 2673 integritas
2731 2607 2940 2676 propria
2987 2620 3114 2664 est:
3170 2611 3220 2665 in
3269 2612 3368 2669 hac
3411 2619 3701 2675 nascimur.

2104 2689 2327 2745 Etiamsi
2347 2693 2396 2746 in
2417 2703 2568 2749 utero
2586 2696 2835 2753 vitientur
2857 2697 2993 2772 (14),
3009 2701 3115 2772 jam
3138 2703 3371 2762 hominis
3397 2717 3478 2763 est
3503 2713 3698 2777 passio.

2103 2781 2258 2838 Prius
2283 2793 2365 2838 est
2386 2799 2578 2855 genus,
2607 2803 2766 2858 quam
2793 2805 2967 2846 casus.
2997 2793 3280 2862 Quomodo
3303 2801 3404 2856 vita
3431 2803 3706 2861 confertur

2103 2889 2131 2928 a
2165 2877 2296 2941 Deo,
2329 2878 2398 2932 ita
2424 2887 2479 2934 et
2505 2881 2752 2937 refertur.
2782 2883 2976 2951 Quales
3003 2902 3118 2941 eam
3147 2890 3458 2962 accipimus.
3493 2898 3625 2952 tales
3650 2912 3704 2956 et

2104 2969 2414 3039 recipimus.
2445 2969 2680 3040 Naturae,
2715 2989 2822 3029 non
2854 2975 3060 3046 injuriae
3089 2980 3384 3039 reddimur.
3418 2989 3570 3054 Quod
3605 3005 3700 3044 ua-

2103 3059 2324 3127 scimur,
2379 3076 2488 3116 non
2533 3063 2674 3132 quod
2724 3064 2990 3134 latditnur,
3040 3059 3428 3131 reviviscimus.
3487 3079 3542 3134 Si
3593 3098 3699 3137 non

2105 3149 2342 3224 integros
2379 3153 2522 3211 Deus
2557 3159 2810 3226 suscitat,
2857 3175 2964 3216 non
3001 3165 3224 3222 suscitat
3263 3181 3526 3230 mortms.
3571 3173 3703 3241 Quis

399 3237 643 3292 lnmento
669 3246 724 3292 et
749 3235 922 3292 fructu
949 3236 1378 3300 resurrectionis,
1409 3247 1460 3292 et
1489 3245 1628 3290 statu
1657 3235 1820 3292 divini
1848 3247 1989 3293 utro-
2017 3231 2066 3297 C
2097 3245 2240 3300 enim
2290 3259 2532 3306 tnortuus
2581 3251 2804 3324 integer,
2859 3256 2961 3311 etsi
3007 3257 3214 3330 integer
3261 3266 3527 3322 moritur?
3572 3231 3705 3338 Quis

397 3328 563 3401 bique
587 3328 794 3400 iudicii.
825 3328 880 3384 Si
912 3345 1016 3384 non
1047 3327 1380 3384 meminerim
1413 3345 1500 3386 me
1529 3344 1651 3386 esse
1683 3331 1771 3402 qui
1803 3332 1994 3398 merui,

400 3421 670 3494 quomodo
709 3421 934 3490 gloriam
981 3422 1090 3476 Dco
1131 3421 1342 3476 dicam?
1391 3422 1660 3492 quomodo
1698 3437 1884 3477 canam
1927 3424 1996 3480 illi

399 3530 596 3570 noi'um
619 3515 906 3580 canticum,
934 3515 1178 3570 nesciens
1196 3529 1280 3568 me
1296 3529 1418 3594 esse
1434 3515 1522 3586 qui
1539 3515 1765 3586 gratiam
1789 3516 1896 3571 Deo
1918 3515 1996 3590 (8)

399 3605 622 3662 debeam
639 3607 662 3662 ?
681 3606 791 3662 Cur
811 3619 990 3683 autem
1013 3605 1178 3662 solius
1202 3607 1378 3662 carnis
1401 3607 1694 3662 demutatio
1715 3609 1996 3680 excipitur,

399 3716 507 3755 non
539 3711 592 3756 et
621 3701 812 3755 animai
841 3700 1022 3766 simul,
1056 3715 1174 3770 qua:
1207 3700 1256 3755 in
1288 3701 1538 3758 omnibus
1565 3700 1780 3774 praefuit
1808 3703 1996 3761 carui?

397 3793 556 3864 quale
575 3803 676 3857 est,
696 3805 749 3849 ut
773 3791 852 3868 (9)
876 3793 1060 3849 eadem
1083 3795 1282 3862 anima,
1304 3811 1422 3866 qua:
1447 3796 1497 3850 in
1521 3794 1620 3868 hac
1641 3811 1802 3853 carne
1825 3806 1991 3853 totum

398 3888 524 3942 vitae
563 3885 803 3944 ordinem
843 3885 1179 3955 decucurrit,
1223 3903 1342 3958 qua:
1387 3888 1440 3944 in
1481 3887 1582 3944 hac
1621 3902 1786 3945 carne
1825 3890 1991 3946 Deum

2101 3337 2407 3408 incolumis,
2437 3342 2525 3412 qtti
2554 3345 2854 3402 exanimis?
2877 3349 3022 3420 quod
3053 3367 3248 3423 corpus
3276 3356 3541 3424 inhrsutn,
3574 3337 3698 3418 cum

2103 3431 2502 3504 interen'tptnm,
2546 3452 2666 3490 cum
2709 3437 2982 3508 frigidum,
3027 3440 3148 3498 cum
3187 3448 3534 3518 expallidum,
3577 3468 3698 3509 cum

2101 3524 2349 3592 edurum,
2383 3541 2504 3581 cum
2537 3531 2811 3586 cadaver?
2845 3531 2916 3604 (ί)
2959 3535 3182 3601 Quando
3214 3539 3381 3610 magis
3411 3541 3572 3598 homo
3603 3546 3699 3602 de-

2101 3617 2248 3684 bilis,
2280 3621 2382 3675 nisi
2412 3635 2533 3676 cum
2567 3623 2746 3678 totus?
2774 3626 2988 3695 quando
3019 3632 3188 3701 magis
3219 3635 3562 3706 paralyticus,
3597 3641 3701 3696 nisi

2101 3723 2223 3765 cum
2255 3711 2578 3781 immobilis?
2605 3713 2703 3781 Ita,
2735 3716 2868 3772 nihil
2893 3719 3038 3776 aliud
3065 3732 3148 3778 est
3177 3735 3444 3782 mortuum
3471 3733 3701 3787 resusci-
3734 3748 3748 3762 '

2101 3801 2231 3870 tari,
2273 3819 2431 3872 qttam
2469 3803 2734 3876 integrum
2771 3808 2920 3878 tieri;
2963 3828 3030 3868 ne
3065 3829 3131 3869 ex
3169 3831 3231 3872 ea
3274 3829 3422 3888 parte
3457 3832 3702 3882 mortuus

2098 3891 2274 3949 adhuc
2315 3895 2412 3961 sit,
2457 3911 2523 3952 ex
2567 3913 2671 3968 qua
2716 3913 2820 3956 non
2864 3908 3239 3964 resurrexerit.
3287 3910 3517 3972 Idoneus
3562 3917 3698 3974 Deus

1621 4003 2002 4066 LECTIONES
2039 4006 2451 4067 VARIANTES.

459 4121 534 4182 tl.)
562 4119 616 4182 lu
638 4117 931 4182 lapidatione
957 4117 1124 4170 Paris.
1147 4121 1300 4173 Fran.

392 4183 418 4244 ξ’
461 4181 535 4244 (2)
559 4181 941 4244 TranSliguravit
971 4184 1146 4244 Venet.

460 4241 536 4300 (ὃ)
559 4244 662 4295 Etsi
684 4241 828 4295 ιιιιὲη.
846 4242 997 4294 Semt.

466 4301 536 4378 tt)
556 4305 656 4378 §uo
672 4301 772 4378 dat.
799 4305 900 4378 (τις.
933 4308 1101 4358 Venet.

461 4365 536 4434 (ὅ)
559 4368 751 4434 Eventu
773 4365 878 4420 alii.

2183 4129 2235 4192 8)
2260 4127 2492 4192 Deodel.
2524 4131 2668 4185 Rhea.
2690 4135 2841 4188 Seml.

2183 4129 2235 4192 8)
2260 4129 2372 4180 Deo
2393 4129 2492 4181 del.
2524 4131 2668 4185 Rhea.
2690 4135 2841 4188 Seml.

2179 4192 2232 4254 9)
2263 4191 2325 4242 Ut
2341 4191 2472 4244 abest
2494 4207 2527 4244 a
2546 4195 2699 4247 then.

2183 4255 2241 4304 l0
2289 4253 2392 4306 Illae
2409 4257 2626 4320 vulgaris
2639 4261 2690 4308 in
2706 4265 2912 4325 argutia:
2931 4263 3018 4316 alii

2158 4317 2244 4380 (tt
2286 4316 2392 4380 Etsi
2417 4318 2584 4371 creteri
2605 4334 2784 4374 omnes.

2185 4316 2264 4382 11)
2289 4316 2392 4390 Εέιεί
2417 4316 2584 4371 σιιιῑενί
2605 4316 2790 4374 omnes:

2183 4379 2260 4440 t2)
2285 4379 2467 4430 Itadem
2493 4381 2644 4434 Rhen.
2665 4382 2818 4436 Serui.

2158 4317 2178 4568 Ξ

463 4428 536 4511 ῐὲὶ
561 4428 931 4511 Ξιΐὶτίίεξιξξὶαέίὲ
945 4431 1188 4511 mdest-
2015 4486 2070 4511 π
2158 4428 2263 4511 (Ἐξ)
2289 4428 2938 4511 Χειξιῖίοῖἷὸὂὶἰιῆεὲἷὶἑωιω·
2961 4452 3188 4508 «Iunium.

466 4447 536 4496 ιο)
564 4447 820 4481 emarcum
843 4447 931 4482 am
946 4447 1188 4484 mendose.
2185 4447 2240 4490 15
2289 4447 2564 4494 Vexatione
2580 4459 2741 4500 omnes
2760 4455 2938 4511 prarter
2961 4455 3054 4504 Jur

466 4491 535 4559 ΓΙ)
561 4493 842 4545 Mercedem
859 4492 1010 4546 Rhea.
1032 4493 1186 4546 Sami.
1467 4545 1470 4549 ,
2015 4486 2070 4547 Ι)
2158 4447 2264 4568 itii
2289 4502 2546 4556 Vexemur
2568 4507 2722 4560 Rhea.
2747 4509 2857 4576 Rig.
2887 4516 3054 4566 Venet.

1763 4603 2322 4666 COMMENTARIUS.

398 4735 639 4784 carnem,
671 4735 846 4793 quam
898 4719 1189 4793 habemus,
1225 4719 1504 4776 fruitnram
1527 4737 1641 4793 non
1671 4734 1792 4777 esse
1817 4723 1985 4793 gloria

397 4791 823 4862 resurrectionis,
871 4792 1123 4862 quoniam
1178 4791 1446 4848 imumtari
1504 4792 1685 4860 debet,
1735 4803 1792 4848 ut
1825 4791 1988 4851 docet

395 4859 702 4928 Apostolus.
731 4861 808 4916 ιε
843 4859 940 4917 Ρὶι.

469 4931 544 5006 (ει)
575 4934 682 4990 Sed
705 4933 995 5006 liniamenta
1028 4930 1178 4987 Petro
1197 4933 1545 5004 agnoscibilia.
1569 4935 1988 5006 Transtiguratio

395 5003 593 5078 Christi
628 5019 810 5058 norma
841 5003 934 5057 fuit
962 5003 1375 5078 resurrectionis
1405 5015 1618 5068 nostra};
1643 5003 1809 5075 quare
1840 5008 1985 5078 quis-

393 5092 498 5144 que
527 5077 841 5130 lineamenta
873 5084 926 5148 et
957 5077 1178 5148 formam
1210 5091 1370 5148 suam
1402 5079 1714 5139 reservabit,
1749 5077 1870 5148 qua
1895 5095 1986 5132 cu-

394 5148 576 5270 lgauslci
604 5155 785 5217 queat,
813 5145 965 5216 cujus
1003 5147 1237 5202 rationes
1283 5147 1459 5202 reddit
1504 5145 1984 5219 JttStinus'qumst.

407 5219 422 5236 ’
468 5259 478 5269 .
537 5233 640 5270 διο.

389 5216 478 5274 60.
513 5216 640 5274 late.

469 5286 572 5362 (lt),
604 5288 744 5362 Alter
775 5291 830 5344 in
865 5289 1084 5362 imagine
1118 5288 1285 5362 carnis
1333 5290 1556 5362 nondum
1592 5301 1821 5360 receptet.
1867 5291 1988 5347 Ilmc

397 5357 706 5415 Teititlliani
735 5357 994 5416 sententia
1023 5359 1271 5429 probatur
1291 5377 1318 5413 a
1347 5361 1404 5417 S.
1429 5360 1631 5415 Thoma
1659 5357 1710 5414 in
1737 5377 1982 5416 commen-

397 5432 539 5486 tariis
578 5432 630 5484 in
662 5431 846 5485 Matth.
882 5440 933 5486 ct
961 5431 994 5486 5
1023 5447 1073 5499 p.
1104 5447 1155 5499 q.
1204 5431 1293 5496 45,
1340 5441 1438 5484 art.
1471 5433 1504 5486 5
1546 5431 1632 5486 ad.
1679 5435 1732 5495 9.;
1777 5431 1894 5484 Lit‘a
1936 5435 1988 5488 in

399 5500 1022 5568 tliutttt.X\’lI,Abulensi
1054 5511 1228 5570 quiest.
1263 5501 1332 5556 54
1353 5511 1404 5556 et
1425 5502 1754 5558 55.’I‘amet‘si
1775 5503 1985 5558 Patrum

396 5581 452 5647 et
479 5571 832 5647 Interpretum
857 5571 1563 5647 plurasnll'ragiasuadeant
1583 5574 1740 5629 etiam
1767 5573 1983 5647 Moysen

396 5644 450 5698 in
494 5643 720 5699 vcrilate
749 5643 1058 5698 sumcat‘nis
1084 5643 1418 5712 apparuisse,
1461 5645 1550 5712 qui
1589 5659 1620 5698 e
1659 5643 1882 5700 mortuis
1919 5646 1986 5702 ad

395 5723 608 5784 ten-titus
652 5715 777 5770 illud
809 5717 1119 5784 resurrexit.
1155 5715 1432 5784 Approhat
1475 5715 1612 5769 hanc
1663 5717 1985 5770 sententiam

395 5783 728 5860 Epiphanius
757 5799 824 5860 ett
861 5783 1061 5860 Proc|o_
1095 5794 1149 5860 et
1184 5783 1475 5860 IIetltodio;
1519 5789 1742 5860 August.
1789 5786 1988 5860 ηιξ-ιιι

392 5853 462 5924 de
499 5853 687 5921 inirab.
719 5857 906 5932 script.
949 5870 998 5922 ο.
1042 5857 1144 5930 to;
1196 5855 1550 5936 Hieronymus
1599 5853 1650 5916 in
1699 5871 1818 5934 cap.
1846 5856 1992 5920 XVII

2085 4711 2278 4782 ’Matth.
2323 4727 2453 4784 Lac.

2165 4799 2241 4881 (c)
2293 4799 2356 4854 In
2415 4802 2684 4881 transiliuit
2729 4807 3042 4881 substantite.
3085 4810 3378 4870 Transitum
3426 4818 3510 4876 hic
3553 4823 3686 4881 dicit

2092 4871 2293 4962 Auctor
2313 4874 2454 4962 quod
2475 4884 2650 4938 antea,
2674 4875 2774 4929 hoc
2795 4879 2988 4962 capite.
3013 4896 3118 4936 non
3142 4887 3304 4962 semel
3329 4871 3690 4962 perditionem:-

2091 4943 2230 5028 sicnt
2253 4945 2521 4998 transitum
2547 4957 2770 5028 mortem
2803 4943 3074 5028 appellare
3101 4943 3354 5028 solemus".
3380 4943 3691 5028 Quod

2093 5012 2334 5092 ﬁrmatur
2372 5031 2436 5074 ex
2468 5031 2534 5068 eo
2563 5019 2704 5092 quod
2749 5012 2924 5074 addit:
2971 5019 3112 5090 Ergo
3151 5036 3200 5078 et
3235 5012 3686 5092 δηηιΓξιζ

2091 5085 2252 5138 virum
2281 5085 2662 5154 Cttnver81t8,de
2683 5105 2894 5158 corpore
2911 5108 3003 5146 suo
3029 5085 3260 5150 excessit.
3290 5085 3426 5154 Pan.
3459 5161 3464 5166 λ

2346 5176 2500 5257 [ΝΙΙέ
2534 5209 2604 5257 _-—
2637 5179 2714 5257 (tl)
2757 5179 2826 5236 Ut
2858 5184 2970 5252 quis
3003 5185 3214 5257 insignis
3249 5198 3532 5248 excesserit.
3566 5195 3682 5252 Vox

2089 5248 2304 5317 insignis
2327 5263 2430 5334 pro
2460 5248 3427 5334 deformi;nonnunquam"usurpatur,
3467 5248 3685 5334 perinde

2092 5333 2154 5373 ac
2181 5321 2370 5388 graecis
2392 5321 2621 5388 ’ἐπίσημος
2679 5321 2752 5376 LE
2778 5322 2876 5378 Pa.

2164 5409 2238 5494 (ιῖ)
2281 5408 2341 5463 Si
2367 5410 2688 5496 drn‘tutamur
2713 5413 2764 5466 in
2791 5416 3028 5484 gloriam,
3063 5434 3250 5489 quanto
3282 5426 3441 5496 magis
3467 5428 3516 5481 in
3544 5428 3686 5484 inm-

2092 5481 2391 5554 iamautem.
2435 5481 2558 5535 Haec
2597 5484 2697 5554 erit
2735 5481 3022 5554 corporum
3061 5481 3281 5547 mutatio
3322 5481 3388 5548 in"
3410 5481 3683 5554 resurrec-

2095 5553 2258 5638 tione,
2303 5560 2358 5604 ut
2389 5567 2510 5638 non.
2540 5552 2723 5621 quales
2760 5552 3208 5638 utortuifuerint,
3250 5578 3547 5638 resurgant,
3570 5552 3682 5624 sed

2089 5622 2261 5700 qualis
2289 5633 2404 5676 erat
2429 5621 2637 5700 primus
2669 5639 2859 5692 parens
2887 5637 3170 5700 antequam
3198 5621 3680 5696 mitu..i’.;'n.l;unu

2091 5693 2394 5762 attingeret.
2428 5693 2504 5748 Le
2532 5693 2627 5748 Pa.

2167 5783 2229 5866 (t)
2273 5783 2490 5866 Quando
2519 5783 2680 5866 magis
2705 5786 3062 5866 _It_omo_c_iebilis
3090 5792 3190 5850 nisi
3217 5811 3331 5852 cum
3364 5811 3494 5860 totus
3523 5802 3544 5839 ⁸³
3571 5811 3670 5866 iter

2093 5864 2200 5928 est,
2232 5871 2346 5916 cum
2375 5865 2507 5918 totus
2539 5857 2832 5918 estdebitis.
2871 5859 2984 5920 IIIG.
