4052 6286
353 378 462 437 879

1774 362 2233 423 TERTULLIANI

3545 355 3656 412 880

363 493 589 550 reticere
613 487 751 561 quod
781 488 924 544 fecit.
958 485 1108 541 lianc
1133 498 1282 540 suam
1309 492 1363 540 et
1388 489 1704 553 potestatem
1734 490 1787 536 et
1813 480 1948 536 libe-
1977 482 2029 538 Λ
2056 476 2294 533 manebit
2342 475 2557 546 quidem
2609 487 2736 529 caro
2787 472 2951 529 etiam
3003 478 3123 542 post
3169 469 3654 534 resurrectionem,

358 585 621 641 ralitatctn
647 581 775 637 satis
793 580 901 650 jam
926 580 977 634 in
1000 576 1214 634 Christo
1234 576 1539 647 spopondit,
1568 575 1675 630 imo
1695 584 1747 632 et
1768 584 1949 631 osten-

356 676 436 732 dit
473 691 577 730 non
619 684 819 728 tantum
858 670 1289 727 resnscitatorem
1325 669 1521 735 carnis,
1563 684 1749 724 verum
1787 668 1947 723 etiam

356 768 854 838 redintegratorem.
874 764 1048 834 Atque
1070 761 1206 817 adeo
1225 769 1279 817 et
1299 760 1591 832 Apostolus
1612 778 1625 815 :
1651 757 1717 813 Et
1739 760 1945 825 mortui,

338 859 533 932 'inquit
563 856 620 931 (I
647 856 791 924 Con,
821 855 915 911 XV
935 852 977 926 ),
1006 840 1273 925 resurgent'
1296 851 1599 924 incorrupti.
1630 850 1911 932 Quomodo
1932 893 1947 917 ,

358 930 462 1008 nisi
492 949 716 1022 integri,
749 949 836 1019 qui
867 954 1012 1002 retro
1037 945 1297 1015 corrupti,
1329 942 1405 1017 (a)
1449 956 1554 999 tam
1584 943 1711 999 vitio
1741 930 1947 997 valetis-

356 1044 532 1111 dinis,
584 1056 743 1113 quam
794 1048 848 1096 et
895 1038 1047 1094 senio
1095 1038 1420 1107 sepulturae?
1471 1033 1604 1090 Nam
1654 1044 1711 1090 et
1756 1049 1947 1102 supra,

360 1147 643 1205 utrumque
672 1145 1001 1204 proponens,
1042 1140 1296 1199 oportere
1327 1137 1380 1184 ct
1409 1127 1774 1195 corruptivum
1811 1124 1950 1181 istud

361 1227 582 1283 induere
609 1222 1044 1294 incorruptelam,
1076 1228 1130 1275 ct
1158 1218 1383 1275 mortale
1411 1218 1551 1273 istud
1580 1217 1950 1273 immortalita-

355 1330 487 1384 tem,
511 1332 614 1372 non
638 1315 852 1372 iteravit
872 1312 1216 1380 sententiam,
1239 1310 1333 1366 sed
1354 1310 1708 1365 differentiam
1732 1308 1954 1363 deman-

356 1409 520 1465 darit.
559 1405 1022 1462 hnmortalitatem
1062 1402 1204 1458 enim
1234 1401 1300 1457 ad
1332 1399 1710 1457 rescissioncm
1742 1398 1950 1465 mortis,

358 1501 773 1570 incorruptclam
832 1496 899 1552 ad
958 1495 1386 1551 obliterationem
1442 1492 1761 1563 corruptelre
1810 1490 1951 1545 divi-

357 1594 554 1660 dendo,
587 1594 807 1648 alteram
836 1590 901 1644 ad
930 1589 1404 1652 resurrectionem,
1434 1586 1655 1641 alteram
1682 1585 1749 1640 ad
1776 1585 1954 1640 redin-

357 1686 705 1757 tegratiouetn
736 1682 1079 1752 temperavit.
1109 1666 1476 1743 Potoautcm,
1519 1686 1572 1734 et
1603 1677 1951 1733 Thessaloni-

355 1778 606 1835 censibus
650 1776 829 1831 onmis
871 1773 1181 1829 substantire
1226 1772 1582 1841 integritatem
1623 1771 1948 1841 repromisit.

2059 580 2280 626 eatenus
2307 566 2579 639 passibilis
2603 580 2705 635 qua
2732 564 2867 635 ipsa,
2895 579 3000 636 qua
3023 562 3243 628 eadem;
3274 577 3336 618 ea
3363 561 3439 635 (8)
3474 571 3657 616 tamen

2059 661 2428 733 impassibilis,
2459 674 2560 730 qua
2592 660 2646 714 in
2678 660 2779 719 hoc
2799 654 3325 729 ipsuthnauutnisst
3347 672 3377 710 a
3404 654 3656 720 Domino,

2059 772 2126 812 ne
2154 755 2291 810 ultra
2319 752 2425 826 pati
2459 751 2625 824 possit

2264 844 2276 856 ⁸
2628 838 2859 898 CAPUT
2897 835 3077 896 LVIII.

2129 938 2436 995 Jocundilas
2466 937 2568 1010 (9),
2617 934 2788 1004 inquit
2818 932 3005 989 Esaias
3040 930 3165 1005 (ls.,
3198 928 3439 1001 XXXV).
3468 938 3662 983 «arma

2056 1049 2209 1102 super
2234 1041 2387 1103 caput
2412 1045 2607 1086 eorum.
2630 1026 2771 1083 Nihil
2796 1035 3081 1087 :nternum.
3110 1023 3211 1078 nisi
3242 1032 3360 1093 post
3386 1034 3664 1077 resurrec—

2058 1127 2279 1182 tionem.
2306 1125 2539 1196 Aufugit,
2567 1122 2758 1192 inquit,
2787 1119 2933 1175 dolor
2957 1127 3003 1173 et
3029 1134 3233 1182 ntmror,
3262 1126 3308 1171 et
3337 1116 3573 1186 gemitus,
3598 1113 3665 1167 ab

2058 1218 2179 1272 illis.
2226 1216 2459 1272 Proinde
2497 1225 2553 1271 et
2594 1213 2785 1270 Joauni
2823 1210 3055 1283 Angelus
3093 1209 3301 1283 (Apoc.,
3327 1206 3501 1281 XVII)
3532 1224 3547 1265 ;
3595 1206 3664 1261 Et

2059 1311 2239 1365 delebit
2270 1310 2407 1366 Deus
2433 1324 2631 1364 omnem
2656 1307 2939 1378 lucrymam
2963 1303 3025 1358 ab
3050 1302 3211 1358 oculis
3237 1318 3431 1356 eorum.
3466 1299 3665 1369 Utique

2058 1418 2129 1458 ex
2172 1401 2361 1457 iisdem
2401 1400 2571 1455 oculis
2610 1399 2699 1471 qni
2739 1393 2886 1454 retro
2926 1395 3212 1459 fleverunt,
3255 1394 3451 1465 quique
3489 1392 3667 1448 adhuc

2059 1493 2191 1549 ﬂere
2223 1494 2544 1564 potuissent,
2578 1492 2622 1547 si
2655 1506 2761 1546 non
2789 1505 3005 1545 onmem
3038 1488 3289 1559 lacryma-
3319 1486 3544 1541 imbrem
3577 1486 3667 1541 in-

2058 1586 2329 1659 dulgentia
2377 1586 2558 1641 divina
2604 1586 2853 1641 siccaret.
2907 1584 2972 1638 Et
3018 1596 3205 1636 rursus
3251 1579 3463 1654 (Λροε..
3509 1576 3665 1650 XI):

2061 1680 2200 1735 Deus
2223 1680 2357 1735 enim
2385 1678 2565 1733 delc-bit
2589 1693 2788 1731 omnem
2817 1675 3097 1746 lacryntam
3117 1673 3180 1727 ab
3206 1673 3365 1727 oculis
3390 1688 3585 1736 eorum,
3614 1679 3668 1726 α

2058 1787 2193 1826 mors
2223 1771 2486 1825 Imdenus.
2517 1768 2680 1840 Igitur
2705 1777 2761 1823 et
2785 1765 3087 1837 corruptela
3117 1764 3405 1829 hactenus;
3438 1783 3449 1831 ι
3474 1763 3668 1819 roiudc

357 1871 539 1941 Itaque
578 1884 679 1924 nec
709 1868 760 1922 in
793 1878 1063 1937 posterum
1100 1865 1425 1919 timebuntur
1463 1878 1748 1934 corporum
1780 1860 1947 1918 labes.
1982 1876 2028 1936 Β
2059 1882 2153 1939 per
2188 1865 2600 1935 incorrupti-lam
2642 1863 2848 1933 fugata,
2881 1858 3332 1932 quemadmodum
3362 1874 3505 1912 tttors
3538 1855 3663 1928 (1.0)

356 1960 499 2016 Nihil
537 1958 1006 2031 poterit‘amittere
1037 1954 1116 2029 (I)
1159 1955 1457 2027 integritas,
1500 1956 1579 2010 vel
1608 1964 1944 2021 conservata,

356 2053 439 2110 vel
471 2053 737 2118 restituta,
767 2065 832 2105 ex
856 2064 960 2120 quo
982 2047 1258 2119 illigatiam,
1290 2048 1333 2102 si
1364 2046 1488 2117 quid
1516 2047 1789 2114 amiserat,
1822 2046 1949 2101 red-

356 2134 518 2200 ditur.
552 2142 916 2199 PflUSCI'IbCIIS
941 2143 1083 2196 enim
1112 2139 1286 2195 adhuc
1316 2136 1394 2211 (2)
1425 2138 1642 2195 easdem
1677 2138 1952 2209 passiones

357 2239 623 2293 obituram
671 2249 923 2298 carnem,
973 2234 1018 2287 si
1066 2230 1253 2287 eadem
1303 2240 1665 2286 resurrectura
1713 2230 1948 2297 dicatur,

358 2339 604 2385 naturam
640 2326 896 2382 adversus
933 2323 1217 2379 Dominum
1252 2337 1405 2377 suum
1445 2330 1647 2377 temere
1684 2321 1950 2390 defendis,

357 2423 528 2493 legem
556 2420 813 2475 adversus
837 2417 1060 2488 gratiam
1088 2414 1249 2484 impie
1276 2414 1474 2469 asseris
1502 2433 1514 2467 :
1548 2414 1697 2483 quasi
1730 2413 1954 2468 Omnino

358 2514 468 2575 Deo
498 2508 578 2583 (5)
621 2524 725 2565 non
763 2509 919 2563 liceat
954 2516 1008 2561 et
1044 2514 1252 2561 mutare
1287 2515 1553 2569 naturam,
1595 2513 1650 2559 et
1687 2504 1801 2559 sine
1839 2505 1971 2574 lege.

357 2614 596 2660 servare.
643 2600 923 2669 Quomodo
964 2597 1044 2671 (4)
1092 2612 1219 2667 ergo
1265 2596 1489 2668 lcgimtts
1518 2595 1719 2669 (λυθείη
1765 2594 1954 2667 XIX):

365 2717 383 2749 ι
400 2697 529 2764 Qua:
550 2691 884 2766 impossibilia
907 2693 1044 2763 apud
1070 2691 1319 2753 homines,
1345 2688 1605 2761 possibilia
1626 2689 1766 2759 apud
1792 2688 1956 2743 Deum

358 2803 473 2850 sunt
503 2788 606 2865 (5),
638 2799 693 2845 et
726 2784 747 2861 (
772 2787 788 2841 I
836 2786 979 2852 Cor.,
1017 2782 1080 2856 I),
1120 2782 1295 2839 Stulta
1330 2783 1505 2837 mundt
1536 2782 1684 2855 elegit
1713 2781 1871 2847 Deus,
1906 2792 1959 2837 ut

359 2885 664 2957 sapientiam
706 2880 885 2936 mundi
927 2877 1275 2949 confundat?»
1323 2874 1432 2932 Oro
1478 2887 1560 2943 te,
1606 2878 1651 2933 si
1698 2875 1956 2931 famulum

361 2989 511 3034 tuum
545 2974 805 3032 'libertate
849 2970 1174 3034 mutaveris,
1223 2969 1348 3041 quia
1391 2968 1580 3024 eadem
1627 2984 1754 3025 caro
1799 2979 1960 3040 atque

360 3073 538 3129 anima
567 3068 975 3141 permanebunt,
1014 3080 1133 3136 qme
1164 3063 1391 3136 ﬂagellis
1420 3073 1474 3119 et
1502 3064 1874 3137 compedibus,
1906 3073 1961 3120 et

361 3162 717 3236 stigmatibns,
752 3160 998 3214 obnoxia:
1027 3167 1171 3214 retro
1197 3157 1428 3225 fuerant,
1462 3156 1735 3214 idcircone
1763 3158 1848 3213 illa
1877 3156 1960 3231 (6)

2058 1974 2153 2030 per
2185 1957 2659 2013 immortalitatem.
2693 1955 2749 2011 Si
2779 1953 2951 2018 dolor,
2994 1962 3049 2009 ct
3079 1966 3298 2018 mteror,
3329 1961 3383 2006 et
3412 1951 3668 2018 gemitus,

2056 2053 2275 2122 ipsaque
2317 2065 2462 2104 mors
2504 2065 2569 2105 ex
2615 2045 2825 2102 laesuris
2862 2054 2917 2102 ct
2952 2044 3149 2107 animm
3189 2053 3243 2101 et
3280 2043 3457 2098 carnis
3498 2043 3670 2098 obre-

2055 2145 2223 2209 vient,
2253 2141 2522 2215 quomodo
2546 2140 2878 2207 auferantur,
2923 2139 3031 2198 nisi
3063 2138 3391 2194 cessaverint
3432 2150 3669 2203 caussze,

2056 2237 2259 2292 scilicet
2284 2236 2491 2291 laesura:
2514 2234 2693 2289 carnis
2713 2243 2874 2305 atque
2898 2232 3126 2288 animm?
3153 2230 3243 2287 ubi
3270 2245 3428 2285 casus
3453 2228 3671 2284 adversi

2056 2330 2194 2402 apud
2214 2328 2431 2402 Deum(l
2451 2329 2620 2400 l),aut
2638 2327 2726 2383 ubi
2746 2328 2992 2382 incursus
3008 2323 3185 2380 infesti
3204 2323 3344 2394 apud
3362 2321 3670 2378 ϐιιι·ἱ›ιιιιιιῖ

2059 2424 2147 2479 ubi
2170 2419 2803 2495 diemonie‘(t9)impetus
2823 2419 2962 2491 apud
2983 2418 3239 2487 Spiritum
3255 2417 3531 2476 Sanctum.
3552 2416 3671 2486 jam

2058 2529 2112 2571 et
2145 2517 2259 2586 ipso
2289 2516 2503 2571 diabolo
2540 2529 2661 2570 cum
2698 2514 2904 2583 angelis
2934 2514 3049 2568 suis
3079 2510 3290 2583 ignibus
3316 2511 3533 2565 merso?
3565 2507 3673 2565 Ubi

2061 2608 2371 2674 necessitas,
2413 2616 2503 2662 aut
2534 2606 2673 2678 quod
2702 2606 2895 2661 dicitur
2924 2604 3158 2670 fortuna,
3203 2603 3285 2659 vel
3319 2601 3522 2657 fatum?
3549 2616 3675 2671 qum

2047 2698 2390 2757 'resuscitatis
2422 2700 2572 2771 plaga
2615 2707 2734 2769 post
2764 2697 3009 2752 veniam?
3048 2711 3169 2765 qua:
3202 2693 3560 2750 reconciliatis
3590 2693 3674 2747 ira

2064 2802 2182 2861 post
2213 2789 2475 2861 gratiam?
2505 2805 2624 2860 qua!
2656 2790 2937 2844 inlirmitas
2967 2797 3085 2858 post
3108 2787 3396 2844 virtutem?
3426 2798 3543 2856 qua:
3572 2785 3676 2838 int-

2068 2884 2325 2939 becillitas
2358 2891 2477 2953 post
2510 2882 2777 2939 salutem?
2812 2879 2892 2955 (d)
2930 2882 3079 2951 Quod
3120 2881 3432 2936 vestimenta
3469 2890 3522 2935 et
3555 2878 3674 2934 calo

2064 2976 2330 3032 ciamenta
2402 2974 2635 3029 filiorum
2693 2973 2903 3030 Israelis
2957 2971 3305 3044 quadraginta
3362 2972 3465 3027 illis
3516 2970 3677 3026 annis

2066 3067 2314 3122 indctrita
2355 3075 2411 3120 et
2450 3065 2745 3121 inobsoleta
2786 3074 3129 3128 manserunt;
3174 3062 3316 3135 quod
3354 3073 3408 3118 et
3447 3063 3497 3116 iu
3542 3062 3679 3132 ipsis

2063 3160 2380 3231 corporibus
2422 3162 2675 3230 unguium
2721 3169 2775 3216 et
2818 3160 3132 3230 capillorum
3177 3158 3350 3215 facilia
3395 3167 3676 3215 crementa

362 3255 549 3312 eadem
592 3252 699 3322 pati
729 3250 1035 3321 oportebit?
1079 3248 1192 3305 Non
1225 3250 1436 3319 opinor.
1481 3250 1681 3322 Atquin
1712 3262 1765 3306 et
1796 3254 1959 3307 vestis
1987 3265 2032 3328 ρ
2068 3254 2357 3309 habilitatis
2385 3264 2437 3308 et
2464 3254 2739 3325 dignitatis
2760 3254 2966 3323 justitia
2994 3253 3197 3319 deﬁxit,
3233 3270 3302 3309 ne
3325 3254 3485 3309 etiam
3513 3269 3679 3309 enor-

288 3341 328 3386 ν·
361 3348 497 3403 albm
525 3347 717 3413 nitore,
750 3352 803 3399 et
830 3339 905 3414 (b)
933 3341 1081 3397 aurei
1108 3342 1292 3397 annuli
1322 3346 1547 3407 honore,
1569 3354 1619 3398 et
1646 3341 1718 3415 (τ)
1747 3346 1954 3416 patroni

363 3440 603 3500 nomine.
630 3452 694 3493 ac
719 3436 856 3491 tribu
880 3448 1171 3504 mensaque
1198 3435 1507 3490 honoratur.
1539 3434 1798 3492 Permitte
1823 3436 1961 3494 hanc

362 3543 418 3592 ct
457 3533 567 3587 Deo
605 3536 954 3601 potestatem,
999 3540 1093 3597 per
1130 3526 1236 3605 vim
1275 3525 1659 3582 demutationis
1701 3528 1841 3584 illius
1881 3526 1959 3600 (7)

362 3622 747 3685 conditionem,
787 3633 894 3674 non
932 3626 1175 3673 naturam
1206 3616 1555 3684 reformandi,
1594 3618 1723 3687 dum
1756 3629 1811 3675 et
1839 3634 1963 3690 pas-

364 3717 546 3775 siones
594 3710 936 3778 auferuntur,
988 3716 1042 3765 et
1088 3708 1412 3766 munitiones
1463 3707 1833 3767 conferuntur.
1891 3709 1964 3767 Ita

2068 3349 2225 3405 mitas
2269 3348 2588 3417 corruptela:
2633 3348 2750 3421 (15)
2781 3348 3129 3419 deputaretur
3161 3365 3174 3403 :
3223 3348 3363 3421 quod
3392 3347 3678 3419 Babylonii

2066 3442 2237 3511 ignes,
2257 3440 2414 3497 trium
2437 3438 2658 3495 fratrum
2684 3439 2753 3511 (e)
2785 3454 2887 3496 nec
2909 3440 3089 3505 tiaras,
3115 3455 3214 3495 nec
3234 3440 3511 3495 sarabaras
3533 3438 3679 3512 (14).

2067 3533 2606 3605 qnamquamJudaeis
2621 3534 2825 3589 alienas
2855 3531 2992 3605 (15),
3026 3532 3310 3598 laeserunt;
3341 3532 3481 3603 quod
3510 3531 3684 3589 Jonas

2069 3627 2354 3681 devoratus
2378 3641 2407 3680 a
2434 3625 2606 3682 bellt'a
2632 3626 2813 3691 maris,
2845 3626 2897 3680 in
2918 3625 3071 3696 cujus
3092 3624 3214 3680 alvo
3237 3624 3506 3695 naufragia
3528 3623 3686 3695 digeo

2069 3718 2342 3785 rebantur,
2372 3716 2545 3774 triduo
2569 3726 2691 3789 post
2718 3717 3003 3774 incolumis
3027 3719 3312 3790 expuitur;
3343 3717 3483 3788 qitod
3516 3716 3687 3775 hodie

1595 3823 1972 3887 LECTIONES
2013 3828 2419 3888 VAIiIANTES.

427 3942 503 4012 (I)
527 3941 803 4012 Admittere
827 3935 971 4012 triten.
999 3935 1151 4012 S.eml.

454 4000 504 4056 2i
530 4006 605 4056 Ad
626 4005 720 4055 hoc
743 4001 875 4055 then
897 4000 1049 4052 Seml.

453 4063 501 4120 ὃ)
531 4067 640 4119 Deo
652 4064 807 4118 omitt.
834 4064 987 4116 Itlten.
1014 4063 1164 4115 Seml.

463 4123 506 4189 ι)
532 4131 638 4189 Quo
663 4125 808 4189 Ithen.
834 4123 986 4189 Segnl.

454 4186 508 4244 5)
531 4186 658 4241 Sunt
680 4187 833 4243 omitt.
860 4187 1002 4238 Ithen.
1028 4186 1177 4238 Seml.

455 4250 507 4320 9)
535 4254 647 4320 litos
667 4252 819 4320 Fran-
844 4250 951 4320 “I358
967 4252 1111 4320 Ean}.-

456 4309 509 4376 7')
535 4315 671 4365 Illius
688 4312 1038 4364 demutationis
1054 4309 1156 4376 ltig.
1188 4314 1354 4363 Venet.

436 4324 484 4379 (7
536 4324 671 4365 ttnus
688 4324 771 4364 oet

436 4324 511 4445 (8)
537 4378 597 4430 Et
616 4378 771 4428 Fran.

429 4010 455 4379 ζ

2157 3943 2218 4056 9).
2236 3942 2525 3995 Jucunditas
2554 3947 2722 3996 Venet.

2162 4006 2184 4056 1
2223 4006 2240 4056 l
2271 4007 2401 4056 Moss
2416 4007 2564 4056 abest.
2605 4020 2637 4056 a
2660 4004 2722 4056 th

2162 4004 2243 4131 10)
2271 4007 2401 4057 Moss
2416 4007 2577 4072 abest.
2605 4020 2637 4056 a
2660 4004 2807 4057 Rheu.

2168 4070 2211 4131 ι]
2268 4068 2531 4119 Dominum
2557 4068 2702 4131 (then.
2739 4071 2804 4119 Se

2168 4068 2243 4120 ll)
2268 4068 2531 4119 Dominum
2557 4068 2702 4120 Rhen.
2739 4069 2891 4119 Seml.

2270 4131 2566 4197 I_)zemonia_ci
2605 4128 2712 4197 Itig.
2747 4135 2912 4197 Venet.

2172 4190 2248 4257 l5)
2272 4192 2557 4257 Corruptela
2582 4190 2733 4257 Rite".
2754 4190 2897 4244 sentt.

2138 4252 2241 4318 (lt)
2271 4252 2507 4325 Saranara
2553 4254 2660 4320 Βία).
2688 4259 2836 4307 Venet
2880 4255 3126 4308 sarabtnas
3146 4252 3249 4308 alii.
3273 4255 3489 4309 Sarabas
3521 4254 3687 4311 Rhea.

2074 4317 2324 4366 Sat-abolla
2343 4314 2448 4367 alit.

2160 4332 2324 4365 annua
2343 4332 2448 4368 aut.

2141 4380 2247 4442 (ιῦ)
2274 4380 2452 4431 Aliena
2468 4377 2575 4444 Rig.
2611 4383 2776 4431 Venet.

1723 4477 2287 4541 COMMENTARIUS.

451 4601 528 4677 (ιι)
566 4600 692 4657 Tant
712 4597 830 4677 uitio
852 4593 1174 4677 valetudinis,
1198 4590 1678 4677 etc..Cou.sentien_s
1699 4601 1779 4646 est
1798 4592 1974 4676 Theo-
1997 4595 2051 4659 D
2079 4595 2130 4652 id
2158 4597 2357 4677 sensim
2388 4598 2693 4669 prolapsum
2722 4608 2825 4654 est.
2857 4598 2933 4654 Le
2964 4598 3060 4655 Ρη.

377 4662 620 4746 logoiunl
646 4671 845 4746 Opinio,
880 4662 1553 4746 resurrecturushomines
1585 4666 1973 4746 IOI(J§.(21.IIIIE-

380 4732 535 4818 griis;
577 4732 697 4818 licei
726 4740 867 4818 enim
900 4736 1069 4818 mutili
1099 4732 1860 4818 mortuifuer‘iut,'ututilatio
1890 4736 1973 4818 illa

383 4802 770 4876 FeSta'urabitttr
793 4828 805 4864 :
835 4812 903 4863 ita
925 4804 1353 4878 Augustinnslib.
1384 4802 1525 4858 XXII
1547 4804 1609 4858 de
1630 4806 1882 4878 Ciu._cap.
1909 4808 1976 4863 I9

383 4900 436 4945 et
459 4888 534 4964 20
546 4906 560 4942 :
601 4883 701 4964 Nec
722 4884 770 4937 si
786 4882 958 4964 aliqua
979 4876 1282 4964 υἱαςιξίνὲὺιιδ
1302 4884 1580 4956 amputato,
1605 4886 1649 4930 et
1671 4876 1839 4958 ablata
1860 4888 1977 4932 sunt

384 4962 624 5015 membre-
652 4956 764 5007 tunc
788 4947 909 5022 ipsis
936 4947 1170 5003 membris
1195 4958 1339 5001 erant
1366 4948 1416 5000 in
1437 4950 1808 5022 resurrectione
1837 4966 1978 5004 mor-

386 5043 618 5097 tuorum,
673 5018 851 5097 quibus
904 5021 1218 5097 dictitatum
1249 5035 1284 5097 ﬂ:
1321 5018 1566 5097 _eapi_llus_
1601 5020 1779 5088 capitis
1832 5021 1980 5074 vestri

384 5120 485 5158 ηοη
529 5089 728 5172 peribit.
770 5095 959 5172 Porro.
985 5091 1208 5172 Basilius
1247 5089 1601 5171 Seleucicusis
1639 5106 1667 5144 a
1714 5100 1978 5172 restaura-

370 5162 590 5230 ‘tiune'u
614 5168 782 5226 etubri
819 5162 1067 5222 hominis.
1112 5162 1273 5216 totius
1304 5162 1746 5216 resurrectionem
1780 5162 1981 5232 colligit

385 5256 517 5301 orat.
550 5242 637 5307 14,
668 5252 791 5310 qure
815 5247 897 5290 est
925 5237 976 5288 in
1006 5232 1246 5310 claudunt
1272 5234 1522 5310 sedentem
1550 5232 1616 5285 ad
1644 5241 1841 5310 portam
1866 5250 1978 5303 spec

383 5318 596 5377 ciosum,
617 5303 703 5366 tibi
729 5308 986 5363 adversus
1020 5303 1233 5359 .Iudteos
1254 5320 1268 5358 ζ
1287 5309 1578 5366 ἀνεξετάστως
1613 5307 1871 5373 ἀνδριαντᾶ
1903 5313 1981 5362 τόν

385 5394 538 5458 χωλδν
585 5385 881 5458 ίχᾶὴιευσῗε-
901 5385 1129 5457 γλώττης
1168 5379 1470 5458 ψιυδψὲναξις
1498 5379 1812 5458 ᾁληοτὺςιντςς
1844 5381 1983 5457 ἐνγε-

387 5445 811 5517 λρέτιυὶῖπόδσς.
837 5448 1272 5505 Resnrreetionem
1293 5450 1345 5499 in
1366 5447 1550 5500 claudo
1567 5462 1655 5501 seu
1676 5445 1978 5517 in_intagine

387 5515 726 5589 adumbravit,
754 5521 1035 5594 linguisque
1055 5518 1378 5574 mendacibus
1429 5533 1625 5573 veraces
1647 5515 1798 5586 pedes
1819 5515 1979 5588 oppo-

383 5602 503 5658 suit.
541 5598 617 5655 LE
646 5597 739 5651 Pa.

459 5670 542 5745 (b)
579 5668 733 5745 Aut-ei
769 5661 950 5721 annuli
972 5662 1199 5745 _Itonore.
1234 5659 1525 5745 “Dignitati‘s
1561 5657 1983 5745 equestriserat

426 5729 779 5811 rier’ogativa,
810 5753 927 5808 qum
967 5729 1329 5811 tamen_qded
1358 5730 1537 5811 viluit,
1582 5737 1639 5783 ut
1678 5744 1781 5811 non
1821 5729 1980 5785 modo

426 5760 768 5811 rmrogauva,
810 5760 927 5808 qua:
967 5760 1141 5789 suum"
1183 5760 1319 5787 ilucu
1362 5760 1537 5792 unus,
1584 5760 1639 5783 υι
1678 5760 1781 5781 ιιυιι
1823 5760 1975 5785 ιιιυυυ

388 5760 566 5871 Iibcrli
601 5814 686 5884 qtti
718 5810 783 5866 ad
815 5814 1116 5878 equestrem
1156 5802 1304 5857 illum
1340 5798 1975 5884 gradnotnuevehcbtltntur,

386 5886 506 5942 illos
534 5871 757 5941 amiulos
783 5871 1136 5942 assumere-ut,
1177 5889 1360 5930 verum
1398 5874 1461 5925 ad
1501 5873 1736 5926 intimam
1770 5871 1976 5938 plebem

2153 4666 2228 4739 (c)
2273 4666 2488 4723 Patroni
2529 4666 2729 4725 nomine
2770 4688 2829 4725 ac
2870 4672 3003 4725 tribu
3044 4686 3329 4740 mensaque,
3374 4679 3476 4724 etc.
3527 4670 3688 4730 Servi

2083 4739 2242 4794 heros
2268 4750 2318 4814 et
2346 4740 2612 4814 dotninos,
2647 4742 2819 4814 liberti
2850 4751 3102 4814 patronos
3133 4739 3411 4805 vocabant,
3445 4759 3684 4814 Ctltttque

2082 4811 2632 4884 ntanumittebanlur,
2669 4812 2808 4868 binis
2851 4811 3158 4884 hominibus
3209 4813 3421 4884 tertium
3471 4811 3685 4884 patroni

2085 4882 2430 4964 prmligebant
2460 4882 2749 4964 :_sole_bant
2777 4885 2935 4939 etiam
2964 4884 3016 4939 in
3043 4883 3211 4939 tribus
3237 4882 3687 4964 urbanas‘referri

2082 4953 2170 5021 qui
2202 4954 2446 5023 libertate
2472 4953 2827 5024 donabantur,
2859 4964 2913 5009 et
2942 4971 3140 5009 mensa:
3166 4953 3471 5009 assidebam
3503 4965 3690 5024 patro-

2084 5039 2295 5093 norum,
2325 5024 2463 5093 quod
2493 5040 2595 5079 non
2625 5025 2722 5079 nisi
2750 5026 3063 5080 manutniSsi
3089 5024 3356 5081 audebant
3410 5026 3482 5082 Ls:
3509 5025 3608 5081 Pa.

2153 5091 2307 5175 CAP.
2341 5091 2622 5175 IfV'IIILL—
2651 5093 2732 5169 (tl)
2777 5098 2926 5175 Quod
2955 5097 3249 5175 uestimenta
3277 5098 3690 5175 etin/rimimo!!!

2086 5165 2311 5233 ﬁliorum
2352 5166 2584 5227 Israelis.
2625 5165 2745 5238 etc}
2781 5167 2908 5231 Cur,
2954 5168 3143 5238 inquit,
3186 5166 3457 5223 Israclitici
3505 5169 3688 5237 populi

2087 5246 2261 5319 vestes
2295 5253 2387 5306 per
2417 5254 2509 5319 an.
2540 5238 2609 5293 40
2639 5239 2689 5291 in
2720 5237 2933 5319 deserto
2964 5237 3069 5293 non
3097 5240 3292 5293 attritu:
3319 5248 3459 5299 sunt,
3495 5240 3593 5294 nisi
3627 5248 3691 5296 ut

2088 5309 2403 5388 incorrupta
2420 5309 2752 5388 viderentur,
2793 5310 3249 5388 crederenturque
3276 5326 3303 5388 εξ
3336 5311 3689 5379 corruptione

2087 5380 2362 5451 immania,
2394 5380 2461 5434 ita
2490 5380 2805 5451 disponente
2831 5380 2973 5435 Deo?
3005 5382 3077 5435 De
3105 5381 3206 5435 hoc
3232 5381 3489 5451 miraculo
3516 5383 3598 5449 «gi
3629 5382 3686 5438 in

2085 5450 2346 5531 animadv.
2390 5450 2442 5505 in
2481 5449 2876 5531 Prlizadantitas,
2923 5452 3024 5506 sub
3065 5450 3279 5507 Eusebii
3322 5450 3548 5531 Romani
3588 5468 3689 5509 no-

2088 5521 2261 5602 mine,
2314 5530 2499 5602 contra
2544 5521 2781 5602 Peyrcrii
2829 5536 3138 5602 perversam
3185 5521 3540 5602 sententiam,
3592 5525 3686 5602 qui

2085 5591 2376 5659 Scriptura:
2406 5591 2657 5649 miracula
2693 5607 2802 5650 non
2831 5591 2955 5650 sine
2989 5592 3196 5650 scelere
3231 5600 3286 5650 et
3324 5595 3558 5649 amentia
3583 5591 3686 5650 de-

2085 5662 2243 5720 ridet.
2275 5662 2353 5718 Le
2381 5664 2480 5723 I’n.

2157 5731 2234 5805 (e)
2276 5732 2387 5788 Nec
2417 5734 2596 5790 Tiaras
2624 5752 2713 5790 nec
2746 5735 3026 5790 Sarabara.
3071 5734 3183 5790 Vox
3211 5742 3294 5789 est
3323 5733 3525 5802 persica
3554 5733 3684 5790 Tia-

2085 5820 2201 5866 r.-.s,
2252 5812 2305 5859 ut
2344 5807 2599 5859 Saralmra
2646 5809 2821 5861 Iurszttt
2864 5806 3171 5864 Cltaldaica.
3220 5806 3291 5861 De
3337 5805 3434 5860 hac
3478 5806 3568 5861 lib.
3614 5808 3684 5863 de

2087 5875 2270 5943 I'allio,
2308 5891 2420 5947 cap.
2452 5878 2506 5932 4.
2542 5878 2616 5931 LE
2647 5879 2741 5932 l’n.
