4052 6286
425 282 530 341 881

1460 282 1662 340 LIBER
1713 281 1801 340 DE
1840 282 2413 345 RESURRECTIONE
2453 286 2719 345 CARNIS.

3632 290 3738 350 882

427 398 615 457 Enoch
648 408 701 455 et
726 398 873 456 Elias
900 400 1136 457 nondum
1165 398 1558 475 resurrectione
1584 396 1872 467 dispuncti,
1903 399 2023 468 quia
2054 405 2101 461 Α
2134 402 2275 455 niani
2308 403 2391 456 hie
2414 418 2596 459 errare
2620 402 2957 468 didicerunt;
2988 417 3087 461 nec
3116 403 3214 461 alia
3246 404 3347 460 crit
3370 403 3539 460 forma
3567 406 3737 461 natio.

429 509 531 550 nec
559 505 732 548 morte
760 494 948 561 functi,
975 511 1079 565 qua
1109 506 1283 549 tamen
1313 492 1380 546 de
1406 490 1535 546 urbe
1562 491 1821 556 translati,
1850 500 1901 559 et
1931 492 2033 546 hoc

431 587 549 658 ipso
578 587 683 655 jazn
718 588 1032 644 aeternitatis
1061 585 1358 650 candidati,
1401 585 1468 638 ab
1505 585 1650 659 omni
1683 584 1840 648 vitio,
1883 594 1935 638 et
1964 583 2032 637 ab

429 684 574 739 omni
599 683 817 747 damno,
847 692 903 737 et
928 682 995 737 ab
1021 682 1165 737 onmi
1197 680 1391 751 injuria
1418 687 1471 733 et
1495 677 1817 733 contumelia
1842 678 2033 731 immu-

430 774 651 829 nitatem
682 773 762 846 (I)
787 773 965 829 carnis
992 772 1254 837 ediscunt,
1283 770 1491 827 cuinam
1518 769 1640 825 lidei
1670 769 2029 824 testimonium

427 867 660 937 signant,
707 867 806 921 nisi
843 880 947 936 qua
976 864 1121 920 credi
1153 871 1384 934 oportet,
1431 862 1545 916 hinc
1585 860 1777 921 futura:
1810 860 2028 932 integri-

428 960 554 1016 tatis
585 976 705 1015 esse
733 958 1088 1013 documenta?
1128 956 1336 1028 Figune
1375 955 1516 1010 enim
1554 964 1751 1009 nostra:
1782 952 2027 1020 fuerunt,

427 1048 958 1121 Apoaolo‘auctore,
1000 1065 1118 1121 quae
1149 1049 1345 1120 scripta
1376 1057 1526 1115 sunt,
1569 1057 1626 1103 ut
1661 1055 1714 1102 et
1746 1048 2028 1102 Dominum

427 1145 780 1215 potentiorem
808 1143 1091 1199 credamus
1117 1141 1261 1196 oumi
1294 1154 1581 1209 corporum
1610 1140 1747 1210 lege,
1774 1147 1828 1194 et
1852 1140 2028 1193 carnis

427 1237 597 1307 magis
639 1236 820 1306 utique
859 1234 940 1308 (2)
979 1240 1436 1300 conservatorem,
1476 1234 1629 1302 cujus
1668 1232 1828 1287 etiam
1871 1233 2026 1287 resti-

426 1339 626 1397 menta,
658 1332 818 1385 etiant
845 1328 1191 1385 calciamenta
1223 1325 1302 1401 (3)
1336 1327 1584 1399 protexit.

1021 1420 1253 1477 CAPUT
1292 1420 1426 1476 LIX.

495 1515 599 1573 Sed
623 1514 881 1581 futurum,
907 1515 1101 1586 inquis,
1123 1530 1293 1569 :evutn
1317 1513 1537 1568 alterius
1558 1521 1640 1567 est
1661 1510 2027 1582 dispositionis

428 1616 483 1664 et
505 1626 534 1663 a
556 1619 751 1674 ternm;
776 1609 934 1679 igitur
960 1607 1117 1678 hujus
1140 1607 1237 1663 sevi
1261 1606 1612 1662 substantiam
1641 1619 1745 1660 non
1771 1615 2024 1660 mternam

424 1701 636 1758 divetsa
671 1700 944 1769 possidere
974 1714 1078 1754 non
1113 1712 1291 1769 posse.
1325 1697 1509 1761 Plane,
1542 1697 1584 1752 si
1616 1695 2027 1765 homo..propler

2139 512 2263 548 num
2295 496 2649 567 credentium,
2674 499 2772 553 nisi
2797 514 2917 569 qua:
2942 507 2996 555 et
3022 514 3126 553 non
3155 500 3510 567 credentium,
3534 499 3601 557 de
3617 514 3737 557 ear-

2137 600 2226 650 ne,
2260 585 2324 640 de
2345 588 2542 642 anima.
2576 587 2726 643 Sicut
2755 604 2882 659 ergo
2912 589 3127 644 easdem
3157 589 3401 646 nationes
3429 605 3535 646 non
3564 606 3731 661 geno-

2135 694 2213 745 re,
2241 679 2336 735 sed
2383 690 2528 736 sorte
2580 681 2854 746 distinxit;
2895 682 2963 736 ita
2992 692 3045 738 et
3074 697 3288 750 carnes,
3330 698 3450 754 qua:
3499 685 3549 739 itt
3607 683 3734 755 ipsis

2135 773 2440 829 nationibus
2471 789 2574 830 una
2599 774 2897 831 substantia
2926 785 3029 839 est,
3060 791 3168 855 non
3196 777 3438 843 materia,
3470 776 3564 833 sed
3593 792 3735 833 nter-

2132 866 2263 922 cede
2286 865 2560 937 disjunxit.

2182 948 2199 965 °
2735 957 2961 1016 CAPUT
3015 958 3125 1014 Lx.

2206 1048 2344 1105 Ecce
2373 1057 2657 1115 autcm,ut
2703 1051 2879 1107 adhuc
2928 1051 3350 1107 controversiam
3408 1060 3730 1123 exaggerent
3766 1077 3811 1092 σο

2132 1140 2233 1216 (9),
2263 1143 2411 1198 carni
2436 1143 2669 1199 maxime
2690 1144 2887 1209 eidem,
2917 1144 2985 1200 de
3009 1144 3200 1202 ofﬁciis
3221 1160 3434 1216 quoque
3459 1146 3731 1201 membru-

2132 1250 2249 1290 rum
2279 1246 2741 1304 argumentantur,
2771 1248 2861 1289 aut
2891 1245 2947 1292 et
2994 1236 3106 1307 ipsa
3133 1237 3373 1295 dicentes
3415 1249 3730 1305 permanere

2131 1329 2329 1386 debere
2358 1329 2406 1383 in
2436 1329 2550 1384 suis
2578 1329 2831 1400 Operihus
2860 1338 2912 1384 et
2941 1327 3219 1405 fructibus,
3252 1337 3307 1384 ut
3332 1327 3506 1384 eidem
3532 1344 3728 1397 corpu-

2132 1420 2307 1477 lentia:
2349 1420 2651 1491 adscripta;
2688 1428 2812 1486 aut,
2844 1421 2965 1491 quia
3013 1429 3223 1476 constet
3263 1420 3564 1477 discessura
3605 1435 3727 1476 esse

2130 1513 2305 1568 oﬁicia
2342 1512 2742 1581 membrorum,
2787 1512 3175 1583 corpulentiam
3219 1526 3434 1583 quoque
3462 1512 3725 1569 eradant:

2130 1605 2281 1675 cujus
2308 1604 2514 1660 scilicet
2539 1604 2935 1675 perseverantia
2965 1602 3232 1658 credenda
3273 1618 3378 1659 non
3431 1603 3499 1657 sit
3541 1604 3747 1677 utique

2128 1698 2246 1752 sine
2277 1697 2554 1763 membris,
2585 1698 2706 1768 quia
2750 1712 2849 1753 nec
2894 1696 3130 1752 membra
3161 1696 3427 1752 credenda
3468 1696 3575 1751 sint
3607 1697 3726 1752 sine
3751 1708 3788 1734 ³

421 1795 826 1867 diSpositionem
859 1791 1112 1858 futuram,
1146 1800 1200 1847 et
1230 1803 1333 1845 non
1364 1789 1642 1859 dispositio
1675 1796 1890 1859 promer
1921 1787 2022 1843 ho-
2053 1801 2100 1861 Β
2128 1787 2341 1843 ofﬁciis.
2368 1787 2485 1853 Quo
2523 1788 2665 1843 enim
2706 1787 2838 1858 jam,
2867 1788 3133 1859 inquiunt,
3165 1787 3420 1858 spelunca
3449 1789 3562 1843 hinc
3586 1788 3719 1854 oris,

420 1889 639 1943 minem.
663 1885 915 1943 Sl'dCﬂIIII
940 1884 1228 1955 Apostolus
1248 1882 1487 1938 scribens
1513 1879 1532 1954 (
1565 1881 1751 1951 lCor.,
1772 1880 1864 1947 lll,
1884 1880 2011 1952 22):

419 1979 543 2036 Sive
583 1979 823 2045 mundus,
876 1978 980 2034 sive
1019 1978 1139 2041 vita,
1186 1977 1286 2032 sive
1327 1991 1483 2041 mors,
1531 1976 1634 2032 sive
1671 1978 1868 2046 futura,
1915 1976 2018 2030 sive

320 2095 330 2107 κ
418 2074 704 2144 pra’scntizt,
726 2072 896 2126 omnia
912 2080 1075 2127 vestra
1089 2080 1226 2136 sunt,
1247 2069 1464 2125 eosdem
1482 2069 1756 2124 constituit
1775 2068 2016 2123 hzercdes

415 2165 577 2220 etiam
627 2165 948 2220 futnrorutn.
998 2164 1142 2220 Nihil
1192 2164 1285 2218 tibi
1333 2162 1555 2233 largitur
1601 2160 1783 2216 Esaias
1832 2161 2016 2215 dicens

415 2257 551 2331 (Is.,
595 2258 705 2321 XL,
746 2258 801 2326 5,
845 2257 957 2328 6):
1003 2256 1183 2325 Omnis
1219 2272 1338 2312 caro
1378 2258 1605 2325 fwnum;
1644 2262 1699 2308 et
1734 2252 1903 2308 alibi:
1950 2251 2015 2305 Et

356 2401 365 2404 Α
414 2352 597 2405 videbit
639 2351 802 2406 omnis
842 2367 962 2405 curo
999 2348 1224 2404 salutare
1261 2347 1469 2401 Domini
1509 2344 1611 2417 (ὁ).
1661 2346 1862 2409 Exitus,
1908 2359 2014 2399 non

413 2442 742 2499 substantias
771 2441 1030 2498 distinxit.
1073 2440 1205 2510 Quis
1234 2440 1379 2495 enim
1409 2440 1664 2510 judicium
1699 2438 1792 2492 Dei
1826 2453 1930 2492 nmt
1964 2438 2014 2491 in

412 2536 678 2591 sententia
712 2534 906 2605 duplici
936 2535 1140 2601 statuit,
1173 2533 1361 2587 salutis
1390 2542 1442 2587 et
1470 2531 1675 2603 pinnae?
1704 2529 1891 2586 Omnis
1920 2530 2012 2600 igi-

419 2637 505 2683 tur
533 2642 660 2681 caro
691 2625 915 2693 fanum,
953 2641 1073 2696 qua:
1104 2626 1207 2695 igni
1241 2625 1566 2687 destinatur;
1603 2633 1657 2678 et
1685 2624 1858 2679 omnis
1889 2637 2015 2678 caro

409 2718 604 2777 videbit
625 2718 856 2773 salttare
879 2717 1089 2773 Domini
1118 2716 1219 2789 (ὅ),
1252 2732 1371 2786 qua:
1400 2716 1554 2771 saluti
1583 2715 1877 2772 ordinatur.
1903 2716 2014 2786 Ego

412 2826 500 2869 me
529 2812 642 2868 scio
674 2826 846 2881 nelue
883 2810 989 2866 alia
1024 2826 1187 2866 carne
1231 2809 1489 2864 adulteria
1522 2809 1859 2865 commisisse
1887 2808 1961 2881 (η)
1997 2851 2010 2874 ,

413 2921 586 2975 neque
616 2921 757 2960 nunc
786 2905 889 2959 alia
920 2919 1084 2960 carne
1112 2904 1177 2958 ad
1206 2904 1591 2959 continentiam
1622 2905 1772 2964 eniti.
1807 2903 1862 2959 Si
1894 2905 2014 2974 quis

412 3006 495 3056 est
523 2997 645 3051 bina
674 2996 918 3067 pudenda
947 2995 1351 3060 circumferens,
1383 3005 1560 3067 potest
1586 2996 1695 3066 jam
1721 3006 1777 3050 et
1795 2997 2013 3051 demere

412 3090 613 3147 foenum
667 3090 843 3145 carnis
887 3088 1196 3153 immunda),
1246 3098 1300 3144 et
1345 3089 1513 3142 solam
1564 3088 1664 3161 sibi
1713 3103 2008 3151 reservare.

2125 1889 2176 1935 et
2201 1880 2442 1935 dentium
2471 1880 2653 1947 statio,
2694 1890 2749 1936 et
2792 1880 2929 1953 gul:e
2980 1881 3182 1952 lapsus,
3214 1890 3270 1938 et
3311 1879 3382 1955 (c)
3425 1882 3719 1951 compitum

2120 1972 2405 2039 stomachi,
2435 1982 2488 2026 et
2532 1973 2634 2028 alvi
2685 1988 2909 2043 gurges,
2954 1983 3009 2027 et
3040 1974 3415 2030 intestinorum
3467 1976 3718 2044 perplexa

2124 2066 2436 2133 proceritas,
2465 2082 2585 2121 cum
2635 2067 2748 2122 esui
2799 2075 2852 2121 et
2902 2067 3044 2137 potui
3097 2070 3248 2124 locus
3291 2084 3397 2122 non
3429 2069 3564 2124 erit?
3608 2068 3726 2137 Quo

2124 2158 2430 2227 httjusmodi
2474 2160 2713 2215 membra
2762 2152 3071 2225 admittunt,
3103 2159 3380 2229 subigunt,
3410 2159 3723 2224 deVoIvunt,

2121 2252 2384 2319 dividunt,
2414 2253 2664 2323 digerunt
2690 2294 2704 2317 ,
2735 2254 2995 2324 egerunt?
3029 2270 3136 2324 quo
3167 2270 3359 2310 manus
3386 2255 3515 2324 ips:e
3545 2265 3595 2309 et
3634 2270 3728 2325 pc-

2121 2348 2217 2426 dcs
2246 2357 2298 2401 et
2326 2348 2555 2417 operarii
2582 2348 2779 2417 quique
2823 2357 3004 2413 artus,
3038 2362 3158 2402 cum
3189 2349 3359 2403 victus
3385 2351 3543 2403 etiam
3595 2364 3724 2405 cura

2120 2441 2515 2513 ecssabit'?quo
2546 2455 2702 2496 renes
2731 2441 2931 2495 conscii
2978 2441 3264 2506 seminum,
3296 2449 3351 2495 ct
3397 2442 3597 2511 reliqua
3624 2456 3657 2512 g
3680 2461 3721 2491 ε-

2123 2535 2366 2591 uitalinm
2395 2534 2671 2604 utriusque
2692 2546 2890 2598 sexus,
2926 2543 2974 2588 et
3018 2540 3376 2601 conceptumn
3408 2532 3638 2594 stabula.
3666 2541 3723 2587 ct

2121 2630 2344 2686 uberum
2390 2626 2911 2689 fontes,dccessoro
2968 2623 3080 2698 (l0)
3119 2624 3425 2688 concubitu,
3459 2634 3511 2678 ct
3563 2624 3718 2686 laetu,

2119 2731 2171 2778 et
2200 2719 2462 2777 educato?
2489 2728 2785 2789 postremo,
2817 2732 2922 2786 quo
2950 2728 3117 2771 totum
3152 2706 3376 2787 't-orpus,
3415 2726 3581 2770 totum
3611 2716 3717 2770 sei-

2120 2814 2243 2869 licet
2290 2811 2641 2866 vacatu'nm?
2668 2809 2747 2864 Al
2782 2809 2897 2864 ha-c
2941 2824 3068 2879 ergo
3114 2809 3552 2877 pra-struximus,
3608 2822 3715 2863 non

2118 2914 2368 2977 oportere
2393 2903 2652 2959 committi
2684 2902 2982 2957 futurorum
3023 2911 3184 2972 atque
3223 2903 3561 2972 pratSt‘ttlilltll
3600 2901 3714 2954 «Ιίς-

2118 2998 2433 3069 positiones,
2462 2995 2818 3049 intercessura
2863 3004 2991 3047 tunc
3037 2992 3403 3048 denmtatioae
3435 3011 3447 3045 :
3485 3002 3538 3047 et
3571 3006 3713 3045 nunc

2117 3089 2537 3162 superStruimus
2558 3086 2731 3143 ofﬁcia
2776 3087 2874 3141 ista
2907 3086 3271 3142 membrorum
3302 3084 3512 3140 neci-ssi
3537 3084 3714 3139 atibus

411 3200 530 3255 qua:
573 3184 859 3238 visura'sit
901 3183 1107 3238 Domini
1149 3180 1228 3254 (b)
1269 3182 1519 3237 salutare.
1564 3182 1669 3238 Sed
1707 3197 1827 3238 cum
1870 3184 2008 3237 idem
2038 3194 2081 3255 ρ
2116 3184 2239 3238 vitae
2270 3183 2425 3253 hujus
2468 3197 2532 3234 co
2561 3194 2728 3250 uSque
2779 3179 3097 3245 cottsistt‘rc,
3125 3177 3297 3233 donec
3339 3186 3393 3232 et
3443 3177 3555 3247 ipsa
3609 3177 3714 3231 riza

412 3277 712 3345 lropbetes
749 3276 908 3332 ctiam
951 3278 1197 3332 nationes
1236 3277 1531 3344 ostendat;
1560 3292 1699 3332 nunc
1735 3278 2014 3346 deputatas

411 3370 557 3423 velut
598 3369 869 3438 puberem
908 3378 959 3424 et
994 3370 1239 3433 salivam,
1283 3382 1423 3423 nunc
1461 3377 1764 3438 speraturas
1801 3380 1855 3425 et
1892 3384 2010 3433 eirea

411 3459 614 3516 dituras
655 3462 705 3514 in
749 3476 942 3517 nomen
981 3470 1034 3515 et
1075 3461 1125 3515 in
1165 3460 1440 3517 brachium
1481 3461 1710 3528 Domini,
1757 3461 2011 3531 numquid

410 3563 466 3610 et
520 3555 586 3608 de
645 3554 948 3610 nationibus
1007 3555 1277 3611 fallimur?
1330 3567 1383 3611 et
1436 3555 1557 3611 ιιΙίίυ
1613 3556 1829 3627 quidem
1889 3566 2013 3612 sunt

410 3646 724 3711 creditum,
778 3647 896 3702 ali-.c.
948 3647 999 3702 in
1052 3648 1321 3717 pulverem
1372 3648 1670 3720 deputatzr,
1721 3665 1786 3707 ex
1833 3650 2007 3706 diver-

408 3739 567 3795 sitate
610 3739 969 3795 substantiae?
1000 3739 1071 3810 (b)
1130 3740 1235 3796 Sed
1280 3748 1333 3797 et
1377 3740 1623 3798 Christus
1671 3743 1810 3798 intra
1853 3758 2010 3801 ocea-

337 3894 342 3898 ,
412 3846 575 3896 num,
636 3843 690 3887 et
741 3831 808 3887 de
864 3832 968 3887 isto
1023 3832 1161 3888 ςωιιι
1216 3833 1358 3904 quod
1416 3835 1571 3891 nobis
1627 3835 1842 3892 incubat
1891 3834 2004 3909 (ἲ),

344 3972 356 3979 .
408 3937 594 3980 verum
627 3923 804 3978 lumen
835 3924 1140 3980 nationibus
1172 3922 1377 3980 olfulsit
1400 3924 1516 3998 (8);
1550 3936 1603 3982 et
1628 3927 1728 3998 ipsi
1763 3927 2011 3982 Valenti-

2119 3274 2471 3332 transferatur
2491 3288 2521 3329 ιι
2545 3272 2936 3343 temporalitate
2959 3271 3012 3325 in
3041 3272 3416 3337 aeternitatem,
3437 3270 3575 3325 sicut
3594 3269 3680 3323 ani
3698 3300 3716 3310 ο

2120 3370 2259 3425 male
2285 3386 2479 3440 corpus
2530 3372 2581 3423 in
2633 3369 2894 3441 spiritale,
2924 3368 3051 3423 dum
3097 3366 3490 3434 mortalejslurl
3537 3366 3713 3420 induet

2118 3463 2581 3527 immortalitatem,
2640 3472 2685 3516 et
2737 3462 3081 3531 corruptivum
3134 3459 3270 3514 istud
3314 3457 3709 3528 incorruptelmn

2118 3554 2160 3628 (I
2191 3555 2307 3610 Cor.
2338 3554 2485 3626 XV);
2516 3563 2570 3609 et
2601 3554 2713 3625 ipsa
2751 3564 2930 3608 autem
2963 3554 3183 3610 liberata
3229 3559 3354 3609 tunc
3398 3552 3506 3606 vita
3536 3566 3565 3605 a
3611 3566 3712 3607 tte-

2117 3650 2475 3713 ccssitatibus,
2505 3648 2869 3705 liberabuntur
2890 3658 2941 3703 et
2976 3651 3215 3703 membra
3242 3647 3310 3702 ab
3345 3645 3568 3710 ofﬁciis;
3612 3660 3715 3702 nec

2114 3742 2234 3798 ideo
2277 3757 2382 3798 non
2427 3750 2585 3797 erunt
2638 3741 2959 3797 necessaria.
2994 3740 3145 3797 Licet
3192 3740 3334 3796 enim
3385 3736 3580 3793 ofﬁciis
3644 3738 3713 3792 li-

2111 3835 2385 3903 beretttur,
2417 3835 2496 3909 (Δ)
2527 3835 2622 3893 sed
2656 3835 2872 3907 iudiciis
2917 3835 3251 3901 retinentur;
3288 3842 3348 3889 ttt
3374 3834 3485 3904 quis
3514 3836 3705 3904 referat

2112 3944 2201 3995 per
2230 3944 2431 3998 corpus,
2464 3936 2614 3998 prout
2639 3928 2791 3999 gessit
2816 3925 2885 4000 (ll
2909 3925 3028 3983 Cor.
3064 3925 3152 3998 ν).
3179 3925 3394 3982 Salvum
3422 3926 3566 3981 enim
3612 3926 3711 3980 ho-

1638 4039 2022 4098 LECTIONES
2065 4040 2469 4098 VARIANTES.

496 4150 546 4228 ί)
570 4152 898 4228 [inmunitatem
914 4151 1023 4204 cod.
1053 4152 1231 4205 Pithae.
1260 4150 1364 4219 Iiig.
1391 4154 1557 4206 Vener.

500 4150 546 4215 t)
570 4152 898 4203 Emunitatem
914 4151 1023 4204 cod.
1053 4154 1067 4203 1

496 4215 526 4262 '2
572 4215 770 4265 Etadd.
798 4213 946 4265 Iflten.

473 4150 548 4341 I3)
574 4278 911 4341 Calor-amenta
928 4275 1067 4329 Seml

474 4280 548 4341 (3)
574 4280 911 4328 Calor-amenta
928 4280 1083 4329 Seml.

474 4339 544 4402 (ί,
565 4342 614 4400 ὃ,
637 4342 691 4402 6)
719 4340 811 4390 Dei
839 4343 982 4392 Pam.
1008 4341 1160 4391 Fran.
1190 4337 1298 4405 Rig.
1327 4344 1493 4392 Venet.

2176 4156 2248 4220 (7)
2278 4157 2531 4208 incumbat
2547 4154 2694 4208 then.
2715 4153 2869 4208 Seml.

2177 4216 2250 4284 (8)
2276 4221 2465 4271 Eﬁ‘ulsit
2486 4222 2630 4271 Pam.
2656 4220 2809 4284 Fran.
2837 4216 3003 4284 Paris.

2198 4279 2249 4345 9)
2277 4284 2598 4347 Exaggerattt
2623 4280 2766 4347 ﬁlum.
2790 4279 2941 4333 Seml.

2210 4343 2284 4410 10)
2317 4343 2589 4396 De§éssuro
2612 4344 2717 4410 Rig.
2745 4348 2914 4396 Venet.
2936 4345 3220 4397 discessuro
3240 4344 3385 4397 Ithen.
3409 4343 3563 4399 Seml.

1792 4450 2353 4510 COMMENTARIUS.

481 4563 633 4643 CAP.
678 4560 810 4617 LIX.
852 4593 923 4643 τέ
966 4562 1043 4638 (a)
1096 4563 1331 4643 Ego‘nte
1364 4565 1467 4621 scio
1508 4582 1672 4643 neque
1710 4568 1816 4623 alia
1859 4588 2010 4625 came
2035 4573 2088 4632 D
2117 4570 2329 4643 mundis
2358 4578 2508 4643 extra
2539 4584 2798 4643 oceanum
2830 4570 3046 4643 positis,
3087 4585 3222 4641 quos
3254 4577 3553 4643 ⁸ισὶττορςκίνι-ους
3592 4589 3715 4631 esse

410 4634 662 4708 asini/cria
691 4634 1019 4708 commisisse,
1058 4634 1162 4690 etc'.
1204 4636 1257 4689 Si
1300 4636 1367 4691 de
1406 4653 1467 4693 se
1508 4638 1753 4708 loquatur
1784 4643 2005 4705 Auctor,

410 4707 620 4764 videtur
646 4705 698 4759 itt
725 4706 1003 4774 jurentute
1029 4721 1121 4760 sua
1154 4716 1277 4763 ante
1306 4705 1701 4764 matrimonium
1731 4712 2009 4773 continen-

413 4778 537 4850 tiam
569 4792 674 4831 non
700 4791 945 4850 servasse
970 4778 1114 4850 :scd
1135 4794 1255 4832 cum
1286 4780 1335 4832 itt
1366 4780 1479 4850 ipso
1507 4783 1847 4835 matrimonio
1874 4797 2006 4837 eon-

412 4849 671 4923 t_i_nentem
721 4846 882 4903 fuisse
928 4846 1445 4923 subindicavcrimus
1490 4866 1673 4923 supra,
1724 4853 1816 4906 lih.
1869 4854 1883 4906 l
1941 4855 2009 4908 ad

416 4918 661 4983 Uxorem,
692 4930 745 4972 et
772 4934 940 4990 usque
968 4920 1104 4975 adeo
1132 4922 1475 4975 continentia:
1505 4918 1714 4977 amator
1743 4925 1917 4989 hterit,
1951 4938 2007 4979 ιιι

378 5006 381 5011 '
410 5005 471 5044 ea
493 4992 776 5062 occasione
797 4991 1047 5044 Montano
1072 5000 1251 5059 postea
1275 4992 1581 5057 adlueserit,
1605 4995 1813 5049 videtur
1836 4997 2008 5062 potius

411 5062 464 5117 in
498 5076 696 5132 genere
732 5061 875 5132 l0qui
913 5062 979 5116 de
1015 5063 1204 5131 quovis
1243 5062 1457 5119 homine
1494 5067 1595 5120 sub
1632 5061 1856 5135 persona
1890 5083 2006 5131 sua.

1800 5137 1939 5195 PAM.

416 5219 422 5224 ·
483 5200 563 5275 (h)
604 5201 710 5275 St'd
745 5213 791 5256 et
829 5200 1058 5260 Christus
1096 5204 1232 5260 intra
1271 5221 1534 5275 oceanum,
1576 5216 1619 5261 et
1656 5207 1719 5263 de
1756 5209 1851 5263 ista
1887 5211 2013 5264 cwlo

411 5274 551 5343 quod
573 5274 717 5328 nobis
745 5275 972 5330 incubat.
1002 5275 1115 5330 Hoc
1140 5283 1299 5331 etiam
1326 5274 1624 5331 delirabant
1644 5278 2009 5346 Valentinani,

414 5346 551 5407 quod
587 5355 737 5401 extra
777 5346 920 5401 hunc
953 5346 1211 5401 ambitum
1250 5355 1406 5401 terrze
1444 5349 1579 5403 alios
1617 5350 1860 5406 homines
1894 5367 2015 5407 esse

453 5419 673 5490 iet-rent,
701 5431 765 5472 ac
784 5416 1012 5490 diversa!
1036 5418 1368 5490 substantim,
1396 5433 1595 5490 eosque
1618 5436 1792 5489 veros,
1818 5423 2007 5478 tcletos

414 5496 467 5543 et
495 5489 813 5543 abascantns
842 5498 895 5543 et
924 5489 1181 5544 acinetos.
1223 5486 1670 5549 Nostratcs'enim
1729 5486 1882 5548 veros
1914 5494 2005 5547 Ito-

414 5561 586 5614 mines
612 5576 716 5613 non
743 5572 886 5627 esse,
910 5575 1045 5630 quos
1070 5561 1385 5630 Demiurgus
1410 5562 1737 5619 stillicidium
1758 5565 2011 5630 siml-aget

413 5634 687 5704 pulverem
711 5646 876 5696 areas,
905 5643 960 5687 ct
985 5633 1219 5704 locustas
1243 5631 1532 5702 deputavit.
1562 5635 1675 5700 Qua
1702 5634 1767 5688 dc
1796 5651 1853 5690 re
1877 5637 2012 5704 Sep-

414 5701 595 5775 timius
626 5703 1085 5775 nosterLapertitts
1122 5701 1360 5772 disputat
1388 5704 1480 5775 lib.
1512 5704 1575 5758 de
1603 5704 1897 5775 Scorpiace.
1929 5701 2010 5762 Ad

416 5773 529 5846 haec
575 5788 703 5846 vero
746 5772 1096 5846 deliramenta
1141 5789 1247 5846 non
1296 5774 1562 5846 pertinere
1602 5772 1832 5831 arbitror
1870 5777 2012 5846 quod

414 5843 609 5914 legitur
644 5845 700 5900 in
731 5845 900 5918 prima
931 5845 1222 5901 Clementis
1251 5847 1316 5901 ad
1348 5845 1654 5903 Corinthios
1683 5843 1918 5917 Epistola
1947 5848 2015 5906 de

2114 4644 2207 4697 ait.
2243 4642 2372 4696 Nam
2406 4641 2509 4695 hoc
2535 4641 2651 4713 viro
2680 4640 2989 4710 Apostolico
3016 4640 3367 4713 geographee
3404 4645 3580 4710 potius
3610 4646 3713 4700 im-

2115 4714 2299 4783 peritia
2329 4706 2607 4775 exciderii,
2638 4706 2792 4781 qnam
2824 4714 2978 4767 ullius
3008 4706 3271 4782 dogmatis
3294 4706 3576 4769 adserendi
3603 4725 3717 4771 stu-

2115 4784 2223 4839 dio.
2258 4785 2377 4840 litt}.
2400 4813 2470 4822 —
2494 4783 2745 4853 Ejusdem
2776 4787 3050 4837 nobiscum
3080 4792 3281 4837 natura!
3309 4784 3405 4837 fuit
3431 4783 3712 4854 Christus;

2115 4871 2287 4925 neque
2316 4855 2636 4924 enim,'quod
2676 4854 3044 4909 lucreticorum
3077 4864 3461 4919 commentum,
3492 4871 3711 4913 carnem

2113 4941 2144 4981 e
2170 4929 2328 4992 cmlo,
2361 4934 2452 4980 aut
2478 4925 2678 4980 mundo
2706 4938 2899 4996 praeter
2922 4925 3118 4981 Oceani
3152 4927 3428 5051 termintis,
3460 4928 3639 5052 tpraxit.

3407 5014 3437 5052 E
3514 5015 3565 5052 tt.

3407 5014 3437 5052 E
3469 5014 3565 5053 ΡΒ.

2188 5069 2339 5124 CAP.
2371 5067 2484 5123 LX.
2508 5066 2668 5139 --(c)
2696 5066 3262 5135 Coinpitumstontaclti.
3280 5067 3580 5138 Compitum
3600 5079 3717 5124 sto-

2119 5142 2292 5195 machi
2313 5147 2467 5211 vocat
2499 5140 3003 5211 conventiculumet
3031 5140 3460 5210 receptaculum;
3493 5141 3637 5211 quod
3663 5143 3715 5197 in

2119 5212 2220 5285 hoc
2254 5210 2508 5285 videlicet
2548 5209 2830 5264 conveniat
2861 5209 3114 5285 quidquid
3158 5209 3478 5285 eduliorium
3514 5209 3621 5285 per
3656 5229 3718 5268 os

2119 5282 2438 5337 immittitur.
2463 5278 2682 5352 Sumpta
2712 5278 3135 5352 estimelaphora
3163 5282 3230 5334 ah
3276 5282 3339 5336 iis
3371 5283 3468 5336 viis
3500 5278 3718 5352 compc-

2118 5354 2349 5409 tentihus
2375 5366 2438 5406 ac
2459 5350 2931 5417 convenientibus;
2955 5365 3076 5405 nam
3104 5351 3227 5405 hinc
3247 5354 3521 5421 compitum
3543 5350 3714 5410 deduc

2118 5433 2244 5479 cunt
2266 5422 2631 5481 Grammatici.
2666 5422 2838 5476 lim-1N.

2186 5494 2264 5568 (d)
2303 5496 2407 5549 Sed
2423 5494 2644 5568 iudiciis
2674 5494 2967 5568 retinentur.
3006 5493 3316 5568 Saepissime
3368 5495 3551 5550 nititur
3570 5496 3719 5551 Auc-

2113 5562 2204 5622 tor'
2226 5562 2324 5620 hac
2355 5562 2562 5622 ratione
2582 5564 2648 5618 ad
2677 5562 2991 5620 fulciendam
3020 5565 3494 5629 resurrectionem,
3531 5581 3718 5632 pt‘u‘CI-

2116 5654 2218 5707 pne
2248 5652 2366 5705 cap.
2395 5638 2493 5702 M;
2526 5637 2608 5691 cui
2637 5636 2761 5691 licet
2788 5635 3070 5707 plurimum
3100 5633 3263 5689 ﬁdant
3285 5633 3489 5707 Patres,
3516 5643 3708 5707 etme-

2112 5704 2238 5771 rito,
2258 5704 2644 5776 Athenagoras,
2663 5708 2750 5775 qui
2781 5704 2985 5775 plenius
3001 5721 3118 5759 eam
3144 5704 3499 5773 persequitur,
3524 5705 3707 5761 minus

2115 5779 2282 5859 dedit,
2312 5778 2467 5859 affert
2510 5790 2637 5859 tres.
2673 5776 3005 5859 rationes-ad
3030 5776 3402 5859 probationem
3435 5789 3703 5859 resurrle

2119 5850 2298 5920 tionis,
2329 5850 2422 5906 sed
2456 5849 2578 5904 huic
2607 5847 2675 5905 de
2702 5842 3215 5918 necessitateiodicii
3243 5842 3405 5899 divini
3437 5844 3715 5924 derogavit
