4052 6286
337 306 444 364 885

1736 297 2198 358 TERTULLIANI

3522 285 3632 346 881-

336 424 535 480 minem
583 423 812 481 tribunal
849 421 940 479 Dei
969 420 1159 496 exigit;
1188 421 1394 476 salvum
1420 434 1547 476 vero
1585 419 1704 476 sine
1747 434 1918 474 mcm-
1947 417 1996 478 A
2025 419 2139 474 nori
2168 417 2246 490 (7)
2293 416 2423 485 oris,
2466 424 2520 474 et
2559 429 2820 490 organum
2873 415 3112 474 dentium
3168 426 3400 487 asseras.
3432 412 3630 467 Forata

327 513 439 570 bris
467 530 574 571 non
609 515 734 571 licet
765 511 844 587 (l)
884 529 1028 582 eum,
1057 529 1126 568 ex
1150 529 1378 588 quorum
1429 527 1534 567 non
1567 509 1780 574 ol'liciis,
1827 508 1920 562 Sed

325 608 643 662 sobstautiis
669 616 896 682 constat.
929 606 1034 662 Nisi
1067 605 1237 671 forte,
1268 617 1319 660 et
1349 623 1534 659 nzwem
1571 606 1687 659 sine
1712 605 1919 666 carina,

323 699 439 752 sine
471 713 647 767 prora,
676 700 792 754 sine
834 697 1014 768 puppi,
1055 699 1170 753 sine
1211 697 1540 767 compaginis
1587 696 1746 750 totius
1779 695 1922 749 inco-

326 789 570 844 lumitate
621 791 821 845 salvmn
879 789 1245 846 adseverabis.
1295 789 1371 863 (ιι)
1415 789 1478 842 lit
1521 798 1695 843 tmneu
1731 801 1916 840 navem

325 881 559 948 procella
581 881 912 952 dissipatam,
946 881 1029 936 vel
1054 881 1198 936 carie
1220 881 1556 946 dissolutam,
1594 879 1822 934 redactis
1867 885 1921 931 et

323 975 587 1028 recuratis
612 974 859 1028 onmibus
887 973 1166 1042 membris,
1191 973 1434 1029 eamdem
1463 991 1606 1046 saepe
1632 982 1919 1047 εοιιειιριιῑ-

323 1085 444 1123 mus
475 1069 634 1124 etiam
664 1071 815 1124 titulo
842 1069 1197 1124 restitutionis
1229 1071 1566 1141 gloriantem.
1599 1075 1672 1128 De
1709 1075 1798 1132 Dei
1827 1093 1942 1132 ara

323 1160 505 1224 tilieio,
535 1170 586 1214 et
613 1160 872 1224 arbitrio,
913 1170 966 1216 et
993 1163 1134 1232 jure,
1170 1165 1518 1234 torquemur?
1544 1165 1732 1232 Porro,
1763 1168 1806 1223 si
1837 1169 1917 1224 di-

323 1269 414 1308 ves
469 1255 720 1309 Dominus
767 1266 821 1312 et
861 1253 1130 1324 liberalis,
1171 1256 1404 1332 adfectui
1451 1268 1541 1312 aut
1576 1261 1761 1330 gloria:
1805 1279 1918 1320 sua:

321 1358 584 1418 praestans
631 1349 800 1404 solam
849 1350 996 1404 navis
1027 1350 1443 1417 restitutionem,
1493 1351 1753 1409 hactenus
1799 1371 1916 1412 eam

323 1439 550 1495 Volucrit
587 1443 820 1510 Operari,
852 1442 1052 1496 idcirco
1099 1453 1150 1497 tu
1177 1441 1259 1515 ('2)
1307 1445 1526 1515 negabis
1555 1449 1914 1504 necessariam

317 1532 391 1586 ilii
423 1535 790 1605 eompaginem
821 1535 1122 1606 pristinam,
1155 1546 1214 1591 ut
1235 1537 1557 1608 exindejam
1587 1550 1912 1610 vacaturum,

317 1642 440 1680 eum
485 1626 583 1682 soli
635 1626 792 1680 Saluti
842 1628 993 1682 navis
1043 1629 1159 1683 sine
1207 1630 1519 1700 Operatione
1598 1635 1916 1690 conveniat?

317 1718 480 1789 igitur
511 1717 613 1774 hoc
641 1722 1010 1776 tantummodo
1049 1721 1258 1794 discere
1289 1721 1506 1792 Suftieit,
1537 1739 1604 1780 an
1637 1726 1912 1795 Dominus,

2027 522 2149 566 sunt
2181 511 2380 566 inferna
2411 511 2465 565 in
2507 511 2621 564 viro
2647 520 2700 564 et
2743 511 2795 564 in
2823 509 3060 574 fmu'tiua,
3089 507 3338 562 nimirum
3367 520 3468 576 qua
3505 504 3629 558 libi-

2027 605 2406 659 tiittt‘S'ﬂllilt'lll
2435 621 2446 655 :
2472 619 2568 656 cur
2599 619 2704 656 non
2737 603 2905 669 magis
2932 616 3032 666 qua
3061 610 3276 670 potitum
3305 597 3512 652 defruta
3545 593 3628 668 (8)

2024 696 2266 750 Colentur
2297 693 2400 768 (c)?
2433 695 2521 750 Est
2549 693 2722 748 adhuc
2745 692 2821 766 (9)
2846 690 3079 747 immittis
3097 690 3262 756 intus,
3285 704 3392 760 quo
3413 688 3620 743 semina

2024 800 2377 860 c0ugerautur
2410 807 2422 840 :
2448 804 2512 841 an
2540 804 2646 858 quo
2673 786 2944 857 sanguinis
2971 799 3132 838 onera
3161 781 3432 843 secedant,
3467 795 3626 850 quem

2026 883 2224 953 pigrior
2249 896 2408 935 sexus
2437 881 2704 935 discutere
2734 893 2836 931 non
2861 877 3098 932 sufficit?
3127 870 3207 949 (tl)
3233 871 3458 928 Dicenda
3483 873 3628 928 cnim

2023 985 2074 1028 et
2109 973 2242 1035 huic,
2277 980 2554 1042 qu:uteuus,
2599 986 2717 1042 quae
2751 969 2933 1022 volunt
2977 977 3029 1023 et
3076 982 3302 1039 quorum
3336 965 3541 1032 volunt,
3573 976 3630 1022 et

2021 1065 2200 1135 qttalilc
2223 1063 2593 1136 rvolunt(l0),
2623 1063 2794 1117 oilieia
2827 1059 3189 1116 membrorum
3221 1059 3529 1120 ludibriose,
3557 1057 3628 1112 de

2023 1157 2282 1212 industria
2329 1155 2696 1212 suffondcudze
2728 1153 3156 1217 resurrectionis,
3187 1151 3484 1216 oblatraut;
3519 1165 3628 1205 non

2022 1251 2392 1321 recogitautes,
2422 1253 2561 1320 ipsas
2585 1249 2729 1320 prius
2760 1261 2977 1314 caussas
3007 1245 3339 1301 necessitatis
3377 1256 3500 1299 tunc
3529 1261 3627 1298 va-

2021 1359 2252 1412 caturus,
2279 1345 2384 1401 cibi
2415 1346 2629 1408 l'atnem,
2659 1354 2710 1400 et
2737 1352 2895 1414 potus
2917 1343 3082 1405 sitim,
3110 1350 3166 1395 et
3185 1340 3502 1395 CDHCUhitUS
3529 1355 3626 1410 ge-

2022 1441 2252 1494 nituram
2277 1482 2293 1504 ,
2327 1449 2380 1494 et
2407 1437 2732 1508 operationis
2759 1437 2976 1490 victtun.
3011 1433 3228 1490 Sublata
3257 1434 3398 1490 enim
3429 1443 3624 1500 morte,

2021 1550 2194 1606 neque
2225 1534 2396 1589 victus
2425 1532 2732 1587 fulcimenta
2765 1529 2832 1584 ad
2864 1529 3110 1602 praesidia
3154 1531 3298 1594 vitae,
3325 1543 3497 1598 neque
3536 1543 3631 1611 ge.-

2006 1619 2164 1682 neris
2205 1636 2552 1696 supparatura
2573 1624 2750 1695 gravis
2797 1623 2896 1678 erit
2947 1622 3221 1677 membris.
3254 1618 3542 1685 Caeterum,
3573 1629 3632 1676 et

2023 1721 2181 1776 hodie
2209 1735 2397 1774 vacare
2431 1718 2693 1773 intestinis
2733 1726 2786 1771 et
2831 1715 3090 1788 pudendis
3139 1715 3336 1771 licebit.
3387 1715 3630 1783 Quadra-

320 1810 588 1865 boniinetn
635 1812 792 1866 Saluti
836 1811 1174 1878 destinando,
1216 1830 1433 1870 carnem
1474 1816 1789 1883 destinarit,
1849 1837 1910 1874 an

2023 1815 2164 1885 ginta
2196 1811 2381 1866 diebus
2427 1811 2600 1866 Moses
2625 1819 2677 1865 ct
2705 1809 2882 1865 Helias
2919 1808 3122 1880 jejunio
3153 1807 3334 1872 functi,
3361 1808 3475 1862 solo
3519 1807 3630 1862 Deo

317 1903 564 1959 eamdem
596 1905 722 1960 velit
745 1905 922 1962 denuo
951 1922 1091 1972 esse,
1131 1924 1291 1980 quam
1323 1925 1428 1964 non
1475 1910 1696 1967 debebis
1741 1929 1806 1969 ex
1837 1912 1914 1986 (5)

321 1997 494 2052 l'utiu-a
519 2001 884 2055 membrormo
918 2003 1195 2058 vacatione
1220 2005 1571 2073 praescribere
1599 2007 1777 2063 denuo
1797 2023 1934 2063 esse

317 2107 424 2145 non
451 2107 629 2161 posse.
662 2093 812 2148 Licet
845 2095 988 2149 enim
1013 2109 1136 2151 esse
1162 2097 1289 2166 quid
1321 2097 1532 2164 denuo,
1569 2109 1623 2154 et
1648 2100 1916 2156 nihilomi-

315 2197 416 2238 nus
444 2198 664 2249 vacare;
690 2199 785 2238 nec
809 2195 985 2254 potest
1014 2195 1191 2241 autem
1223 2181 1324 2242 dici
1349 2204 1558 2257 vacare,
1601 2193 1644 2246 si
1675 2208 1778 2246 non
1823 2193 1912 2248 sit.

319 2276 388 2330 At
432 2277 574 2330 enim
625 2276 669 2330 si
713 2277 803 2340 sit,
835 2279 1031 2347 poterit
1057 2289 1110 2334 et
1164 2297 1268 2336 non
1325 2297 1563 2339 vacare:
1595 2284 1726 2341 nihil
1772 2287 1917 2343 enim

315 2368 454 2436 apud
478 2370 643 2424 Deum
675 2371 900 2426 vacabit.

935 2461 1162 2520 CAPUT
1190 2463 1326 2520 LXI.

387 2551 491 2606 Sed
524 2553 796 2624 accepisti,
829 2553 1012 2617 homo,
1043 2571 1104 2612 os
1156 2556 1224 2611 ad
1274 2559 1565 2615 vorandum
1619 2569 1780 2632 atque
1825 2577 1918 2633 po-

314 2643 534 2699 tandum
575 2663 588 2700 :
619 2660 716 2700 cur
741 2662 846 2700 non
878 2646 1051 2716 potius
1089 2649 1154 2702 ad
1197 2649 1577 2720 e10quendum,
1612 2663 1718 2710 uta
1755 2667 1917 2712 caue-

311 2737 388 2792 ris
431 2737 751 2794 animalibus
776 2738 975 2794 distes?
1004 2755 1100 2796 cur
1139 2757 1242 2796 non
1294 2743 1468 2812 potius
1506 2744 1570 2810 ad
1627 2747 1920 2816 pr.edicaa-

311 2831 439 2884 dum
491 2831 681 2898 Deum,
715 2842 770 2888 ιιι
815 2835 975 2888 etiam
1025 2834 1330 2893 hominibus
1371 2838 1630 2894 antistes?
1660 2840 1914 2909 Denique,

315 2923 483 2978 Adam
523 2935 646 2978 ante
678 2926 896 2981 nomina
941 2927 1260 2983 animalibus
1305 2930 1618 2997 etntntiarit,
1650 2949 1808 3004 quam
1852 2934 1919 2989 de

313 3018 508 3072 arbore
543 3018 843 3089 decerpsit;
891 3030 1014 3076 ante
1051 3021 1210 3077 etiam
1249 3023 1607 3093 prophetarit,
1639 3043 1797 3098 quam
1825 3043 1919 3083 vo-

308 3111 468 3166 ravit.
500 3114 573 3184 (ιι)
603 3113 706 3168 Sed
736 3115 986 3184 accepisti
1017 3115 1206 3172 dentes
1233 3119 1298 3172 ad
1329 3119 1612 3174 macellum
1635 3121 1920 3177 corrodeu-

2019 1907 2318 1962 alebantur.
2347 1905 2463 1962 Jam
2495 1914 2618 1958 tunc
2663 1904 2804 1959 enim
2853 1901 3218 1965 dedicabatur,
3254 1897 3373 1954 Non
3408 1900 3458 1952 in
3495 1915 3634 1967 pane

2020 2002 2147 2057 vivet
2186 2001 2354 2066 homo,
2387 2001 2474 2054 sed
2503 2001 2556 2054 in
2591 1997 2688 2053 Dei
2715 1997 2880 2054 verbo.
2915 1996 3054 2050 Ecce
3100 1993 3308 2050 virtutis
3351 1991 3541 2048 futurae
3565 1991 3634 2046 li-

2021 2096 2310 2150 niamenta.
2331 2093 2438 2148 Nos
2461 2107 2672 2164 quoque
2696 2133 2711 2158 ,
2740 2100 2798 2146 ut
2825 2104 3128 2162 possumus,
3161 2105 3222 2142 os
3249 2087 3370 2142 cibo
3398 2101 3631 2142 excusa-

2022 2204 2174 2253 tnus;
2202 2189 2361 2244 etiam
2393 2203 2578 2242 sexum
2609 2202 2638 2240 a
2667 2185 3048 2255 congressione
3086 2181 3456 2237 subducimus.
3486 2181 3634 2251 Quot

2021 2282 2286 2354 Spadones
2311 2279 2640 2336 voluntarii?
2672 2288 2800 2348 quot
2825 2277 3059 2348 virgines
3088 2275 3305 2329 Christo
3340 2273 3634 2328 maritatae?
3655 2289 3716 2312 ο-

2021 2384 2152 2446 quot
2189 2375 2396 2429 steriles
2425 2371 2716 2441 utriusquzn
2757 2380 2980 2435 natum,
3014 2366 3358 2425 inl'ruetuosis
3387 2365 3635 2434 genitali-

2023 2470 2123 2525 bus
2151 2467 2372 2524 structi?
2400 2465 2532 2522 Nam
2555 2464 2598 2519 si
2617 2464 2767 2519 ethic
2789 2461 3231 2536 (tl)jatnv..care
3257 2469 3341 2514 est
3370 2467 3422 2511 et
3447 2455 3628 2512 ofﬁcia

2023 2571 2078 2616 et
2116 2560 2475 2616 emolumenta
2519 2555 2883 2611 membrorum
2916 2542 3191 2622 temporali
3224 2550 3542 2614 vacatione,
3575 2556 3638 2603 ιιι

2024 2654 2078 2710 in
2110 2649 2387 2722 temporali
2436 2647 2820 2719 dispositione,
2864 2659 2964 2700 nec
3012 2643 3172 2698 homo
3222 2652 3396 2696 tamen
3453 2641 3634 2722 minus

2023 2746 2204 2802 salvus
2229 2753 2344 2808 est;
2379 2740 2599 2814 proinde
2631 2740 2846 2795 homine
2875 2737 3056 2804 salvo,
3102 2747 3156 2792 et
3207 2734 3421 2806 quidem
3455 2737 3631 2805 magis

2025 2851 2170 2903 tunc,
2224 2846 2280 2892 ut
2331 2836 2382 2903 in
2435 2844 2633 2890 interna
2678 2830 3060 2902 diSpositione,
3111 2830 3277 2898 magis
3319 2845 3423 2882 non
3479 2827 3632 2882 desi-

2023 2902 2392 2992 derabimus?I
2419 2941 2537 2996 qua:
2577 2922 2685 2994 jrun
2737 2920 2820 2976 hic
2871 2935 2976 2974 non
3041 2919 3350 2974 desiderare
3400 2932 3634 2974 consuc-

2029 3027 2218 3079 vimus.

2610 3107 2838 3164 CAPUT
2878 3105 3036 3162 [ΧΗ.

311 3202 435 3256 dum
461 3202 540 3276 (4)
577 3223 591 3260 :
622 3221 718 3260 cur
740 3223 842 3260 non
875 3209 1050 3278 potius
1081 3209 1147 3263 ad
1170 3225 1386 3266 omnem
1416 3212 1614 3266 hiatum
1639 3224 1692 3270 et
1721 3215 1908 3272 rictum
1939 3207 1984 3271 C
2088 3209 2193 3267 Sed
2227 3207 2349 3263 huic
2380 3203 2754 3274 disceptationi
2790 3202 2947 3256 linem
2999 3197 3270 3252 Dominica
3305 3195 3622 3266 pronuntia-

314 3304 462 3350 tuum
486 3297 891 3352 coronandum?
923 3316 1018 3355 cur
1049 3317 1153 3355 non
1184 3303 1360 3370 potius
1404 3303 1468 3358 ad
1503 3305 1685 3374 pulsus
1723 3308 1912 3378 lingnze

312 3390 688 3458 temperandos
718 3391 922 3464 (5),ad
973 3395 1116 3448 vocis
1163 3389 1415 3451 articulos
1468 3397 1760 3456 oll‘ensioue
1803 3403 1913 3473 sig-

311 3482 557 3540 nandos?
577 3485 816 3557 Denique
840 3495 893 3542 et
920 3487 1198 3544 edentulos
1225 3488 1304 3561 (6)
1334 3491 1454 3547 audi
1483 3503 1533 3548 et
1565 3495 1702 3559 vide,
1737 3507 1792 3550 ut
1820 3497 1917 3552 bo-

2016 3309 2089 3362 tio
2117 3306 2360 3376 imponit.
2395 3301 2461 3372 (ι)
2495 3301 2676 3361 Erunt,
2705 3297 2875 3364 inquit
2922 3292 3134 3367 (.ilatth.
3166 3292 3358 3358 XXII),
3383 3278 3630 3362 tanquam

2015 3400 2203 3472 angeli.
2232 3397 2285 3452 Si
2327 3412 2430 3452 non
2464 3390 2735 3458 nubendo,
2765 3389 2884 3459 quia
2937 3403 3036 3442 nec
3082 3385 3382 3450 moriendo,
3437 3385 3627 3452 utique

2019 3511 2116 3550 nec
2143 3493 2228 3548 ulli
2262 3489 2328 3562 (Γ)
2383 3485 2542 3544 simili
2597 3478 2900 3540 necessitati
2954 3477 3282 3538 succidendo
3329 3475 3630 3549 corporaiis

1542 3606 1928 3671 LECTIONES
1971 3603 2381 3670 VABIANTES.

401 3719 444 3786 ι)
471 3719 650 3786 Liquet
671 3720 780 3786 eod.
813 3721 1000 3771 Wouw.
1025 3719 1127 3786 Rig.
1158 3724 1322 3774 Venet.

397 3783 446 3839 Ξ.)
472 3783 608 3833 'l‘une
636 3783 782 3839 li/tett.

393 3844 438 3908 3]
473 3845 531 3896 Et
557 3844 700 3896 1;Ιιίίι.
723 3847 876 3896 Srml.
954 3906 956 3908 _

396 3905 445 3968 .i')
471 3911 804 3959 (Iooruaudum
831 3913 924 3960 Ms.
947 3905 1083 3971 "angi.
1107 3911 1248 3962 Pam.

371 3973 443 4030 (Ei)
469 3971 834 4032 ’l'emporandos
857 3973 1010 4022 Frun.
1036 3973 1177 4024 Pam.

317 4042 322 4046 ’
371 4033 440 4092 (ttl
473 4033 531 4084 lit
555 4033 819 4084 edentulth
839 4032 990 4085 omitt.
1017 4035 1166 4085 Seml.

370 4097 386 4150 ι
394 4099 444 4160 7)
472 4095 720 4146 llonorem
745 4095 848 4161 ltig.
880 4101 1045 4148 Venet.
1073 4096 1226 4148 Seuu'.

371 3718 388 3774 i

372 3781 388 3839 (

371 3845 386 3900 ί

371 3908 387 3961 (

2078 3726 2152 3789 (8)
2173 3722 2448 3789 Delluxnra
2475 3715 2622 3789 alien:
2645 3714 2798 3766 Seml.

2099 3781 2152 3850 9)
2181 3781 2379 3850 inadd.
2403 3785 2552 3850 _1_’am.
2585 3781 2735 3850 [ft-an.

2110 3832 2519 3916 ibit—Stobaliter
2541 3842 2732 3902 volunt,
2769 3847 2822 3890 et
2874 3848 3084 3903 quonon
3114 3834 3281 3886 volunt
3298 3837 3444 3888 Pam.
3473 3832 3625 3888 altera.

2209 3972 2332 4024 Nam
2352 3969 2498 4022 abest.
2524 3981 2556 4018 α
2578 3969 2721 4018 Pam.
2749 3969 2841 4018 Ραι
2857 3963 2914 4016 is.
2941 3973 3087 4016 t‘ran.
3109 3975 3222 4012 nam
3246 3963 3339 4014 etsi
3373 3961 3450 4011 hic
3464 3956 3621 4012 Ithen.

2009 4036 2163 4090 Sentl.

1733 4207 1922 4264 COMM
1933 4209 2108 4265 ENTA
2119 4206 2296 4263 RIUS.

305 4315 563 4390 nonnihil.
619 4315 1093 4390 Verumseeuntli
1127 4317 1241 4390 ejus
1293 4318 1431 4390 ritio
1475 4332 1538 4370 e\'
1576 4329 1765 4373 natura
1791 4320 1904 4390 ipsa

304 4385 568 4446 hominis.
594 4391 761 4442 multo
787 4387 962 4440 minus
1001 4387 1188 4440 virium
1218 4388 1400 4452 habet,
1429 4404 1600 4456 neque
1635 4385 1900 4457 priina'ex

289 4460 410 4512 tino
427 4500 440 4522 ,
465 4461 550 4514 eui
578 4461 712 4515 licus
737 4460 938 4512 crearit
962 4459 1253 4524 hominem,
1281 4447 1498 4523 majoris
1519 4447 1774 4530 ponderis
1797 4447 1900 4526 est,
1932 4447 1981 4506 Ῐ)

309 4531 407 4583 etsi
435 4531 652 4586 minimo
678 4531 1004 4585 ἱιιιτΠίοειρθιιι
1029 4546 1301 4586 censeam.
1327 4530 1464 4585 Pan.

375 4601 452 4674 (a)
473 4601 535 4676 Et
573 4613 738 4657 tamen
764 4615 936 4656 navem
952 4602 1174 4676 procella
1183 4601 1486 4676 dissipatam.
1488 4601 1679 4658 .Alfuoi
1694 4622 1906 4676 quoque

304 4660 564 4727 senti-mia
619 4677 732 4732 l'nit.
784 4660 1002 4735 navem,
1043 4673 1085 4726 si
1111 4671 1246 4725 adeo
1269 4660 1412 4740 saepe
1437 4660 1630 4728 refecta
1654 4660 1905 4740 esset,'nt

305 4744 448 4816 nulla
475 4746 651 4800 talutla
675 4745 862 4816 eadem
889 4753 1226 4810 permaneret
1249 4759 1368 4811 quas
1387 4758 1506 4816 Anon
1533 4762 1665 4799 nova
1691 4745 1898 4816 fuisset,

304 4815 648 4870 nihilominus
671 4815 912 4868 eaindem
950 4830 1140 4867 navem
1173 4828 1293 4867 esse
1315 4814 1626 4870 existimari.
1655 4817 1715 4872 L.
1764 4814 1900 4874 Pro?

304 4887 615 4960 ponebatur.
647 4887 720 4941 De
752 4884 1074 4960 jud.‘ltaque
1104 4884 1484 4949 Athenienses,
1518 4903 1624 4957 quo
1661 4900 1901 4960 tempore

303 4957 512 5026 Socrati
560 4963 762 5012 cicutas
811 4956 1094 5018 miscuere,
1135 4971 1318 5011 navem
1355 4956 1638 5026 quotannis
1691 4962 1740 5014 in
1777 4956 1902 5018 ὐθ-

302 5025 406 5102 lon_
429 5026 982 5102 ιικιιικιιιῑιιζξυιίιιιιιιΔ
1007 5041 1124 5102 eam
1150 5027 1316 5095 ipsam
1341 5025 1460 5082 esse
1491 5029 1768 5095 dicebant,
1796 5050 1896 5102 qua

303 5099 536 5168 majores
557 5113 681 5152 suos
705 5098 945 5168 Theseus
971 5097 1022 5152 in
1054 5099 1266 5153 (Eretum
1291 5109 1526 5154 vexerat.
1553 5109 1688 5158 τιῦτο
1720 5097 1825 5158 δττί
1846 5116 1898 5160 τὸ

301 5163 500 5294 72.3.1}
517 5178 578 5232 ὡς
605 5178 746 5240 φάγιν
769 5163 1018 5234 Att-quiat,
1048 5181 1174 5238 ete.,
1204 5171 1368 5242 inquit
1401 5171 1704 5228 Platonicus
1741 5174 1900 5228 Plur-

301 5257 318 5290 ι
339 5257 422 5293 011.
509 5257 578 5294 16.

301 5243 422 5293 don.
461 5243 578 5296 lito.

369 5311 522 5368 CAP.
559 5309 784 5365 LXi.—-
819 5311 900 5380 (b)
941 5311 1046 5366 Sed
1087 5313 1322 5380 accepisti
1361 5316 1530 5368 dentes
1576 5315 1644 5368 ad
1707 5317 1893 5370 macet:

299 5380 406 5463 tum
449 5383 836 5437 cori-attendunt.
879 5383 1336 5452 Quemadmodum
1371 5385 1573 5440 Mettius
1617 5386 1704 5442 ille
1730 5387 1896 5444 ﬂora-

303 5460 500 5511 liautts.
524 5507 528 5510 _
1700 5487 1710 5492 ι

377 5525 630 5582 Pernicies
655 5534 702 5580 et
731 5534 1000 5596 tempestas
1024 5525 1419 5596 barathrumque
1445 5527 1662 5582 macelli.
1697 5528 1816 5585 lito.

373 5597 447 5659 (ο)
475 5597 590 5664 Qun
625 5606 834 5668 pomum
865 5595 1065 5668 defruta
1101 5595 1350 5653 celentur.
1383 5599 1560 5654 Prima
1585 5601 1768 5664 editio,
1795 5617 1892 5667 qua

299 5664 570 5734 tlrﬂnxura
591 5664 844 5733 celentur,
877 5664 1198 5738 magnopere
1222 5671 1391 5738 placet
1415 5669 1596 5731 Junio,
1613 5671 1701 5736 qui
1733 5664 1894 5725 mira-

298 5741 385 5788 tnr
415 5739 700 5793 adn'iissam
742 5738 965 5795 alteram
991 5739 1307 5807 lectionem,
1331 5757 1452 5795 cum
1494 5750 1667 5793 tamen
1691 5741 1894 5809 signiti-

295 5809 503 5865 cantius
521 5811 590 5865 sit
616 5809 854 5882 defruta;
901 5825 1026 5867 nam
1067 5819 1222 5883 potus
1257 5811 1516 5868 decoctus
1552 5811 1758 5866 colatur
1794 5828 1892 5884 per

2011 4320 2249 4378 infernos
2275 4328 2500 4378 meatus.
2539 4318 2810 4373 Defrutum
2843 4322 2984 4374 enim
3017 4329 3100 4375 est
3125 4320 3306 4374 vinum
3330 4317 3620 4380 decoctum

2013 4410 2040 4448 a
2075 4391 2402 4447 defervcndo
2447 4391 2668 4452 dictum,
2701 4403 2758 4444 ut
2801 4391 3068 4446 Palladius
3119 4392 3322 4460 inquit,
3349 4405 3517 4460 usque
3546 4390 3620 4446 ad

2013 4465 2348 4518 medietatem
2377 4463 2522 4532 juxta
2558 4462 2940 4523 Pliniumzvel,
2984 4462 3133 4530 ⁸ῖιικιςι
3181 4461 3428 4526 Nonium,
3465 4461 3614 4516 dice-

2013 4535 2140 4588 bant
2167 4534 2465 4596 defrutum,
2493 4534 2536 4584 si
2557 4549 2616 4605 ea;
2645 4532 2842 4605 duabus
2874 4533 3102 4605 partibus
3139 4533 3208 4586 ad
3233 4534 3432 4588 tertiam
3459 4532 3614 4588 rede-

2007 4617 2182 4676 gerunt
2202 4603 2654 4676 defervefucienda.
2668 4675 2674 4676 γ
2687 4603 2815 4659 Lac.

2080 4677 2159 4749 (d)
2186 4673 2413 4749 Dicenda
2431 4675 2564 4728 enim
2585 4683 2636 4749 et
2655 4675 2762 4729 [nec
2782 4674 2951 4749 ofﬁcia
2971 4673 3616 4749 utentium-unt.jCircaJtn-

2001 4745 2237 4818 jns'm'odi
2261 4746 2434 4800 oft'ieia
2481 4745 2842 4818 membrorum
2885 4747 3016 4798 mira
3051 4746 3296 4802 libertate
3321 4747 3453 4818 lusit
3485 4745 3614 4803 Ilie-

2007 4816 2422 4890 ronymuslibro
2443 4817 2702 4890 adversus
2726 4816 3062 4890 JOriniatnnn
3093 4817 3282 4888 primo.
3314 4817 3436 4874 Rto.

2075 4885 2230 4946 C’AP.
2263 4885 2422 4944 LXII.
2450 4917 2524 4935 ν·-
2549 4886 2624 4960 (e)
2659 4886 2840 4950 Erunt,
2887 4889 3077 4960 inquit,
3097 4885 3359 4958 tanquam
3404 4889 3608 4958 Angeli.

2005 4963 2192 5032 Attigit
2227 4961 2367 5016 hunc
2388 4961 2572 5032 locum
2599 4974 2716 5027 cap.
2758 4960 2848 5016 56.
2873 4959 2989 5032 _Iiic
3009 4972 3194 5032 tamen
3232 4970 3607 5029 argumentum

2004 5030 2397 5102 istudannccti
2451 5037 2622 5098 potest
2667 5030 3134 5098 notet-edentibus,
3198 5032 3347 5102 quasi
3405 5045 3608 5102 angens

2001 5105 2127 5158 vim.
2159 5101 2372 5158 Dixerat
2399 5103 2448 5154 in
2484 5102 2581 5154 hac
2605 5102 2710 5154 vita
2738 5103 2980 5156 excusari
3014 5103 3258 5157 homines
3284 5118 3312 5154 a
3349 5101 3607 5172 congres-

2003 5189 2063 5228 su
2091 5175 2323 5238 carnali,
2367 5188 2429 5226 ao
2467 5180 2746 5242 propterea
2777 5173 2918 5228 velut
2957 5177 3177 5242 angelos
3213 5175 3484 5228 caelestem
3528 5175 3607 5226 vi-

2003 5254 2107 5298 tam
2144 5245 2363 5308 vivere,
2425 5253 2480 5296 ut
2527 5242 2829 5298 Bernardus
2882 5245 3050 5313 inquit
3093 5259 3256 5299 serui.
3313 5243 3349 5296 τὶ
3377 5243 3446 5298 ad
3485 5245 3598 5312 fra-

2000 5327 2116 5370 tres.
2151 5317 2216 5372 Et
2268 5315 2568 5386 Cyprianus
2609 5313 2702 5368 lib.
2745 5315 2808 5368 de
2857 5316 3046 5385 singul.
3074 5317 3196 5370 cler.
3229 5316 3405 5383 Quare
3447 5324 3502 5369 et
3544 5317 3599 5386 in

1999 5387 2100 5440 alia
2129 5386 2232 5442 vita
2267 5385 2517 5456 poterunt
2547 5387 2789 5456 homines
2841 5387 3080 5456 angelico
3122 5387 3226 5440 rittt
3264 5385 3599 5450 conversari,

2000 5453 2358 5512 utconlirmat
2384 5467 2438 5510 et
2475 5455 2664 5510 definit
2699 5453 2982 5511 Christus:
3016 5455 3180 5512 Erunt
3231 5467 3473 5526 tanquam
3512 5473 3604 5512 an-

2033 5529 2116 5584 eli.
2153 5529 2282 5584 Lac.
3197 5531 3206 5539 ·

2033 5545 2116 5584 eo.
2153 5545 2223 5582 ea
2271 5570 2282 5579 .

1997 5545 2028 5671 ί(
2067 5597 2130 5671 (l')
2159 5545 2328 5653 Simili
2357 5599 2635 5654 necessitati
2663 5598 2988 5654 succidenda.
3025 5598 3163 5656 Usus
3205 5607 3286 5656 est
3312 5613 3470 5665 supra
3497 5613 3595 5652 eo-

1995 5669 2117 5724 dem
2202 5671 2400 5733 verbo,
2461 5685 2558 5739 pro
2615 5670 3004 5725 succnntbendo.
3068 5671 3252 5736 Quoad
3312 5671 3596 5726 sententia:

1995 5741 2517 5866 rationemLattinet,
2550 5751 2774 5796 venuste
2811 5740 3012 5796 fEncas
3040 5741 3262 5796 Gaza-us
3316 5739 3367 5794 in
3415 5739 3594 5796 'l'beo-

1995 5821 2236 5866 otrasto.
2303 5825 2387 5866 ac.

1992 5821 2236 5882 purasto.
2259 5821 2387 5868 ως.
