4052 6286
406 328 514 387 889

360 645 376 908 ἰ

363 908 381 1013 l

359 1013 378 1218 ἱ

352 1218 390 1463 l

339 1463 413 1597 ,ι

406 551 781 608 personarum,
810 552 914 591 non
941 535 1270 607 privilegium
1304 535 1600 605 regionum,
1634 550 1699 589 ex
1735 534 1819 587 his
1865 533 2013 587 enim

410 720 645 790 plicitate
697 720 903 783 sortita,
964 719 1017 772 in
1073 731 1226 772 usum
1286 732 1379 788 per
1427 717 1825 772 successionem
1882 709 2007 771 eor-

410 814 727 877 roboratur,
796 822 852 867 et
901 812 971 866 ita
1025 811 1283 866 adversus
1348 809 1624 865 veritatem
1694 808 2010 864 vindicatur.

346 899 381 975 -ι
410 905 515 962 Sed
580 904 836 960 Dominus
906 912 1089 958 noster
1140 900 1220 975 (η)
1266 901 1511 956 Christus
1574 899 1853 955 veritatem
1911 914 2011 967 se,

412 1016 518 1054 nou
578 996 1017 1054 consuetudinem
1059 994 1473 1067 cognominavit.
1513 993 1569 1050 Si
1612 1007 1825 1063 semper
1853 990 2012 1048 Chri-

410 1102 547 1159 stus,
602 1101 656 1147 et
703 1092 850 1163 prior
895 1088 1181 1144 omnibus:
1212 1103 1366 1169 atque
1435 1086 1632 1142 veritas
1684 1086 2010 1171 sempiterna

411 1195 465 1242 et
511 1185 727 1256 antiqua
751 1199 856 1239 res.
887 1182 1128 1238 Viderint
1155 1196 1285 1267 ego
1312 1181 1510 1267 quibus
1535 1194 1731 1235 novum
1758 1166 2012 1267 eiram

390 1266 510 1335 fam
544 1289 692 1333 vetus
714 1289 817 1334 est.
848 1275 1105 1332 Hteresim
1141 1289 1244 1329 non
1264 1284 1370 1330 tam
1394 1260 2013 1345 novitaquuam“veriias

413 1362 656 1438 ﬁlucit.
680 1362 1339 1438 Quodcunqueadversus
1386 1368 1664 1423 veritatem
1689 1365 1861 1438 sapit,
1910 1362 2012 1421 hoc

413 1445 783 1530 Wresis,
818 1464 977 1518 etiam
1008 1471 1159 1516 vetus
1189 1458 1545 1530 consuetudo.
1602 1458 1873 1515 Cmterum
1910 1445 2009 1513 suo

415 1540 545 1609 vitio
572 1555 691 1626 quis
732 1554 857 1624 quid
888 1540 1312 1625 ignoratTQuod
1344 1541 1533 1608 autem
1565 1553 1862 1623 ignoratur,
1913 1550 2014 1605 fuit

416 1659 524 1702 tam
554 1646 959 1718 requirendum,
1003 1661 1162 1717 quam
1198 1644 1562 1716 recipiendum
1591 1644 1732 1715 quod
1758 1644 2008 1715 agnosci-

261 1736 369 1810 χαί
416 1749 521 1795 tur.
555 1738 755 1810 Regula
784 1738 997 1808 quidem
1027 1737 1151 1793 lidei
1178 1753 1280 1792 una
1309 1736 1649 1805 omninoest,
1674 1736 1787 1792 Sola
1815 1736 2012 1789 imum-

417 1830 565 1899 bilis,
595 1838 648 1885 et
697 1827 1411 1897 irrel'ormabilis,'crcdendi
1463 1827 1667 1885 scilicet
1711 1826 1763 1881 in
1796 1827 2010 1882 tmieum

415 1925 584 1980 Deum
616 1925 1056 1994 omnipotentem,
1102 1924 1283 1979 mundi
1334 1922 1692 1992 conditorem,
1733 1932 1788 1977 et
1818 1921 2010 1977 Filium

415 2019 534 2089 ejus
554 2017 737 2073 Jesum
760 2016 1058 2081 Christum,
1098 2025 1278 2071 uatum
1309 2032 1374 2071 ex
1401 2016 1606 2088 virgine
1633 2014 1815 2081 Maria,
1839 2014 2012 2071 cruci-
2039 2044 2044 2089 ς

1511 322 1713 386 LIBER
1766 324 1855 391 DE
1896 321 2288 385 VIRGINIBUS
2312 323 2683 382 VELANDIS.

407 461 466 502 re
508 451 699 518 potest,
752 458 862 501 non
910 445 1137 516 spatium
1192 451 1513 514 temporum,
1550 457 1654 498 non
1710 442 2009 512 patrocinia
2043 447 2087 505 Α
2119 458 2275 513 supra
2295 442 2363 498 de
2395 442 2494 497 hoc
2516 441 2633 514 ejus
2659 453 2822 512 opere
2876 440 3255 511 pronuntiavit.
3282 439 3412 510 Qua:
3453 447 3537 500 est
3587 456 3716 510 ergo

408 627 520 683 fere
548 627 880 683 consuetudo
910 626 1117 681 initiqu
1143 626 1211 680 ab
1234 625 1411 695 aliqua
1439 624 1742 696 ignorantia
1767 625 1851 680 vel
1881 625 2015 679 sim-
2058 654 2059 657 η

2064 884 2363 898 ..ὲ-ο--ο

3613 324 3720 384 890

2123 538 2383 594 l’aracleti
2410 536 2801 592 administratio
2842 537 2941 590 nisi
2988 537 3122 603 lure,
3153 534 3296 606 quod
3323 534 3603 606 disciplina
3635 534 3717 589 di-

2123 630 2332 700 rigitur,
2366 628 2506 699 quod
2536 628 2829 699 Scriptura:
2862 629 3187 695 revelantur,
3232 626 3374 698 quod
3414 628 3718 684 intellectus

2123 721 2473 788 reformatur,
2524 720 2668 791 quod
2723 720 2789 775 ad
2841 720 3063 777 meliora
3093 719 3719 791 proficituriNihilsine

2117 821 2295 878 relate,
2345 814 2619 895 etcrnnia
2672 812 3489 895 tcmpgve‘xpectantjenique
3532 812 3721 870 Eccle-

2117 904 2347 960 siastes:
2377 902 2620 976 Tempus,
2652 904 2843 976 inquit,
2893 905 3031 959 omni
3086 906 3159 959 rei
3208 902 3433 977 (Eccles.
3464 903 3567 973 rlll,
3602 904 3715 979 l7).

2119 998 2312 1068 Aspice
2337 999 2508 1069 ipsam
2537 1006 2844 1053 creaturam
2872 997 3130 1068 paulatim
3163 996 3228 1052 ad
3252 995 3483 1052 fructum
3508 1012 3720 1069 promo-

2117 1090 2252 1146 veri.
2296 1088 2537 1147 Granum
2585 1099 2671 1147 est
2702 1089 2899 1161 primo,
2928 1099 2984 1146 et
3009 1089 3077 1147 de
3124 1105 3291 1163 grano
3321 1089 3493 1147 frutex
3524 1090 3713 1157 oritur,

2117 1194 2171 1240 et
2207 1182 2276 1239 de
2311 1182 2505 1239 frutice
2524 1182 2811 1239 arbuscula
2839 1182 3098 1239 enititur:
3127 1182 3321 1239 deinde
3339 1184 3473 1238 rami
3500 1191 3555 1238 et
3572 1182 3719 1238 fron-

2116 1275 2215 1332 des
2262 1274 2625 1342 invalescant,
2674 1283 2729 1330 et
2751 1282 2919 1331 totum
2959 1275 3171 1332 arboris
3208 1291 3405 1332 nomen
3455 1274 3716 1347 expandi-

2118 1378 2223 1437 tur,
2249 1365 2322 1441 (ε)
2353 1368 2476 1424 inde
2505 1366 2764 1439 germinis
2797 1375 2975 1424 tumor
3017 1376 3068 1423 et
3109 1365 3209 1423 llos
3230 1367 3299 1424 de
3326 1368 3569 1439 germine
3604 1368 3717 1423 sol-

2115 1461 2278 1530 vitur,
2308 1467 2364 1517 et
2391 1460 2459 1516 de
2487 1461 2621 1523 ﬂore
2666 1460 2867 1516 fructus
2893 1460 3167 1530 aperitur;
3215 1460 3261 1515 is
3313 1475 3528 1531 quoque
3567 1460 3716 1516 rudis

2116 1553 2424 1627 aliquandiu
2457 1567 2511 1609 et
2559 1553 2827 1621 informis,
2859 1552 3111 1624 paulatim
3159 1561 3371 1609 mtatcm
3414 1568 3564 1610 suam
3587 1552 3716 1608 diri-

2114 1663 2268 1719 gens,
2301 1647 2384 1722 (d)
2407 1646 2650 1703 eruditur
2694 1648 2747 1704 in
2780 1646 3246 1704 mansuetudinem
3291 1648 3521 1719 saporis.
3551 1648 3639 1704 Sic
3664 1658 3718 1703 et

2110 1740 2316 1811 justitia
2350 1739 2497 1813 (nam
2522 1738 2662 1795 idem
2698 1740 2835 1796 Deus
2860 1740 3083 1811 justitize
3126 1750 3182 1796 et
3223 1739 3513 1812 creaturae)
3543 1742 3716 1811 primo

2119 1832 2215 1885 fuit
2258 1823 2312 1887 in
2339 1830 2694 1898 rudimentis,
2743 1841 2933 1886 natura
2984 1830 3154 1886 Deum
3201 1831 3712 1888 metuens:dehinc

2118 1938 2212 1993 per
2241 1922 2437 1994 Legem
2470 1931 2523 1978 et
2572 1923 2866 1993 Prophetas
2893 1923 3161 1995 promovit
3188 1923 3238 1978 in
3273 1923 3546 1981 infantiam
3578 1943 3591 1979 :
3617 1925 3712 1981 de-

2117 2013 2240 2071 hinc
2254 2029 2349 2086 per
2371 2013 2717 2087 Evangelium
2735 2014 2982 2071 efferbuit
3004 2016 3055 2070 in
3074 2015 3431 2087 juventutem:
3458 2033 3598 2074 nunc
3617 2033 3711 2090 per

3730 602 3811 635 ν.

3794 774 3811 809 ι

3404 789 3761 802 m-

2604 885 2815 896 *ει-ην

417 2085 587 2163 lixum
610 2109 709 2164 sub
731 2108 921 2164 Pontio
945 2108 1117 2163 Pilato
1170 2109 1324 2163 tertia
1352 2106 1433 2180 (1)
1460 2085 1548 2163 die
1579 2105 1953 2162 resuscitatum
1980 2121 2009 2159 a
2041 2085 2088 2146 Β
2117 2085 2454 2165 Paraelctum
2485 2085 2824 2179 componitur
2860 2110 2911 2164 iu
2940 2085 3322 2164 maturitatem.
3347 2108 3444 2164 llic
3470 2110 3573 2165 crit
3616 2085 3708 2165 so-

417 2202 668 2270 mortuis,
698 2211 982 2276 receptum
1027 2202 1077 2258 in
1106 2202 1283 2269 ccelis,
1307 2202 1584 2258 sedentem
1616 2215 1758 2256 nunc
1783 2199 1849 2255 ad
1876 2200 2008 2255 dex-

416 2303 586 2350 teram
612 2295 821 2362 Patris,
854 2304 1135 2351 venturum
1190 2293 1436 2364 judicare
1488 2293 1641 2349 vivos
1673 2300 1727 2347 et
1774 2300 2015 2347 mortuos

418 2404 515 2461 per
536 2389 713 2445 carnis
735 2390 896 2445 etiam
948 2388 1419 2444 resurrectionem.
1450 2385 1561 2443 llac
1590 2385 1706 2458 lege
1751 2384 1871 2441 tidei
1900 2399 2014 2439 ma-

421 2494 605 2547 uente,
629 2493 825 2539 caetera
854 2484 963 2554 jam
1020 2479 1097 2557 (ὑ)
1136 2482 1433 2553 disciplina:
1477 2492 1531 2538 et
1584 2479 2014 2537 conversationis

2120 2203 2203 2260 lus
2224 2220 2251 2257 a
2280 2202 2496 2260 Christo
2522 2206 2774 2276 magister
2803 2212 2857 2259 et
2880 2203 3143 2260 dicendus
3179 2212 3235 2258 et
3263 2203 3544 2259 verendus.
3593 2203 3711 2263 Non

2118 2299 2259 2356 enim
2311 2299 2380 2355 ab
2430 2314 2490 2354 se
2538 2297 2774 2369 loquitur
2827 2297 2908 2372 (Ξ)
2938 2338 2953 2363 ,
3002 2296 3097 2353 sed
3141 2312 3261 2368 qua:
3311 2296 3631 2353 mandantur
3683 2314 3713 2353 a

2117 2392 2352 2449 Christo.
2386 2391 2481 2447 llic
2510 2391 2657 2449 solus
2686 2390 3020 2457 anteeesso‘r,
3052 2389 3175 2461 quia
3206 2388 3493 2459 soluspost
3528 2388 3713 2445 Chris-

2120 2495 2251 2540 tum.
2283 2482 2437 2539 Hunc
2459 2483 2551 2554 qui
2602 2490 2942 2552 receperunt,
3012 2480 3289 2536 veritatem
3337 2469 3713 2538 consuetudini

330 2576 707 2632 wadmittunt
768 2576 1058 2631 novitatem
1110 2574 1494 2640 correctionis,
1555 2581 1812 2643 Operaute
1865 2573 2011 2627 seili-
2110 2573 2643 2655 autep_onunt.llunc
2669 2573 2760 2643 qui
2786 2571 3069 2628 audierunt
3100 2587 3269 2643 usque
3293 2588 3433 2628 nunc
3457 2589 3561 2629 non
3585 2573 3711 2628 olim

416 2681 503 2725 eet
572 2679 627 2724 et
703 2668 1018 2741 proliciente
1082 2684 1250 2741 usque
1313 2668 1368 2722 in
1436 2668 1596 2722 linem
1660 2666 1831 2739 gratia
1894 2666 2010 2721 Dei.

418 2760 587 2829 Quale
618 2770 700 2817 est
737 2761 883 2817 enim
914 2770 970 2815 ut
1015 2760 1230 2815 diabolo
1262 2774 1476 2829 semper
1509 2767 1770 2829 operante
1799 2765 1854 2813 et
1881 2756 2015 2827 adji-

417 2856 597 2912 ciente
622 2855 862 2925 quotidie
903 2854 970 2909 ad
1025 2853 1318 2925 iniquitatis
1357 2852 1591 2929 ingenia,
1636 2867 1771 2923 opus
1802 2851 1895 2907 Dei
1923 2862 2015 2906 aut

418 2947 734 3015 cessaverit,
767 2956 859 3002 aut
906 2947 1169 3019 prolicere
1218 2945 1520 3002 chtiterit?
1567 2958 1687 2999 cum
1731 2952 2011 3013 propterea

420 3040 758 3096 l’aracletum
813 3042 1020 3098 miserit
1063 3040 1351 3107 Dominus,
1409 3049 1465 3094 ut
1495 3039 1745 3110 quoniam
1778 3036 2012 3091 humana

341 3134 766 3190 mmediocritas
792 3134 971 3191 omnia
1001 3134 1170 3191 semel
1206 3147 1407 3204 capere
1432 3147 1536 3188 non
1571 3140 1798 3201 poterat,
1829 3131 2015 3202 paula-

418 3227 509 3280 tim
534 3226 880 3297 ;lirigeretur,
909 3237 963 3282 et
995 3226 1360 3291 ordinaretur,
1391 3235 1443 3280 et
1471 3224 1537 3280 ad
1567 3224 1859 3295 perfectum
1891 3238 2014 3295 per-

416 3318 706 3373 duceretur
752 3318 1056 3390 diSriplina,
1106 3318 1314 3386 ab__illo
1343 3317 1544 3372 vicario
1583 3315 2013 3388 DomiuiSpiritu

418 3414 636 3466 Sancto.
663 3394 866 3483 Adhuc,
910 3413 1119 3485 inquit,
1169 3413 1329 3467 multa
1364 3414 1522 3467 habeo
1549 3413 1690 3483 loqui
1718 3411 1877 3478 vobis,
1924 3411 2014 3464 sed

416 3506 641 3559 nondum
693 3509 905 3577 potestis
958 3524 1015 3562 ea
1060 3507 1295 3576 bajulare
1348 3523 1367 3561 :

324 3665 333 3674 ι
417 3599 543 3653 rims
573 3601 818 3665 veritatis,
874 3601 1085 3655 deducet
1135 3617 1221 3656 vos
1275 3603 1327 3655 in
1383 3617 1583 3655 onmem
1627 3599 1909 3665 veritatem,
1966 3609 2012 3653 et

417 3695 816 3762 supervenientia
842 3694 1149 3750 renuntiabit
1180 3693 1315 3751 vobis
1339 3693 1464 3767 (Jo.
1497 3693 1635 3761 XVI,
1662 3692 1775 3766 12).
1810 3693 1918 3753 Sed
1955 3703 2011 3750 et

2119 2666 2523 2740 prophetantem
2574 2664 2698 2739 (5),
2761 2665 2999 2737 virgines
3051 2674 3361 2735 contegunt.

2750 2755 2976 2812 CAPUT
3012 2755 3078 2810 II.

2186 2849 2291 2907 Sed
2340 2850 2465 2905 nolo
2492 2849 2708 2905 interim
2741 2848 2884 2903 hunc
2931 2863 3139 2903 morem
3171 2849 3383 2903 veritati
3426 2847 3508 2921 (4)
3542 2848 3712 2920 depu-

2118 2954 2250 3000 tare.
2282 2942 2632 3000 Consuetudo
2653 2943 2724 2998 sit
2746 2943 3025 3012 tantisper,
3056 2951 3115 2997 ut
3138 2942 3513 2998 consuetudini
3544 2942 3708 2998 etiam

2117 3036 2558 3094 consuetudinem
2613 3050 2902 3107 opponam.
2937 3032 3010 3108 (ε)
3045 3034 3146 3089 Per
3172 3033 3433 3090 Grmciam
3462 3043 3515 3089 et
3544 3048 3709 3104 quas-

2116 3132 2238 3188 dam
2273 3132 2545 3188 barbaries
2596 3131 2733 3200 ejus,
2793 3130 2970 3200 plures
3024 3128 3278 3184 Ecclesia:
3333 3130 3564 3201 virgines
3586 3144 3712 3185 suas

2116 3222 2470 3279 ahseondunt.
2503 3221 2599 3277 Est
2624 3232 2681 3276 et
2699 3220 2799 3276 sub
2821 3222 2924 3277 hoc
2951 3219 3090 3276 caelo
3133 3219 3435 3275 institutum
3461 3219 3598 3275 istud
3614 3221 3713 3275 ali-

2117 3318 2260 3385 cuhi,
2321 3334 2387 3373 ne
2432 3317 2523 3387 qui
2582 3315 2865 3386 gentilitati
2915 3314 3225 3385 graecanicze
3278 3323 3369 3368 aut
3418 3313 3714 3370 barbarica:

2121 3408 2563 3466 consuetudinem
2595 3408 2742 3462 illam
2766 3404 3177 3463 adscribat.Sed
3208 3422 3300 3460 cas
3320 3421 3418 3476 ego
3445 3406 3715 3462 Ecclesias

1408 3524 1523 3561 cum
1564 3479 1750 3563 venerit
1778 3506 1866 3561 ille
1891 3505 2014 3577 Spi—
2037 3479 2082 3543 δ
2120 3505 2390 3577 preposui,
2414 3517 2548 3574 quas
2571 3496 2627 3557 et
2655 3501 2753 3574 ipsi
2787 3500 3026 3571 Apostoli
3057 3499 3143 3555 vel
3189 3501 3258 3572 (ῃ
3287 3499 3575 3570 Apostolici
3605 3500 3708 3555 viri

2116 3597 2496 3663 condiderunt,
2547 3595 2626 3667 (g)
2653 3604 2707 3651 et
2731 3603 2862 3667 puto
2890 3604 3015 3651 ante
3040 3593 3322 3665 quosdam.
3358 3591 3564 3649 llabent
3590 3592 3695 3663 igi-

2119 3706 2203 3752 tur
2227 3704 2282 3749 et
2306 3691 2411 3749 illa:
2442 3689 2684 3747 eamdem
2713 3687 3113 3746 consuetudinis
3137 3687 3528 3751 auctoritatem,
3562 3693 3701 3741 tem-

1646 3811 2024 3870 LECTIONES
2066 3810 2474 3870 VARIANTES.

476 3925 548 3990 (Ι)
582 3926 752 3990 Tertio
775 3925 940 3978 Paris.

476 3986 551 4116 (ἐξ
584 3989 833 4062 Loquetur
855 3990 1007 4041 Rhea.
1221 3990 1365 4053 Leop.

477 4052 528 4116 (ᾇ
589 4058 662 4103 ua
683 4056 791 4116 mg.
813 4066 877 4104 ea:
895 4058 1177 4116 aitctontate
1200 4052 1310 4103 cod.
1341 4062 1365 4102 ri

2109 3925 2217 3994 Rig.
2244 3923 2375 3994 verb.
2404 3937 2497 3975 non
2520 3922 2636 3983 olim
2670 3921 3019 3994 interpretandi
3044 3936 3215 3994 caussa
3235 3936 3338 3994 esse
3358 3920 3624 3989 adscripta,
3658 3929 3712 3978 ut

2105 3978 2371 4060 salanverb.
2389 3978 2709 4060 .tisqueﬂuune
2726 3978 2819 4037 sint
2847 3984 3117 4049 retinenda,
3143 3985 3363 4049 conjecil.

589 4058 662 4103 Ita
672 4046 791 4118 'Itig.
813 4066 877 4104 ea:
895 4053 1177 4118 auctoritate
1200 4046 1325 4103 codf
1341 4060 1522 4118 Ir’ouw.
1561 4056 1605 4102 et
1635 4049 1803 4118 Ursini
1827 4065 1864 4118 ;_
1885 4054 2003 4118 god.
2174 4051 2247 4114 (i)
2284 4046 2515 4100 Veritatis
2537 4046 2689 4100 Seml.
3059 4062 3072 4075 ·

414 4114 622 4178 Dinon”
652 4114 803 4167 Rlién.
833 4122 878 4166 et
900 4115 987 4167 alii
1014 4129 1032 4167 :
1058 4128 1217 4189 usque
1244 4128 1344 4166 non
1381 4114 1516 4166 olim.
1555 4114 1657 4167 Sed
1697 4114 2010 4180 probabiliter

1794 4221 2354 4283 COMMENTARIUS.

414 4316 663 4389 excipere
673 4332 767 4373 seu
789 4317 1131 4387 exceptiones
1147 4316 1441 4389 producere
1456 4332 1519 4389 ex
1537 4316 2011 4389 usu_.luriseonsul-

413 4387 610 4443 torum.
647 4389 742 4444 llic
770 4406 876 4443 uno
907 4389 1070 4444 verbo
1097 4390 1325 4459 putarim
1356 4387 1483 4443 nihil
1515 4387 1657 4443 aliud
1702 4402 1821 4459 esse
1849 4404 2007 4458 quam

414 4461 544 4516 nihil
563 4460 864 4515 deveritatc
877 4459 1084 4516 detrahi
1100 4458 1265 4530 posse
1285 4474 1620 4531 quacumque
1642 4458 2009 4524 ratione,uihil

413 4531 556 4587 illius
582 4531 928 4603 Splendorem
955 4531 1212 4603 abrogare
1238 4545 1396 4604 posse
1424 4541 1519 4586 aut
1543 4531 1904 4655 InajistaIgem.
1992 4542 2009 4549 ‘

1708 4617 1739 4655 ε
1808 4618 1861 4655 n.

1708 4617 1739 4656 Ε
1764 4617 1861 4655 ιἰι.

486 4671 565 4747 (a)
605 4671 837 4730 Christus
876 4674 1249 4747 veritatem_u.
1278 4671 1561 4747 Christum
1583 4673 1860 4747 veritatem
1888 4686 2008 4729 esse

415 4741 529 4815 ip~'e
547 4741 783 4800 testatus
804 4754 887 4801 est
907 4746 1125 4799 infinitis
1150 4745 1436 4816 locis,qua2_
1457 4743 1663 4816 omitto.
1691 4741 1843 4816 Unde
1861 4758 2006 4814 saepe

415 4813 638 4870 tuizatus
658 4832 778 4870 sum
806 4818 1048 4872 homines
1076 4813 1360 4872 nonnullos
1390 4814 1776 4884 pharismorum
1808 4813 2003 4868 fastum

415 4901 523 4954 pra:
549 4903 607 4941 se
635 4888 901 4952 ferentes,
926 4903 992 4943 eo
1038 4887 1325 4957 impietatis
1369 4886 1652 4941 devenisse
1678 4928 1691 4950 ,
1723 4895 1787 4957 ut
1810 4887 2005 4957 menti-

415 4968 523 5011 tum
579 4974 672 5014 aut
715 4959 904 5015 saltem
964 4956 1391 5028 ampliihologiee
1449 4957 1683 5028 locutum
1731 4956 2003 5028 Christum

414 5029 647 5085 dixerint
669 5031 856 5095 octies,
877 5046 927 5085 e.
946 5027 1067 5085 VIII
1097 5027 1366 5100 Evangelii
1399 5028 1460 5083 Β.
1483 5027 1725 5084 Joannis.
1760 5027 1865 5100 Sed
1886 5042 2003 5083 eam

417 5116 623 5154 morum
660 5112 712 5156 et
742 5101 1042 5169 disciplinae
1071 5098 1378 5155 christiana:
1411 5100 1748 5155 eversionem
1777 5098 2001 5166 deﬂere,

415 5186 520 5244 non
544 5171 806 5244 rst_hujus
832 5171 934 5227 loci
961 5187 1134 5244 noque
1158 5172 1321 5227 etiam
1339 5171 1622 5244 temporis.
1654 5169 1731 5225 Ls
1780 5169 1878 5224 Pa.

488 5241 571 5314 (Il)
624 5242 924 5312 Disciplinw
969 5253 1014 5295 et
1051 5241 1483 5314 'conversntimiis.
1532 5241 1729 5314 severa
1785 5253 2006 5314 semper

416 5312 692 5382 disciplina
746 5314 1175 5369 conversationis
1211 5314 1427 5367 nomine
1477 5312 1807 5381 intelligitur.
1852 5312 2001 5378 Apud

417 5383 812 5440 'l‘heodoretum
872 5396 1069 5446 ἄσκησις
1116 5384 1329 5439 dicitur.
1355 5386 1413 5438 S.
1448 5382 1825 5454 Hieronymus,
1859 5382 1950 5437 lib.
1987 5382 2001 5435 l

418 5455 673 5510 adversus
692 5456 1034 5511 Iovinianum
1082 5474 1097 5511 :
1130 5471 1393 5510 armantur
1425 5455 1598 5509 eadem
1626 5455 2006 5508 com~ersatione

416 5541 515 5591 qun
535 5525 786 5582 Christus.
814 5528 887 5583 LE
902 5528 1001 5581 Pa.
1434 5566 1441 5571 -

489 5593 566 5668 (ιο)
601 5596 729 5652 Inde
780 5600 1017 5668 germinis
1058 5606 1245 5651 tumor.
1295 5596 1500 5652 Tumor
1544 5605 1627 5650 est
1668 5610 1829 5668 omne
1858 5594 2002 5665 quod

416 5666 753 5740 concipitur;
783 5666 1012 5740 germen
1068 5680 1247 5724 autem
1295 5676 1350 5723 et
1396 5682 1606 5738 gemma
1642 5667 1778 5723 idem
1814 5666 1914 5721 hoc
1945 5668 2001 5721 in

415 5752 565 5795 casn.
585 5737 660 5794 Le
678 5738 774 5793 Pa.

419 5830 426 5874 ξ
488 5809 569 5883 (d)
600 5809 848 5867 Eruditur
889 5810 942 5867 in
986 5809 1422 5868 mansuetudinem
1452 5809 1686 5885 saporis.
1718 5809 1813 5866 Est
1848 5808 1994 5865 cnim

2121 4317 2267 4391 velut
2292 4316 2572 4391 sylvestris
2604 4316 2787 4374 feritas
2816 4320 2961 4375 succi
2992 4330 3047 4376 et
3074 4321 3281 4391 saporis
3316 4321 3371 4378 in
3409 4322 3583 4379 fructu
3609 4316 3736 4379 ad?

2118 4388 2361 4443 hucrudi
2410 4398 2462 4443 et
2493 4391 2814 4454 immaturo;
2860 4391 2957 4446 sed
2984 4388 3229 4447 eruditur
3256 4394 3306 4448 in
3342 4395 3707 4450 mansuetudi-

2044 4444 2089 4501 Ῐ)
2118 4474 2265 4532 nem,
2291 4474 2419 4532 cum
2444 4461 2692 4532 pa_u_la_tim
2711 4444 2967 4532 coquitur

2189 4529 2943 4608 CAP_.II.:-(r-)Per§r(eciam
2971 4533 3554 4608 e_t_quasdnmbarbarias
3576 4538 3705 4608 ejus.

2112 4602 2395 4675 Barbarlas
2419 4600 2796 4675 Griecim,dicjt
2819 4613 2966 4658 extra
2986 4600 3248 4660 Crteciam
3271 4606 3516 4675 regiones
3548 4600 3708 4673 quas-

2112 4673 2258 4739 dam,
2289 4673 2382 4727 sed
2434 4674 2705 4745 appositas
2733 4672 2975 4736 Graeciaa,
3007 4672 3349 4745 quibuscum'
3370 4676 3522 4735 fuere
3548 4672 3705 4735 Cra:-

2110 4758 2295 4799 corum
2329 4744 2537 4814 negotia
2566 4758 2658 4798 seu
2694 4743 3092 4801 bella.‘llora't.:

2235 4823 2419 4874 Graecia
2443 4824 2682 4873 barbariae
2706 4822 2842 4874 lento
2875 4823 3040 4875 collisa
3067 4826 3251 4878 duello.
3606 4876 3609 4881 .

2108 4884 2299 4963 —-_Per
2352 4885 2600 4963 (introierit
2628 4896 2676 4939 et
2723 4888 2967 4963 quasdam
3003 4889 3264 4963 barbaries
3310 4892 3439 4963 ejus.
3481 4888 3703 4950 Criccite

2111 4958 2542 5033 urbesquasdatn
2566 4968 2658 5033 aut
2685 4958 2930 5033 regiones
2956 4960 3178 5033 intelligi
3203 4958 3350 5032 puto';
3375 4977 3700 5033 quamquam

2111 5027 2209 5104 alii
2233 5027 2433 5104 vicinas
2472 5028 2707 5104 Graecia:
2729 5027 2910 5095 urbes,
2950 5027 3310 5104 finitimasque
3331 5027 3577 5089 nationes
3598 5051 3698 5091 no-

2112 5100 2210 5152 tari
2236 5100 2561 5154 existimant.
2580 5098 2655 5153 Le
2674 5098 2771 5154 Pa.
3224 5098 3237 5104 ⁷
3641 5151 3645 5155 ,

2182 5168 2250 5249 (l')
2282 5169 2612 5249 _Ap0stoliri_
2645 5172 2759 5249 viri.
2792 5172 2897 5249 Per
2958 5174 3103 5229 viros
3149 5176 3471 5249 apostolicos
3520 5178 3701 5249 accipe

2108 5241 2414 5317 chrisuame
2465 5241 2736 5317 religionis
2787 5245 3049 5317 primores
3095 5241 3301 5317 qui'aut
3329 5247 3397 5303 ab
3426 5241 3699 5317 Apostolis

2110 5312 2355 5390 instructi
2402 5312 2735 5390 institutique
2782 5312 3017 5390 fuerunt,
3066 5312 3284 5390 antiqui
3315 5312 3696 5390 Apostolorum

2109 5383 2349 5437 doctrina
2404 5382 2561 5451 digna
2614 5382 3035 5460 gesserunt._De
3087 5382 3549 5460 solis—episcopis,
3608 5404 3700 5449 aut

2108 5462 2552 5530 smmuo_t_antum
2604 5455 2854 5522 pontilice
2890 5458 2949 5530 id
2982 5460 3252 5528 explicare
3281 5455 3463 5530 parum
3489 5455 3696 5520 conve-

2110 5526 2263 5603 uicus
2293 5524 2679 5603 videtur_,_eum_
2698 5538 2763 5603 ea
2789 5541 2891 5580 vox
2913 5524 3496 5603 Constantino'Maguo
3534 5534 3695 5589 etiam

2111 5598 2375 5669 tribuatur
2401 5596 2817 5657 multisiulocis,
2847 5611 2898 5648 ut
2924 5599 3061 5664 apud
3077 5596 3482 5667 Theodoritmn,
3516 5618 3566 5660 c.
3600 5606 3691 5669 25,

2108 5666 2203 5745 Ιῇιι.
2228 5667 2242 5720 I
2273 5684 2286 5721 :
2312 5674 2408 5745 fit:
2436 5672 2751 5727 ἀποστολικάς
2770 5672 3038 5745 ἡφρδντίδας-
3073 5677 3117 5724 3v
3158 5688 3216 5733 τῆ
3243 5683 3369 5745 ψυχῇ
3416 5666 3691 5745 περιὶφιρινέ

2109 5738 2430 5810 Αροριοέῑοαδ
2474 5754 2625 5792 curas
2645 5739 2847 5810 omnino
2876 5741 3129 5810 versabat;
3160 5750 3212 5795 et
3236 5738 3382 5798 alibi.
3416 5738 3493 5797 Li;
3524 5738 3617 5800 Pn'.

2182 5807 2256 5881 (g)
2282 5807 2348 5864 Et
2374 5820 2495 5880 puto
2516 5808 2916 5883 ante_quasdmn.
2948 5807 3126 5866 Parcit
3148 5812 3453 5868 humilibus
3480 5829 3688 5885 eorum,

3658 5932 3693 5955 ί
