4052 6286
394 299 499 359 895

1360 268 1363 269 γ
1430 301 1635 358 LIBER
1675 301 1765 358 DE
1799 298 2181 358 \‘lRGlNlBUS
2225 299 2582 358 rumors.

3585 297 3696 361 894

394 433 515 486 nus,
546 433 665 489 quze
693 416 773 492 (a)
796 417 1030 477 dieatum
1063 419 1170 475 Deo
1201 418 1441 474 habitum
1477 397 1762 473 detrahere
1792 411 1982 490 potne-
2014 418 2065 479 A
2092 418 2263 473 divisa
2291 428 2371 474 est
2394 428 2447 474 et
2473 418 2666 475 mulier
2699 427 2754 476 et
2776 419 2947 492 virgo,
2981 418 3069 476 hic
3095 433 3310 491 quoque
3332 419 3694 491 patrocinabi-

394 513 555 567 rnnt!
586 510 723 580 Quid
752 511 908 581 pejus
954 511 1035 585 (I)
1082 511 1275 582 aliquis
1302 521 1617 580 persecutor
1673 509 1907 576 fecisset,
1940 512 1987 565 si

395 606 495 664 hoc
538 621 565 657 a
624 606 828 675 virgine
873 606 1101 660 electum
1154 604 1529 673 cognovisset?
1581 602 1658 676 (ὺ)
1702 604 1988 658 licinidasli

394 699 628 770 puellam
657 711 687 750 a
717 697 912 766 capite,
947 694 1023 770 (c)
1053 708 1106 751 et
1154 706 1258 751 tota
1286 698 1395 765 jam
1422 697 1569 767 virgo
1590 697 1690 750 sibi
1722 712 1825 749 non
1858 706 1940 751 est
1973 715 1985 752 :

394 793 492 846 alia
513 788 770 846 estfacta.
792 790 1030 859 Exsurge
1060 789 1240 859 igitur,
1259 789 1475 853 veritas,
1499 804 1746 857 exsurge,
1767 797 1819 843 et
1839 790 1987 857 quasi

395 885 464 941 de
499 882 754 955 patientia
811 897 1035 952 erumpe
1064 900 1106 934 ε.
1130 881 1329 935 nullam
1382 880 1503 935 volo
1542 880 1986 934 consuetudinem

395 975 686 1041 defendas;
719 990 845 1030 nam
869 974 979 1043 jam
1009 982 1061 1029 et
1105 974 1191 1028 illa
1223 972 1329 1047 (2),
1358 974 1457 1028 sub
1484 989 1588 1044 qua
1613 984 1661 1028 te
1694 973 1985 1042 fruebaris,

396 1071 718 1141 expungitur
748 1067 849 1142 (3).
878 1068 955 1125 Te
983 1082 1101 1123 esse
1131 1066 1440 1122 demonstra
1481 1082 1596 1136 qua)
1626 1069 1860 1138 virgines
1911 1076 1989 1122 te-

395 1161 475 1231 gis
504 1158 604 1235 (t).
642 1160 758 1243 Ipsa
788 1158 1095 1230 Scripturas
1149 1158 1668 1228 tuasjntcrprctarc,
1695 1173 1827 1229 quas
1854 1174 1985 1214 con-

397 1251 621 1317 suetudo
645 1267 750 1308 non
776 1250 940 1306 novit.
970 1248 1026 1304 Si
1055 1250 1196 1305 enim
1221 1258 1424 1317 nosset,
1449 1264 1717 1317 nunquam
1746 1258 1909 1304 esset.

1021 1384 1253 1443 CAPUT
1294 1385 1384 1441 IV.

468 1521 738 1591 Quatenus
758 1528 934 1577 autem
950 1528 1005 1576 et
1026 1520 1093 1575 de
1113 1519 1405 1590 Scripturis
1432 1519 1689 1575 adversus
1711 1521 1986 1579 veritatem

395 1620 751 1691 argumentari
781 1618 1111 1674 consuetudo
1147 1628 1250 1683 est,
1283 1618 1458 1672 statim
1492 1619 1780 1688 opponitur
1810 1618 1985 1684 nobis,

396 1712 594 1767 nullam
614 1712 939 1767 lllt'llllOttCltl
962 1710 1225 1782 virginum
1244 1708 1578 1779 abApostolo
1600 1710 1788 1765 iactam
1815 1710 1902 1764 ubi
1923 1711 1989 1766 de

2097 520 2180 564 tur
2206 510 2292 565 illa
2324 513 2532 579 divisio,
2583 525 2637 568 ut
2676 514 2889 584 quidam
2920 515 3105 584 volunt
3138 512 3240 587 (9).
3275 515 3484 582 Quanta
3540 514 3684 569 cnim

2092 603 2216 656 alibi
2242 604 2378 659 dicta
2406 621 2509 659 non
2558 607 2754 672 valent,
2798 606 2886 661 ubi
2930 608 3070 660 dicta
3127 606 3331 662 scilicet
3384 621 3488 661 non
3541 617 3686 674 sunt,

2099 694 2199 747 nisi
2232 695 2417 751 eadem
2459 697 2529 751 sit
2571 712 2784 762 caussa,
2835 712 2954 766 qua:
2980 699 3125 762 alibi,
3156 707 3212 752 ut
3259 696 3491 753 sufﬁciat
3520 697 3688 753 semel

2093 786 2290 840 dictqu
2315 790 2336 840 ?
2360 787 2450 842 llla
2489 802 2666 843 autem
2693 804 2879 844 caussa
2923 789 3142 859 virginis
3188 797 3241 844 et
3270 789 3508 843 mulieris
3537 790 3692 860 longe

2093 876 2261 932 divisa
2290 888 2369 933 est
2398 880 2463 934 ab
2497 879 2594 933 bac
2646 882 2844 951 specie.
2882 879 3055 935 Divisa
3085 890 3178 946 est,
3203 880 3395 950 inquit,
3430 870 3614 936 mulier
3642 890 3692 935 et

2094 972 2232 1041 virgo
2280 970 2322 1043 (Ι
2374 972 2491 1042 Cor.
2532 972 2639 1038 VII,
2672 971 2786 1045 52).
2814 973 3034 1043 Quare?
3060 972 3321 1041 Quoniam
3356 968 3593 1041 iimupta,
3639 973 3689 1028 id

2093 1074 2175 1118 est
2206 1063 2371 1133 virgo,
2404 1064 2592 1134 ragitat
2645 1080 2702 1117 ea
2752 1081 2865 1134 rpite
2893 1075 3007 1119 sunt
3039 1064 3266 1133 Domini,
3298 1074 3349 1119 ut
3374 1068 3438 1121 sit
3463 1076 3640 1120 sancta
3672 1107 3689 1132 ,

2092 1166 2140 1211 et
2162 1172 2371 1225 corpore
2398 1165 2443 1211 et
2471 1157 2673 1225 spiritu.
2707 1155 2885 1227 Nupta
2911 1169 3101 1224 autem,
3150 1158 3200 1212 id
3250 1169 3350 1224 est,
3388 1176 3492 1212 non
3518 1159 3689 1230 virgo,

2092 1250 2279 1318 cogitat
2308 1247 2562 1314 quomodo
2584 1248 2779 1318 placeat
2812 1249 2939 1302 viro.
2990 1249 3116 1305 Hice
3156 1250 3260 1305 erit
3317 1251 3692 1321 interpretatio

2092 1339 2369 1395 divisionis
2398 1341 2558 1405 illius,
2591 1341 2794 1396 nullum
2826 1340 3029 1396 habens
3057 1343 3231 1397 locum
3263 1343 3313 1397 in
3345 1345 3446 1398 isto
3476 1344 3688 1415 capitu-

2092 1435 2164 1500 lo,
2196 1436 2246 1489 in
2275 1449 2379 1505 quo
2401 1450 2572 1505 neque
2599 1435 2665 1489 de
2696 1435 2914 1504 nuptiis,
2953 1452 3124 1508 neque
3149 1437 3215 1492 de
3243 1438 3421 1493 animo
3449 1423 3502 1493 et
3534 1438 3684 1508 engi-

2095 1535 2204 1580 tatu
2257 1527 2328 1600 (e)
2362 1526 2746 1601 mulieris‘(l0)
2779 1538 2826 1581 et
2854 1529 3074 1598 virginis
3136 1530 3534 1599 pronuntiatum
3557 1572 3571 1597 ,
3598 1532 3693 1585 sed

2092 1619 2159 1673 dc
2186 1620 2358 1687 capite
2400 1618 2649 1673 volando.
2680 1620 2843 1689 Cujus
2876 1620 3072 1674 nullam
3106 1620 3290 1676 volens
3333 1635 3452 1677 esse
3478 1621 3685 1676 discre-

2093 1711 2382 1780 patiouem,
2443 1711 2673 1781 Spiritus
2700 1710 2950 1775 Sanctus,
3001 1729 3106 1768 uno
3138 1713 3352 1767 nomine
3419 1713 3682 1776 tunlicris,

396 1803 659 1858 Velamiue
691 1802 936 1872 prmlinit,
969 1802 1061 1859 sed
1095 1810 1301 1856 tantum
1349 1802 1601 1858 mulieres
1644 1804 1942 1860 norninatas
1976 1825 1990 1861 :
2024 1814 2071 1873 Β
2099 1803 2258 1857 etiam
2289 1803 2547 1872 virginem
2574 1800 2793 1874 intelligi
2821 1805 3009 1868 voluit,
3041 1820 3198 1874 quam
3227 1804 3297 1878 (Γ)
3339 1805 3552 1875 proprie
3582 1821 3689 1860 non

395 1912 542 1964 cum,
574 1897 617 1950 si
643 1896 899 1954 voluisset
925 1906 978 1951 et
1007 1896 1239 1967 virgines
1274 1895 1402 1965 tegi,
1433 1896 1499 1951 de
1535 1896 1830 1966 virginibus
1856 1913 1986 1968 quo-

394 2005 500 2060 que
526 2005 644 2044 cum
699 1989 1012 2044 mulieribus
1057 1989 1348 2043 nominatis
1403 1986 1484 2060 (5)
1535 1990 1984 2058 prommtiassct:

393 2082 665 2154 qtmtnodo
717 2082 846 2146 illic,
896 2081 1089 2153 inquit,
1148 2082 1235 2136 ubi
1275 2082 1343 2138 de
1391 2083 1589 2152 nuptiis
1616 2092 1828 2150 tractat,
1859 2085 1986 2155 quid

392 2174 786 2231 observandum
837 2174 902 2228 sit
941 2175 1101 2229 etiam
1131 2174 1198 2229 de
1228 2174 1541 2244 virginibus,
1598 2174 1859 2230 declarat.
1892 2177 1989 2231 Ita-

391 2281 628 2339 quenon
680 2266 945 2322 contineri
994 2282 1085 2321 eas
1124 2267 1242 2335 lege
1288 2267 1500 2322 volandi
1551 2268 1764 2338 capitis,
1798 2278 1983 2324 utnon

391 2360 692 2416 nominatas
739 2360 791 2413 in
844 2358 943 2413 hac
971 2360 1117 2429 lege;
1172 2360 1279 2414 imo
1324 2375 1389 2415 cx
1449 2360 1548 2415 hoc
1610 2361 1835 2415 revelari
1879 2361 1981 2435 (6),

389 2451 510 2523 quia
544 2466 646 2505 non
664 2449 940 2520 jnbentur,
973 2467 1092 2520 (ιιιιο
1139 2465 1237 2505 nec
1276 2450 1640 2507 nominantur.
1675 2452 1777 2508 Sed
1806 2464 1857 2509 ct
1887 2471 1986 2513 nos

388 2541 633 2598 eamdem
677 2541 1196 2612 argumentationem
1242 2551 1631 2612 retorquetnus.
1681 2544 1781 2613 Qui
1838 2547 1981 2602 cnim

388 2633 592 2690 sciebat
619 2633 750 2688 alias
774 2633 1048 2702 utriusque
1078 2632 1291 2703 generis
1321 2632 1401 2706 (7)
1429 2633 1604 2690 facere
1633 2639 1979 2705 mentionem,

385 2726 606 2797 virginis
633 2725 835 2794 dico,et
864 2725 1127 2791 mulieris,
1153 2726 1201 2779 id
1231 2735 1440 2782 estnon
1465 2727 1778 2799 virginis,“
1796 2746 1981 2788 caussa

389 2817 774 2885 distinctionis,
806 2818 857 2870 in
888 2816 970 2872 bis
995 2817 1260 2887 inquibus
1287 2834 1393 2874 non
1422 2821 1655 2874 nominat
1679 2821 1978 2890 virginem,

388 2925 497 2965 non
527 2908 728 2964 faciens
749 2907 1174 2977 distinctionem,
1206 2910 1444 2965 ostendit
1468 2912 1792 2967 conditionis
1831 2929 1980 2969 com—

389 3003 717 3060 munionem.
749 3001 1016 3057 Caeterum
1057 3005 1229 3073 potuit
1271 3004 1357 3058 bic
1397 2991 1610 3074 «pioque
1654 3008 1983 3063 constituere

388 3094 745 3151 dill'erentiam
775 3093 912 3148 inter
945 3094 1204 3164 virginem
1237 3106 1289 3149 et
1325 3096 1627 3164 mulierem,
1676 3098 1812 3155 sicut
1854 3100 1981 3156 alibi

2096 1895 2440 1961 nominando,
2469 1911 2498 1950 a
2530 1896 2753 1952 iutiliere
2784 1902 2887 1951 non
2917 1897 3203 1966 separavit,
3227 1906 3407 1952 etnon
3436 1912 3692 1966 separan-

2092 1986 2161 2042 do
2191 1988 2469 2057 eonjuuxit
2494 1988 2541 2044 ei
2570 2004 2598 2041 a
2619 2005 2721 2060 qua
2749 2004 2851 2043 non
2883 1989 3170 2058 separavit.
3203 1988 3408 2043 Novum
3439 1998 3518 2043 est
3550 2004 3691 2045 nunc

2091 2096 2221 2151 ergo
2254 2081 2527 2151 principali
2560 2081 2819 2136 vocabulo
2846 2082 2919 2136 uti
2949 2092 3001 2136 et
3029 2092 3223 2137 cmtera
3249 2081 3599 2136 nihilominus
3623 2083 3678 2137 in

2092 2189 2156 2229 eo
2188 2173 2450 2227 vocabulo
2477 2173 2722 2244 intelligi,
2766 2174 2856 2228 ubi
2898 2175 3039 2228 nulla
3070 2186 3154 2228 est
3179 2173 3472 2229 necessitas
3503 2173 3683 2244 singil-

2091 2266 2240 2320 latim
2284 2265 2671 2334 distinguendae
2725 2264 3129 2320 universitatis?
3166 2265 3494 2320 Naturaliter
3528 2280 3680 2320 eom-

2093 2358 2339 2428 pendiiun
2368 2357 2634 2412 sermonis
2660 2365 2712 2411 et
2756 2367 2966 2427 gratum
3041 2366 3094 2411 et
3138 2358 3501 2412 necessarium
3551 2365 3677 2431 est:

2089 2453 2339 2523 quoniam
2399 2449 2476 2523 (g)
2507 2466 2685 2506 sermo
2729 2451 3040 2515 laciniosus,
3070 2462 3123 2505 ct
3154 2466 3418 2506 onerosus
3446 2461 3494 2506 et
3524 2467 3691 2506 vanus

2090 2543 2306 2598 cst.Sic
2350 2553 2403 2597 ct
2452 2544 2791 2614 generalibus
2850 2541 3121 2597 vocabulis
3182 2544 3415 2599 contenti
3480 2541 3743 2615 sumus,‘

2089 2624 2666 2707 comprebetulentilms
2694 2636 2744 2690 in
2772 2651 2830 2691 se
2860 2637 3171 2705 specialium
3205 2636 3558 2691 intellectum.
3591 2636 3689 2691 Er-

2087 2747 2155 2803 go
2178 2732 2287 2802 jam
2316 2731 2382 2786 de
2407 2731 2664 2785 vocabqu
2693 2731 2829 2799 ipso.
2850 2729 3101 2784 Naturale
3129 2729 3440 2784 voeabulnm
3473 2740 3555 2784 est
3584 2729 3687 2785 Γω-

2091 2826 2251 2889 mina,
2279 2824 2357 2897 (li)
2397 2824 2651 2877 naturalis
2676 2823 2922 2877 vocabuli
2980 2822 3232 2892 generale
3274 2823 3481 2877 mulier.
3517 2821 3693 2878 Gene-

2089 2916 2216 2971 ralis
2243 2916 2402 2971 etiam
2435 2915 2691 2987 speciale,
2716 2915 2885 2984 virgo,
2916 2914 2997 2969 vel
3026 2923 3208 2984 nupta,
3256 2914 3339 2969 vel
3391 2913 3575 2975 vidua,
3611 2916 3693 2969 vel

2088 3018 2214 3080 quot
2243 3009 2403 3063 etiam
2435 3009 2606 3062 astatis
2637 3007 2851 3060 nomina
2876 2992 3153 3061 accedunt.
3181 3005 3488 3075 Subjectnm
3527 3006 3692 3079 igitur

2088 3115 2170 3158 cst
2214 3102 2446 3172 generali
2491 3100 2743 3172 speciale,
2792 3100 2910 3169 quia
2968 3099 3217 3170 generale
3261 3099 3506 3168 priusest
3556 3116 3568 3150 :
3635 3108 3692 3154 ct

318 3254 323 3261 ,
388 3188 516 3245 dicit
550 3186 761 3242 :Divisa
788 3195 861 3240 est
888 3186 1068 3240 mulier
1121 3196 1168 3242 et
1224 3188 1384 3257 virgo.
1417 3186 1733 3259 lgiturquas
1762 3208 1867 3245 non
1900 3193 1980 3248 di-

2093 3194 2807 3257 subsessivumantecessivo
2839 3192 2974 3265 (ll),
3015 3202 3068 3247 et
3122 3193 3420 3263 portionale
3476 3193 3692 3247 uiiiver-

388 3282 532 3347 visit,
557 3279 779 3347 tacendo
805 3278 887 3351 (ιι)
908 3279 1209 3336 inalterarit
1227 3278 1330 3351 (8).
1361 3278 1467 3335 Nec
1493 3289 1692 3349 tamen,
1722 3285 1844 3352 quia
1875 3287 1981 3344 illie

2088 3293 2186 3348 sali
2213 3309 2225 3344 :
2255 3291 2381 3347 etin
2413 3290 2526 3359 ipso
2555 3285 2864 3355 intelligitur
2888 3283 3003 3357 (l2)
3026 3285 3425 3356 coisubjicitur,
3451 3286 3579 3343 etin
3609 3290 3693 3355 ip-

1622 3398 2004 3461 LECTIONES
2040 3404 2452 3463 VAIIIANTES.

450 3511 525 3631 (Ι)
562 3513 703 3564 Prius
724 3521 875 3585 Fraag.
901 3509 1004 3576 Rig.
1033 3512 1185 3562 Seml.

473 3577 504 3626 ‘3
558 3575 923 3628 Consuetudme
955 3572 1074 3624 add.
1097 3577 1185 3626 Seu

473 3572 525 3628 ‘31
558 3575 923 3628 Consuetudine
955 3572 1074 3624 add.
1097 3573 1250 3626 Seml.

474 3633 525 3702 ὅ)
566 3637 888 3702 Expugnatur
911 3633 1062 3702 Seml.
1092 3646 1230 3700 map.

476 3694 526 3767 ι)
563 3703 590 3751 Ι
594 3694 654 3752 ια’
671 3694 897 3753 Wouwer
917 3696 1093 3763 Rigalt.
1117 3694 1390 3758 et'melius,
1406 3695 1568 3761 judic.
1594 3696 1742 3750 Seml.
1766 3700 1849 3763 qui
1873 3701 1986 3767 tegit

558 3826 851 3887 Nominatim
882 3832 994 3876 Jun.

451 3837 505 3884 t5
560 3837 851 3887 nominatim
882 3837 994 3876 Jun.

448 3837 526 3952 (ϐ)
557 3888 771 3943 Additur
811 3900 908 3938 non
959 3887 1113 3938 Fran.
1155 3884 1242 3938 sed
1279 3885 1411 3949 ejicit
1447 3887 1745 3950 negationem
1766 3896 1877 3940 Jun.
1916 3902 1980 3939 ex

2016 3556 2021 3569 .
2094 3519 2187 3568 hoc
2211 3516 2362 3566 velari
2385 3512 2537 3566 Seml.

2154 3578 2227 3645 (ἶ)
2257 3578 2459 3645 Sciebat
2485 3576 2605 3645 alios
2625 3574 2732 3645 c_od.
2768 3578 3074 3645 ιιςοζιιυειζεβι
3095 3571 3204 3637 Rig.

2182 3642 2233 3702 8)
2257 3641 2312 3690 In
2334 3640 2486 3692 altera
2521 3641 2605 3689 ivit
2625 3640 2778 3689 Frau.
2805 3638 2916 3689 luiit
2937 3636 3041 3688 alii.

2175 3704 2227 3767 9)
2262 3704 2469 3767 Quidum
2495 3703 2649 3767 Frau.

2180 3760 2258 3834 ill)
2279 3760 2700 3834 'blttliebriﬂseml.
2796 3825 2806 3834 _
2942 3826 2951 3834 _
3100 3826 3136 3834 _
3207 3822 3217 3832 .

2240 3825 2259 3897 )
2296 3829 2360 3897 _Ut
2384 3828 2490 3897 coit.
2526 3830 2707 3897 Wouut.
2736 3825 3070 3897 Spbcessivum
3093 3825 3257 3875 Paris.
3296 3827 3457 3875 Venet.

2184 3829 2259 3897 ll)
2296 3829 2360 3879 Ut
2384 3829 2490 3879 cod.
2526 3830 2707 3878 Wouw.
2736 3839 2789 3876 su

2153 3829 2255 3956 (12)
2292 3891 2604 3953 [intelligetur
2640 3885 2791 3940 Seml.

1751 3994 2309 4055 COMMENTARIUS.

460 4128 537 4203 (a)
561 4129 796 4203 Dicatum
836 4129 929 4184 deo
979 4128 1224 4203 (nubilum.
1256 4126 1552 4203 Virginum,
1606 4128 1726 4184 alia:
1752 4128 1965 4203 quidem

386 4200 547 4271 capiti
577 4217 674 4258 suo
706 4201 947 4255 velamen
976 4201 1315 4271 induxerant,
1345 4201 1460 4253 alue
1491 4200 1655 4257 libera
1682 4202 1856 4269 capite
1885 4201 1968 4255 in-

388 4269 633 4343 tectoque
663 4280 1088 4341 permanserant.
1122 4270 1226 4343 llas
1265 4269 1637 4343 ‘Tertullianus
1669 4272 1967 4338 bomimnn,

387 4344 507 4412 illas
538 4340 626 4398 Dei
667 4340 900 4413 virgines
972 4342 1220 4413 appellat.
1255 4340 1358 4396 Sed
1397 4343 1850 4412 virginesjntecti
1881 4359 1971 4397 ca-

386 4416 531 4484 pitis,
556 4412 772 4469 ollenszn
802 4415 1111 4468 discriminc
1150 4412 1239 4466 illo
1262 4413 1448 4467 velata:
1480 4414 1812 4481 virginitatis,
1841 4430 1967 4481 age-

386 4486 516 4540 bant
549 4486 765 4556 querela
797 4485 1055 4546 scandali,
1098 4484 1536 4556 postulalumtqne
1558 4486 1630 4537 uti
1680 4485 2004 4554 virginibus;

386 4554 1167 4635 velamento“interdiceretur,
1212 4554 1427 4635 nequid
1462 4556 1657 4635 relata:
1700 4564 1975 4623 gestarent

385 4629 529 4699 quod
562 4627 812 4682 invidiam
858 4630 1054 4699 laceret
1082 4643 1184 4699 non
1219 4626 1423 4699 rabilis.
1550 4629 1684 4699 forte
1706 4639 1965 4679 annuerat

383 4697 669 4768 episc0pus
704 4698 1066 4766 postulationi.
1106 4697 1423 4752 Snecensnit
1462 4698 1821 4751 'l‘i-rtullianus
1854 4707 1972 4752 tan-

383 4786 545 4841 quam
568 4770 848 4841 sacriiego.
883 4770 1020 4836 Quid
1051 4769 1212 4841 pejus,
1238 4768 1425 4837 inquit,
1469 4769 1652 4837 aliquis
1690 4779 1978 4837 persecutor

385 4839 633 4913 fecisset?
666 4839 946 4896 Detrudusti
979 4839 1200 4911 puellam
1224 4855 1256 4892 a
1279 4840 1463 4909 capite,
1501 4852 1547 4893 et
1575 4851 1678 4893 tota
1697 4844 1805 4910 jam
1834 4848 1976 4912 virgo

384 4912 481 4967 cibi
503 4923 714 4968 nonest.
750 4913 865 4968 RIG.

457 4983 833 5055 (I))Deuudasti
866 4983 1088 5055 puellam
1098 4999 1137 5055 μ
1152 4983 1336 5051 capite.
1354 4980 1680 5051 Indignatur,
1712 4983 1860 5053 quasi
1884 4982 1976 5038 ad-

381 5053 623 5123 iecturus
648 5055 783 5110 talos
814 5054 879 5109 ad
908 5054 1065 5107 imos.
1097 5053 1215 5108 Βισ.

460 5125 535 5198 (c)
569 5124 770 5198 Ettota
808 5126 921 5194 jam
951 5124 1092 5195 virgo
1115 5124 1214 5198 sibi
1234 5140 1334 5198 nou
1356 5134 1448 5178 est.
1481 5123 1686 5178 Etenim
1720 5133 1830 5178 toto
1851 5138 1975 5179 cor-

388 5196 518 5264 pore
546 5196 887 5261 sull‘unditur,
921 5198 1070 5265 (tuasi
1098 5196 1428 5265 devirginata
1452 5197 1804 5266 spectantium
1843 5210 1976 5250 ocu-

387 5267 454 5321 lis
485 5268 817 5336 procacibus.
845 5267 964 5322 Rto.

458 5338 609 5412 CAP.
641 5338 728 5412 IV.
751 5368 821 5412 -ς-
845 5338 928 5412 (d)
952 5336 1270 5412 lualteraoit.
1300 5337 1526 5412 Rectum
1552 5352 1674 5412 esse
1702 5348 1862 5412 βιιιοςΔ
1879 5339 1975 5412 etsi

387 5408 733 5479 mauuSCripti
792 5409 1045 5474 habeant,
1076 5410 1129 5463 in
1149 5409 1311 5462 altera
1340 5408 1812 5474 iuiitJnaltcraril,
1850 5409 1981 5463 indi-

386 5479 467 5534 dit
493 5480 667 5544 alteri,
688 5479 984 5550 conjunxit,
1015 5479 1276 5546 confudit,
1302 5490 1356 5533 ιιι
1389 5483 1496 5546 jam
1526 5481 1684 5534 ambo
1715 5496 1814 5532 una
1845 5482 1973 5545 sint,

386 5565 450 5605 ac
478 5564 598 5604 sese
626 5561 808 5604 mutuo
836 5551 1163 5606 contineant.
1193 5551 1310 5620 Ipse
1337 5551 1492 5620 paulo
1520 5560 1639 5618 post
1667 5568 1678 5602 :
1703 5551 1746 5615 Α
1774 5550 1981 5604 audiere

388 5638 490 5677 non
518 5623 788 5696 separauit,
829 5631 875 5675 et
902 5639 1004 5696 non
1037 5622 1608 5696 separaiido_conjitit:rit
1636 5622 1681 5673 ei
1707 5638 1737 5673 ιι
1757 5637 1856 5696 qua
1878 5636 1981 5674 non

386 5696 659 5761 separauit.
694 5692 814 5748 Ille.
848 5721 915 5733 —
944 5691 1264 5748 lnaltéravit.
1319 5691 1547 5761 Usurpat
1595 5691 1695 5744 hoc
1741 5695 1973 5753 Auctor,

388 5779 488 5835 pro
515 5781 615 5818 non
643 5763 898 5819 alteravit.
956 5763 1105 5821 Sicut
1157 5762 1306 5834 alibi,
1340 5762 1679 5829 iucrimiuari,
1725 5776 1819 5832 pro
1878 5777 1979 5815 non

388 5836 670 5891 criminari.
704 5838 841 5890 l’ut.

2150 4132 2228 4207 (ιε)
2254 4134 2483 4189 Mulieris
2530 4144 2583 4207 et
2615 4133 2844 4204 virginis.
2901 4129 3596 4207 Disrriminantvulgo__ita,
3632 4139 3689 4187 ut

2075 4202 2266 4261 Innlil-r
2307 4207 2519 4275 praprie
2546 4206 2613 4261 sit
2636 4202 2703 4275 qu
2726 4223 2754 4256 ιι
2784 4204 2981 4272 nupsit,
3009 4210 3062 4257 et
3090 4220 3208 4270 qua!
3234 4202 3392 4257 liabet
3438 4203 3639 4275 liberos
3667 4218 3683 4266 ;

2074 4278 2223 4345 virgo
2263 4274 2381 4347 qua)
2410 4274 2633 4344 integra
2672 4284 2786 4342 est,
2821 4284 2872 4329 ιιι
2904 4290 3025 4329 vere
3082 4275 3409 4342 incorrupta.
3463 4274 3685 4347 Exuqua

2076 4344 2415 4403 distinctione
2446 4349 2652 4402 locutus
2705 4357 2786 4399 est
2821 4347 3193 4416 Hieronymus,
3240 4359 3499 4399 enarrans
3553 4344 3680 4397 illud

2078 4422 2249 4483 Usum,
2280 4420 2544 4488 Spousubo
2570 4430 2615 4473 te
2642 4418 2897 4479 mihi,etc.
2924 4417 3033 4470 lloc
3063 4427 3233 4470 tamen
3258 4416 3688 4488 discrimentau-

2081 4500 2187 4542 tum
2238 4486 2388 4543 abest
2438 4502 2491 4543 ut
2531 4491 2595 4543 sit
2646 4500 2983 4558 perpetuum,
3022 4497 3077 4539 ιιι
3107 4486 3679 4558 potiussob_mulicris

2085 4562 2299 4615 tmntine
2350 4562 2494 4633 virgo
2525 4555 2763 4633 quoque
2792 4558 3115 4633 intelligatur
3139 4598 3153 4621 ,
3196 4567 3253 4611 ιιι
3281 4556 3365 4610 hic
3393 4555 3681 4611 Tertullia-

2085 4647 2180 4686 uus
2212 4633 2281 4686 ait
2303 4676 2315 4697 ,
2337 4644 2390 4687 et
2421 4629 2663 4700 probabit
2689 4632 2844 4692 infra,
2871 4642 2975 4685 ctc.
3011 4629 3141 4683 Lac.

2154 4722 2220 4799 (ι’)
2258 4725 2505 4799 Propric_
2542 4724 2872 4799 nominando.
2921 4721 3053 4799 Nota
3093 4720 3234 4799 inibi
3289 4719 3425 4799 Itane
3459 4733 3676 4784 vocem,

2084 4792 2414 4852 avertentem
2467 4795 2950 4851 Grammaticorum
2984 4792 3379 4847 distinctionem
3410 4792 3550 4843 inter
3581 4807 3681 4844 no-

2085 4872 2225 4922 mina
2250 4869 2459 4937 propria
2506 4877 2555 4921 et
2594 4866 2929 4937 appellativa.
2988 4864 3082 4937 Ilii:
3113 4866 3251 4916 enim
3280 4861 3484 4937 proprie
3511 4862 3681 4912 uomi-

2083 4957 2204 4992 narc
2231 4932 2361 4992 dicit
2394 4932 2752 4993 Tertulliani“
2799 4934 2866 4990 de
2905 4936 3120 4989 n:-.miuc
3158 4934 3300 5003 quod
3360 4932 3458 4999 ipsi
3489 4943 3683 4986 vocant

2087 5011 2486 5082 appellativum.
2516 5008 2631 5062 llic.

2156 5100 2232 5175 (g)
2275 5100 2456 5175 Sci-pio
2506 5100 2801 5175 laciniosus.
2859 5096 2968 5151 lloc
3000 5107 3113 5175 est,
3146 5094 3390 5175 diffusus.
3425 5093 3478 5148 In
3528 5093 3679 5174 libris
3748 5162 3751 5167 _

2088 5166 2345 5227 advel-sus
2378 5170 2695 5224 Marcioucm
2732 5168 2831 5222 hoc
2864 5168 3179 5223 vocabulum
3207 5169 3367 5222 etiam
3401 5166 3675 5232 reperias:

2083 5247 2153 5299 ita
2201 5245 2249 5297 in
2286 5241 2362 5297 De
2412 5241 2547 5297 cultu
2603 5239 2927 5306 [ieiuniorum
2972 5259 2990 5292 ε
3041 5238 3233 5297 Caetera
3258 5253 3371 5291 vero
3407 5236 3634 5302 corporis
3660 5275 3672 5297 ,

2083 5315 2339 5371 laciuiosis
2382 5326 2702 5381 pompm-mu,
2737 5319 2782 5363 et
2828 5308 3125 5363 deliciarum
3160 5308 3364 5381 ineptiis
3394 5322 3666 5372 occupare.

3321 5380 3495 5433 ltum.

2154 5476 2237 5552 (li)
2287 5473 2549 5552 Naturalis
2603 5470 2849 5552 vocabuli.
2874 5479 2978 5526 etc.
3031 5468 3204 5552 ltitiam
3236 5471 3372 5537 apud
3411 5469 3675 5552 Jurecon-

2085 5541 2272 5613 sul‘tn's,
2308 5547 2583 5601 mulierem
2613 5542 2867 5613 generale
2895 5541 3213 5613 voealndmii
3251 5554 3402 5613 esse,
3434 5549 3575 5607 patet
3606 5553 3673 5613 ett

2087 5609 2310 5691 Ulpiano
2352 5617 2386 5671 1.
2459 5609 2715 5691 (ptumi-tur
2763 5632 2775 5667 :
2816 5615 2874 5667 υ.
2940 5613 3006 5668 de
3057 5609 3261 5691 [Ειιὶιίι.
3320 5611 3518 5663 edicto.
3581 5610 3668 5691 ubi

2085 5681 2274 5745 mulier
2322 5681 2493 5743 etiam
2519 5686 2712 5741 dicitur
2748 5703 2811 5740 ea
2840 5728 2853 5751 ,
2914 5701 3032 5756 qui:
3069 5684 3237 5737 virum
3292 5697 3395 5804 tulpi
3427 5681 3668 5748 agnovit.

3370 5765 3463 5804 Αιι.

3370 5765 3463 5804 All.

3703 2730 3986 2846 ειιαξιυιη
