4052 6286
333 254 442 319 895

1760 256 2225 320 TERTULLIANI

3524 270 3627 330 896

335 387 396 426 so
422 373 775 444 signiﬁcatur,
795 373 916 445 quia
950 373 1001 430 in
1030 372 1148 444 ipso
1187 372 1513 429 continetur.
1546 371 1636 429 Sic
1667 388 1762 429 nec
1804 390 1917 429 ma-
1952 378 2003 436 A
2033 376 2113 451 (ri)
2147 378 2461 450 prophetica
2510 382 2670 439 modo
2698 383 2899 440 dictum
2921 394 3022 443 est.
3053 386 3184 443 Nam
3213 401 3336 445 cum
3351 387 3631 460 Scriptura

338 480 460 529 nus,
487 481 584 521 nec
610 480 723 536 pes,
759 480 857 520 nec
879 464 1044 518 ullum
1082 463 1443 520 membrorum
1470 465 1928 536 desideratsigni-

342 557 514 623 lic::ri,
542 573 770 628 corpore
799 556 1094 611 nominato.
1125 556 1194 611 Et
1213 556 1258 611 si
1305 555 1559 611 mundun:
1586 557 1804 623 dixeris,
1828 557 1934 613 illic

339 650 441 705 erit
461 660 513 706 et
538 650 754 715 caelum,
805 658 861 704 et
904 664 1023 720 quae
1071 648 1124 703 in
1152 663 1241 714 eo,
1274 648 1354 703 sol
1393 657 1447 704 et
1475 648 1621 716 luna,
1646 655 1702 704 et
1731 647 1928 715 sidera,

342 751 397 796 et
434 749 599 807 astra,
630 750 684 796 et
730 749 893 808 terra,
921 751 976 795 et
1020 739 1173 807 freta,
1203 740 1381 796 omnis
1409 754 1604 795 census
1632 740 1929 795 elemento-

337 850 477 894 riuo.
500 836 692 892 Omnia
711 835 932 902 dixeris,
965 850 1085 889 cum
1115 833 1165 888 id
1191 833 1393 888 dixeris
1419 822 1559 905 quod
1588 848 1654 889 ex
1682 833 1934 905 OlltttilLlS

338 926 696 997 constat.,Sic
741 937 795 982 et
845 927 1120 981 mulierem
1166 925 1513 990 nominando,
1563 926 1818 997 quidquid
1850 937 1935 982 est

275 986 595 1009 ——-—————t

342 1021 584 1077 mulieris
616 1020 928 1076 nominavit.

978 1118 1209 1176 CAPUT
1248 1117 1314 1173 ν.

412 1213 519 1271 Sed
547 1212 799 1285 quoniam
833 1214 901 1268 ita
933 1214 1176 1268 mulieris
1202 1227 1399 1269 nomen
1432 1220 1717 1283 usurpant,
1747 1220 1803 1268 ut
1828 1226 1934 1267 non

340 1315 529 1378 putent
558 1315 866 1376 competere
910 1305 1061 1373 illud,
1095 1306 1193 1360 nisi
1215 1306 1264 1361 ei
1290 1306 1390 1360 soli
1425 1321 1543 1376 quae
1577 1304 1750 1360 virum
1783 1320 1934 1375 passa

345 1399 449 1463 sit;
485 1398 698 1470 probari
721 1414 751 1454 a
781 1399 935 1469 nobis
966 1409 1201 1469 cportct,
1226 1400 1610 1471 proprietatem
1637 1400 1754 1470 ejus
1775 1413 1935 1455 voca-

345 1490 456 1546 buli
486 1490 552 1545 ad
574 1505 763 1545 sexum
822 1492 1016 1561 ipsum,
1042 1506 1147 1545 non
1177 1490 1242 1545 ad
1268 1490 1493 1563 gradum
1518 1504 1679 1547 sexus
1702 1491 1941 1562 pertine-

344 1600 424 1652 re,
459 1583 535 1658 (τι)
563 1584 705 1656 quod
734 1585 1093 1641 communiter
1123 1585 1285 1639 etiam
1314 1585 1548 1656 virgines
1589 1594 1927 1641 censeantur.

346 1677 477 1733 Cum
511 1679 611 1732 hoc
657 1693 827 1750 genus
875 1677 1093 1733 secundi
1147 1678 1381 1733 hominis
1417 1693 1446 1731 a
1476 1678 1585 1732 Deo
1613 1678 1807 1733 factum
1858 1685 1942 1733 est

2036 470 2194 526 refert
2228 471 2300 544 (ε)
2344 474 2508 531 fuisse
2529 475 2699 532 nudos
2728 477 2885 545 duos,
2905 479 3074 535 Adam
3102 490 3156 536 et
3180 481 3462 538 mulierem
3494 482 3634 552 ejus.

2035 578 2134 618 nec
2167 564 2267 620 hoc
2316 565 2384 621 de
2437 566 2616 624 lutttro
2646 570 2956 641 sapitquasi
2990 572 3266 628 mulierem
3295 575 3490 631 dixerit
3517 576 3637 643 ejus

2035 653 2089 709 in
2123 658 2382 733 praisagio
2442 659 2643 727 uxoris,
2683 661 2776 716 sed
2818 663 3070 732 quoniam
3119 675 3175 720 et
3222 665 3443 737 innupta
3491 666 3638 722 illius

2038 748 2269 814 mulier,
2313 759 2372 803 ut
2423 750 2493 806 de
2542 752 2838 808 substantia
2894 755 3062 826 ipsius
3124 775 3136 813 :
3194 756 3326 822 Hoc,
3357 759 3545 830 inquit,
3578 777 3638 815 os

2037 857 2100 895 ea:
2123 842 2316 897 ossibus
2347 844 2488 908 meis,
2517 853 2561 897 et
2607 842 2678 918 (Ῑ)
2735 863 2855 901 caro
2903 862 2969 903 ea:
3012 863 3167 905 carne
3215 867 3328 905 mea
3378 850 3639 906 vocabitur

2036 935 2239 991 mulier.
2278 936 2412 992 Hine
2446 952 2574 1009 ergo
2614 941 2789 995 taeita'
2811 941 3137 997 conscientia
3160 952 3388 1021 natum,
3419 945 3532 1021 ipsa
3555 943 3641 1000 di-
3684 992 3716 1017 ,

2039 1028 2232 1084 vinitas
2266 1033 2457 1087 anirme
2489 1032 2557 1112 iri
2571 1050 2725 1111 usum
2756 1036 3023 1113 sermonis
3039 1036 3242 1113 eduxit,
3274 1037 3640 1093 nescientibus

2040 1120 2344 1195 hominibus
2372 1124 2531 1197 (sicut
2552 1138 2603 1183 et
2627 1128 2730 1183 alia
2750 1128 2941 1198 multa,
2968 1144 3087 1200 qua:
3127 1143 3195 1185 ex
3216 1128 3489 1202 Scriptura
3519 1130 3639 1186 lieri

2040 1225 2094 1279 et
2121 1216 2224 1272 dici
2251 1218 2427 1275 solere
2451 1218 2577 1275 alibi
2611 1222 2906 1291 poterimus
2934 1220 3272 1295 ostendere),
3290 1223 3365 1276 uti
3384 1223 3641 1277 mulieres

2040 1320 2252 1364 nostras
2298 1309 2544 1369 dicamus
2590 1327 2810 1368 uxores.
2856 1312 3174 1385 Quanquam
3230 1324 3301 1368 et‘
3348 1314 3641 1386 improprie

2041 1401 2285 1472 qutcdam
2315 1403 2616 1473 loquamur;
2642 1421 2763 1462 nam
2790 1413 2845 1463 et
2870 1405 3041 1462 Graeci
3068 1407 3157 1477 qui
3182 1406 3352 1476 magis
3379 1405 3642 1462 voeabula

2043 1495 2280 1551 mulieris
2325 1496 2375 1549 in
2418 1512 2586 1554 uxore
2620 1506 2860 1561 utuntur,
2906 1502 2987 1571 (g)
3036 1498 3137 1553 alia
3178 1498 3645 1567 habent-propria

2041 1585 2301 1641 vocabula
2341 1587 2541 1642 uxoris.
2573 1588 2677 1645 Sed
2716 1589 2859 1644 malo
2890 1588 3031 1644 hunc
3072 1603 3225 1643 usmn
3259 1586 3325 1642 ad
3347 1588 3647 1658 Scriptum:

2046 1678 2409 1735 testimonium
2450 1679 2730 1751 deputare.
2756 1680 2857 1739 Ubi
2879 1681 3022 1737 enim
3039 1679 3147 1736 duo
3168 1680 3221 1736 in
3240 1696 3401 1735 unam
3422 1695 3645 1735 carnem

348 1772 400 1826 in
429 1771 753 1841 adjutorium
784 1770 1015 1827 hominis
1036 1770 1188 1845 (Gen.
1221 1770 1264 1825 ll
1285 1812 1299 1838 ,
1328 1770 1439 1842 18);
1462 1770 1678 1826 ltetuina
1713 1770 1800 1825 illa
1832 1777 1942 1825 sta-
1972 1775 2018 1835 B
2046 1771 2345 1828 efﬁciuntur
2370 1789 2466 1843 per
2499 1774 2576 1847 (It)
2609 1773 2934 1829 matrimonii
2963 1789 3181 1837 nexum,
3213 1789 3341 1830 caro
3362 1790 3425 1830 ex
3454 1788 3642 1837 carne,

349 1864 441 1922 tim
476 1866 666 1921 mulier
709 1874 790 1922 est
834 1868 1232 1935 cognominata,
1267 1864 1345 1939 (ὁ)
1385 1864 1563 1921 adlmc
1585 1862 1732 1929 felix,
1765 1862 1943 1919 adhuc

346 1955 503 2026 digna
529 1956 796 2026 paradiso,
830 1957 1006 2012 adhuc
1040 1958 1207 2027 virgo.
1245 1955 1538 2023 Vocabitur,
1593 1956 1778 2027 inquit,
1826 1972 1942 2009 ntu-

349 2049 444 2105 lier
465 2050 640 2119 (Gem.
663 2050 724 2119 ll,
746 2050 862 2122 ‘25).
900 2051 1074 2107 [labes
1123 2052 1301 2124 itaque
1326 2065 1665 2117 nomen,nou
1694 2049 1815 2104 dico
1832 2048 1942 2120 jam

352 2142 540 2212 virgini
559 2160 864 2211 commune,
889 2146 980 2199 sed
997 2145 1290 2215 proprium,
1310 2143 1451 2215 quod
1465 2160 1493 2197 a
1512 2143 1771 2215 principio
1786 2142 1939 2213 virgo

351 2236 547 2303 sortita
568 2246 669 2290 est.
694 2235 798 2291 Sed
823 2237 1097 2306 ingeniose
1118 2236 1329 2306 quidam
1350 2236 1416 2291 de
1436 2235 1614 2291 futuro
1633 2235 1814 2290 volunt
1833 2233 1946 2288 dic-

355 2333 491 2393 tum,
535 2324 805 2381 Vesubitur
851 2329 1049 2394 mulier,
1080 2328 1228 2398 quasi
1284 2343 1401 2397 qua:
1441 2327 1543 2383 hoc
1571 2327 1744 2384 futura
1779 2336 1945 2396 esset,

354 2432 475 2473 cum
526 2420 888 2492 virginitatem
941 2424 1260 2492 resignasset
1300 2439 1312 2475 :
1347 2421 1594 2491 quoniam
1625 2430 1677 2476 et
1726 2422 1945 2492 adjicit:

354 2508 634 2575 Propmrea
699 2512 777 2584 (l)
846 2512 1093 2584 relinquet
1138 2515 1286 2568 homo
1342 2526 1536 2585 patrem
1588 2525 1634 2569 et
1690 2524 1947 2581 matrem,

361 2612 418 2660 ct
444 2605 515 2675 (τ)
548 2604 999 2675 conglutinabitur
1050 2607 1262 2661 mulieri
1312 2622 1458 2673 sum,
1500 2616 1555 2662 et
1580 2615 1739 2663 erunt
1768 2608 1876 2664 duo
1898 2610 1950 2665 in

358 2715 521 2758 carne
544 2716 647 2760 uua
676 2698 779 2773 (ἲ).
808 2699 1107 2756 Ostendant
1132 2701 1290 2770 igitur
1319 2700 1398 2773 (5)
1426 2702 1598 2773 primo
1618 2703 1705 2757 ubi
1731 2703 1800 2758 sit
1829 2703 1954 2758 sub-

358 2795 522 2851 tilitas
551 2795 646 2849 ista
672 2836 685 2860 ,
716 2796 758 2848 si
793 2793 860 2849 de
883 2794 1058 2848 futuro
1088 2794 1281 2849 mulier
1301 2795 1672 2862 cognominata
1703 2805 1784 2852 est
1812 2795 1952 2866 quod

361 2871 563 2941 interea
617 2885 933 2940 vocalanqu
979 2885 1292 2955 acceperit?
1320 2884 1434 2941 Non
1467 2896 1647 2955 potest
1669 2886 1811 2942 enim
1838 2887 1955 2944 sine

362 2978 623 3034 vocalmlo
654 2977 933 3048 prtcseutis
980 2978 1247 3047 qualitatis
1295 2993 1403 3033 suae
1448 2977 1631 3036 fuisse.
1687 2980 1953 3036 Caeterum

362 3072 517 3144 quale
546 3080 646 3135 est,
680 3079 732 3125 Ill
770 3086 887 3140 qum
910 3070 963 3126 in
996 3070 1228 3127 futurum
1270 3082 1551 3127 vocaretur
1598 3073 1812 3128 nomine
1858 3073 1956 3128 de-

2045 1875 2097 1921 et
2127 1880 2187 1920 os
2226 1881 2291 1920 ex
2326 1867 2557 1931 ossibus,
2589 1875 2809 1922 vocatur
2838 1866 3136 1922 secundum
3163 1866 3423 1938 originem
3454 1865 3651 1921 mulier

2047 1957 2184 2027 ejus,
2222 1973 2288 2012 ex
2318 1958 2470 2028 cujus
2504 1958 2799 2013 substantia
2836 1958 3025 2027 incipit
3055 1958 3266 2014 censeri
3310 1956 3448 2012 facta
3486 1973 3649 2012 uxor.

2046 2049 2121 2104 Ita
2156 2050 2345 2104 mulier
2368 2066 2475 2105 non
2505 2048 2691 2105 natura
2719 2064 2915 2107 nomen
2940 2060 3022 2105 est
3045 2050 3249 2113 uxoris,
3283 2047 3363 2120 (5)
3392 2046 3487 2103 sed
3513 2064 3653 2104 uxor

2049 2145 2355 2201 comlitione
2376 2132 2571 2202 nomen
2593 2156 2673 2203 est
2695 2146 2953 2202 mulieris.
2982 2144 3227 2214 Denique
3250 2143 3444 2200 mulier
3459 2152 3517 2200 et
3533 2158 3645 2198 non

2053 2257 2186 2295 uxor
2206 2240 2310 2296 dici
2330 2252 2524 2312 potest,
2558 2257 2662 2307 nou
2687 2240 2879 2295 mulier
2908 2250 3086 2295 autem
3119 2253 3254 2294 uxor
3281 2237 3385 2294 dici
3415 2253 3522 2292 non
3545 2251 3652 2307 po-

2055 2343 2178 2397 test.
2217 2334 2338 2404 quia
2378 2349 2477 2389 nec
2512 2350 2653 2390 esse.
2694 2334 3000 2389 Constituto
3045 2330 3205 2402 igitur
3237 2331 3454 2386 nomine
3498 2344 3658 2385 novae

2056 2426 2310 2494 fwrninae,
2332 2427 2474 2498 quod
2500 2438 2582 2483 est
2607 2427 2816 2492 mulier,
2846 2435 2904 2481 et
2926 2425 3176 2496 explicito
3193 2424 3331 2496 quod
3356 2423 3503 2495 prius
3530 2422 3653 2488 fuit,

2056 2519 2106 2575 id
2134 2528 2213 2574 est
2237 2521 2452 2574 nomine
2477 2520 2769 2590 assignato,
2789 2518 3053 2574 convertit
3068 2515 3174 2587 jam
3192 2516 3257 2570 ad
3282 2515 3656 2586 propheticum

2056 2610 2340 2677 rationem,
2384 2610 2457 2665 uti
2489 2608 2694 2665 diceret
2738 2627 2750 2664 :
2789 2607 3005 2679 Propter
3048 2609 3180 2661 hanc
3202 2607 3446 2675 relinquet
3499 2606 3656 2659 homo

2058 2713 2252 2774 patrem
2299 2714 2344 2757 et
2373 2715 2603 2758 matrem.
2634 2703 2782 2758 Adeo
2809 2710 3116 2773 separatum
3141 2710 3223 2757 est
3252 2714 3503 2756 uomena
3529 2713 3657 2770 pro—

2061 2796 2261 2868 phetia,
2288 2805 2542 2868 quantum
2566 2804 2619 2850 et
2643 2797 2709 2850 ah
2739 2797 2849 2865 ipsa
2874 2808 3125 2865 persona,
3159 2805 3217 2847 ut
3244 2809 3349 2846 non
3375 2792 3555 2862 utique
3587 2790 3660 2846 de

2060 2889 2171 2959 ipsa
2200 2887 2304 2943 Eva
2331 2888 2547 2949 dixerit.
2568 2887 2660 2942 sed
2695 2888 2744 2941 in
2775 2887 2895 2941 illas
2924 2887 3169 2943 lmtninas
3193 2885 3415 2951 futuras,
3437 2899 3571 2955 quas
3603 2885 3659 2940 in

2061 2980 2279 3036 matrice
2295 2981 2507 3050 generis
2529 2980 2790 3036 fteminini
2810 2979 3467 3048 nominarit.Alioqui,uon
3484 2977 3659 3034 Adam

2061 3072 2340 3128 relicturus
2364 3081 2482 3129 erat
2515 3082 2717 3144 patrem
2747 3081 2799 3128 et
2832 3085 3083 3141 mptretn,
3116 3084 3251 3141 quos
3275 3084 3379 3126 non
3404 3070 3659 3135 habebat,

361 3168 593 3237 signito,
623 3165 674 3219 iu
707 3165 960 3235 prtesenti
987 3163 1118 3219 nihil
1148 3164 1665 3235 cognominaretur?
1691 3163 1952 3221 Omnibus
1978 3167 2022 3231 C
2058 3179 2276 3241 propter
2307 3168 2495 3223 Evam.
2528 3168 2665 3237 Ergo
2690 3181 2796 3221 non
2827 3164 2892 3220 ad
2925 3164 3092 3220 Evam
3124 3164 3377 3235 pertinet,
3408 3162 3530 3235 quia
3559 3176 3664 3218 nec

360 3257 682 3314 animalibus
725 3258 891 3311 Adam
943 3258 1157 3333 nomina
1207 3258 1478 3329 imposuit,
1544 3270 1598 3313 et
1641 3245 1838 3314 nemini
1871 3259 1952 3332 (4)

363 3365 428 3406 ex
458 3350 1015 3413 l'utura'eonditione,
1064 3350 1158 3405 sed
1200 3366 1263 3405 ex
1308 3352 1560 3421 prmscnti
1601 3351 1953 3421 institutione,

364 3445 448 3500 cui
471 3442 706 3499 conditio
728 3456 1077 3514 quascumque
1102 3443 1349 3507 serviret,
1379 3443 1481 3499 hoc
1503 3444 1788 3514 appellata,
1815 3445 1956 3515 quod

364 3552 394 3592 a
426 3536 717 3607 primordio
744 3535 931 3601 voluit;
950 3534 1078 3605 quid
1100 3550 1230 3606 ergo
1255 3545 1379 3592 tunc
1400 3536 1730 3592 vocabatur?
1762 3537 1959 3608 Atquin

366 3632 851 3702 quatieuseumque
874 3631 924 3684 in
948 3630 1221 3701 Scriptura
1238 3632 1959 3703 nominatur,mulierappel-

366 3722 527 3787 latur,
558 3730 844 3793 antequam
870 3731 1032 3792 nupta
1054 3763 1067 3786 ,
1094 3732 1147 3777 et
1171 3738 1441 3793 nunquam
1464 3724 1613 3795 virgo
1640 3739 1760 3779 cum
1784 3724 1958 3797 virgo.

370 3817 485 3874 lloe
552 3831 746 3872 nomen
801 3826 911 3873 tum
982 3831 1147 3874 unum
1198 3816 1271 3872 illi
1293 3815 1411 3885 fuit,
1458 3829 1513 3875 et
1579 3818 1794 3890 quando
1834 3818 1965 3874 nihil

2058 3260 2125 3316 ad
2148 3260 2338 3331 Adam,
2365 3260 2506 3332 quod
2535 3258 2843 3332 prophetico
2871 3257 3075 3312 dictum
3102 3266 3206 3313 est.
3237 3255 3314 3311 De
3342 3254 3661 3311 maritorum

2061 3354 2203 3409 enim
2234 3352 2540 3409 conditione
2564 3350 2896 3422 prindit-ttnu,
2927 3350 3014 3420 qui
3041 3349 3112 3404 ob
3146 3347 3427 3403 mulierem
3458 3362 3662 3418 parcn-

2064 3454 2144 3500 tes
2165 3459 2289 3499 suos
2311 3452 2464 3499 erant
2487 3442 2721 3498 relicturi
2741 3459 2755 3497 :
2777 3440 2920 3512 quod
2945 3442 2996 3496 in
3022 3439 3186 3495 Evam
3208 3438 3403 3495 cadere
3429 3452 3534 3493 non
3559 3453 3666 3508 po-

2067 3540 2186 3604 tuit,
2207 3537 2325 3608 quia
2353 3551 2452 3591 nec
2470 3536 2520 3590 in
2543 3534 2731 3590 Adam.
2753 3534 2809 3589 Si
2830 3535 2899 3588 ita
2919 3548 3004 3589 res
3022 3540 3125 3599 est,
3143 3540 3362 3602 apparet
3381 3544 3487 3585 non
3507 3544 3671 3601 prop-

2069 3640 2148 3689 ter
2178 3630 2408 3687 futurum
2441 3630 2718 3685 mulierem
2744 3628 3198 3698 cognominatam,
3229 3624 3296 3679 ad
3323 3638 3483 3696 quam
3519 3624 3671 3679 lutu-

2067 3739 2186 3779 rum
2221 3737 2328 3777 non
2373 3722 2692 3793 pertinebat.
2729 3720 2803 3775 Eo
2829 3718 3056 3785 accedit,
3085 3718 3228 3789 quod
3256 3718 3369 3788 ipse
3401 3716 3672 3773 rationem

2068 3820 2184 3890 ejus
2228 3815 2465 3874 nominis
2493 3815 2681 3874 edidit.
2733 3814 2865 3872 Cum
2896 3813 3039 3870 enim
3078 3812 3306 3870 dixisset
3353 3828 3369 3867 :
3409 3812 3676 3868 vocabitur

1603 3933 1986 3993 LECTIONES
2021 3933 2430 3991 VARIAN'I‘ES.

430 4047 472 4107 ll
488 4049 505 4108 )
539 4045 638 4097 Alii
660 4044 783 4097 add.
806 4045 981 4108 adjicit.

431 4108 506 4169 (2)
544 4110 596 4158 in
623 4121 820 4169 carnem
842 4121 986 4157 unam
1013 4108 1164 4159 Fran.

433 4168 507 4235 (5)
548 4168 677 4222 Male
701 4169 754 4223 in
782 4177 942 4222 Venet.
970 4177 1124 4222 exstat
1148 4170 1345 4234 legitur.

2136 4049 2211 4112 (4)
2244 4047 2503 4112 Ifieminem
2532 4051 2705 4097 Veneta
2725 4042 2867 4097 male.

2067 4173 2099 4223 ι,
2137 4106 2211 4176 (ὅ)
2227 4110 2332 4224 (is;
2343 4108 2521 4160 mulier
2544 4117 2715 4160 natura
2755 4120 2935 4160 nomen
2956 4114 3034 4158 est
3056 4108 3222 4161 uxoris
3239 4146 3254 4172 ,
3285 4109 3343 4158 et
3358 4118 3485 4161 uxor
3506 4106 3681 4157 condi-

2090 4185 2202 4225 tone
2315 4185 2382 4224 in.

1747 4298 2309 4360 COMMENTARIUS.

445 4443 695 4528 CAP...“
718 4474 790 4486 -—
809 4442 888 4528 (a)
912 4445 1059 4528 Quod
1079 4447 1410 4528 comnntniter
1430 4445 1578 4502 etiam
1605 4445 1824 4528 virgines
1845 4460 1963 4528 ξοη-
1994 4447 2044 4507 1)
2072 4461 2171 4528 nus
2210 4445 2502 4503 conformis
2530 4453 2615 4502 est
2658 4441 2999 4528 invertenth
3024 4456 3039 4508 ;
3093 4455 3224 4528 nam.
3256 4454 3388 4528 cum
3417 4439 3471 4528 in
3496 4454 3682 4528 grrrco

375 4517 887 4589 scuntur.Connmini
912 4520 1126 4574 nomine
1150 4518 1391 4572 mulieris
1410 4517 1964 4589 comprehensmdtto.

452 4588 738 4662 (loud/mc
763 4589 909 4659 felix,
959 4599 1064 4645 etc.
1117 4588 1601 4662 ltaprohat‘suam
1644 4590 1967 4662 sententiam

376 4659 759 4732 Tertullianus,
779 4662 860 4715 cui
890 4662 1080 4715 institit
1109 4659 1424 4732 Ambrosius
1443 4659 1535 4714 lib.
1570 4661 1630 4715 de
1689 4661 1807 4732 inst.
1839 4662 1968 4732 virg.

377 4749 427 4791 c.
458 4733 492 4788 5
517 4749 528 4782 :
556 4729 780 4799 Denique
805 4732 1069 4803 virginitas
1092 4733 1313 4802 primum
1338 4731 1432 4785 hoc
1457 4746 1658 4797 nomen,
1689 4730 1740 4786 id
1768 4729 1973 4803 estno-

378 4818 501 4859 men
532 4802 771 4856 mulieris
799 4845 812 4866 ,
861 4801 1100 4873 accepit.’
1128 4802 1267 4873 Nam
1322 4818 1438 4855 cum
1491 4803 1785 4872 sumpsisset
1835 4801 1973 4859 Deus

379 4891 535 4928 unam
567 4876 629 4927 de
654 4875 803 4928 costis
848 4872 994 4939 Atltv,
1024 4886 1070 4929 et
1101 4872 1432 4941 supplevisset
1478 4888 1682 4927 carnem
1726 4875 1777 4927 in
1806 4874 1971 4928 locum

380 4947 563 5019 ipsius,
595 4945 887 5019 ajdi/icavit,
939 4947 1122 5015 inquit,
1180 4961 1290 4998 eam
1352 4946 1429 5019 in,
1458 4944 1740 5019 mulierem.
1791 4944 1974 5019 Utique

381 5014 574 5142 mumﬂ-
599 5017 759 5070 virum
812 5033 913 5073 non
968 5014 1296 5088 sagnoverat,
1327 5025 1373 5070 et
1406 5018 1519 5089 jam
1559 5014 1738 5070 mulier
1763 5015 1974 5070 vocaba<

385 5098 485 5142 tur.
564 5103 647 5142 ac.

385 5098 485 5143 tur.
519 5098 647 5142 Lac.

457 5162 530 5230 (c)
559 5157 1000 5230 Conglutinabitur
1024 5159 1225 5214 mulieri
1240 5174 1364 5214 suae.
1387 5158 1465 5214 Ad
1492 5159 1711 5214 verbum
1737 5175 1804 5213 ex
1841 5172 1978 5225 grat-

385 5245 449 5285 ρο
471 5230 739 5284 transtulit
765 5229 919 5304 illud:
940 5235 1021 5285 καὶ
1050 5240 1502 5304 «persollae-riserat
1521 5244 1581 5304 τῇ
1601 5234 1787 5304 'yuvutxi
1804 5236 1973 5304 αρτοῦ,

386 5301 841 5373 voceeomposita
876 5317 904 5353 a
927 5296 1092 5366 κόλληζ
1120 5302 1260 5371 quod
1304 5304 1483 5373 gluten
1527 5296 1806 5373 signiﬁcat.
1836 5302 1972 5356 Plut.

461 5370 542 5445 (d)
567 5370 875 5445 APropItetico
905 5374 1055 5428 modo
1093 5370 1280 5428 dictum
1311 5370 1402 5445 est.
1438 5372 1571 5445 Nam
1582 5370 1873 5443 propheta:
1892 5387 1980 5427 so-

388 5442 614 5515 letitde
673 5442 863 5515 laturis
901 5459 996 5499 seu
1041 5445 1109 5501 de
1156 5444 1508 5515 praesentibus
1561 5442 1725 5514 laqui.
1748 5445 1977 5500 Sensum

391 5512 1052 5588 c_umdem_habettquod
1081 5512 1341 5588 sequitur,
1373 5516 1438 5571 ad
1470 5512 1840 5588 propheticam
1895 5530 1981 5570 ra-

392 5582 800 5658 tionem._lt_em,
831 5585 897 5641 ad
926 5582 1255 5658 prophetiam
1284 5582 1684 5658 interpretetur.
1716 5586 1888 5658 linea.

470 5652 547 5723 (θ)
591 5652 774 5728 Fuisse
819 5652 982 5714 nudos
1019 5652 1168 5724 duos,
1191 5658 1377 5726 Adam,
1405 5652 1508 5715 etc.
1544 5657 1719 5714 Verba
1749 5656 1981 5728 vulgaris

397 5723 707 5800 interpretis
731 5738 853 5800 sunt
898 5729 938 5784 ll
980 5746 1098 5800 cap.
1145 5723 1421 5786 Geneseos
1451 5747 1464 5760 ·
1498 5728 1627 5783 Erat
1647 5738 1814 5782 autem
1843 5723 1981 5800 itter-

396 5796 495 5861 (pte
525 5796 714 5863 nudus,
760 5796 924 5856 Adam
950 5796 1139 5858 scilicet
1162 5811 1209 5859 et
1239 5816 1370 5857 uxor
1403 5802 1531 5871 eius.
1569 5801 1673 5856 Sed
1696 5799 1983 5855 Tertullia-

2075 4519 2145 4574 sit
2170 4531 2284 4587 γυνῦ
2308 4561 2322 4581 .
2351 4532 2566 4588 semper
2596 4514 2782 4588 reddit
2811 4514 3013 4582 mulier,
3039 4528 3144 4568 non
3175 4520 3229 4567 ut
3255 4513 3543 4583 interpres,
3577 4513 3680 4583 qui

2075 4586 2182 4661 jam
2207 4592 2407 4656 mulier,
2438 4586 2550 4660 jam
2580 4603 2728 4643 uxor.
2760 4586 2894 4641 an.

2152 4662 2216 4733 (Γ)
2246 4653 2404 4718 Βανά
2425 4653 2487 4733 ea;
2541 4675 2694 4713 carne
2738 4673 2850 4711 mea
2872 4656 3153 4711 .vocabitnr
3178 4654 3377 4733 mulier.
3414 4653 3509 4733 Hic
3538 4668 3683 4733 p513-

2080 4723 2310 4789 ter‘uiisit
2335 4732 2573 4787 voculam
2603 4743 2854 4801 grmcam,
2882 4733 3027 4793 eota,
3058 4737 3115 4783 et
3170 4723 3397 4801 proinde
3417 4723 3684 4781 sine—dis-

2078 4805 2334 4860 tinctione
2381 4798 2664 4873 conjunxit
2691 4800 2798 4873 duo
2841 4807 3163 4873 commata,
3179 4808 3304 4854 cum
3332 4798 3489 4851 aliter
3531 4810 3678 4866 grae-

2076 4890 2140 4932 ce
2168 4886 2221 4931 et
2245 4877 2410 4935 latine
2432 4870 2658 4941 legatur,
2686 4872 2794 4925 licet:
2823 4871 3100 4925 vocabitur.
3135 4870 3273 4941 Patr.

2150 4946 2232 5019 (g)
2263 4946 2379 5001 Alia
2408 4938 2591 5019 habent
2633 4943 2849 5019 propria
2873 4941 3161 5019 _vocnbula.
3213 4939 3327 5019 [lue
3356 4938 3688 5007 spectabim-

2078 5010 2265 5088 pri'mis
2285 5018 2431 5093 quod
2458 5010 2841 5093 uxor:_dicait_tr,
2873 5012 3202 5093 Platoni-lib.
3221 5010 3314 5078 IX,
3333 5021 3449 5093 γυγολ
3469 5020 3683 5093 γξμίιτῇ,

2078 5080 2527 5159 quemadmodum
2576 5085 2918 5155 Xenophonti
2960 5084 3012 5137 in
3057 5080 3454 5140 (Economieis.
3482 5080 3689 5159 Deinde

2080 5156 2196 5215 haec
2224 5156 2602 5231 suritethStlertt
2631 5170 2948 5229 synonyma,
2967 5161 3228 5227 σύγγαμος,
3248 5160 3444 5222 ἄλοχος,
3468 5158 3685 5222 ἀκοιτις,

2083 5239 2389 5304 παρέχοντας.
2408 5231 2543 5286 ΡΔΗ.

2153 5326 2236 5400 (h)
2273 5323 2587 5400 Matrimonii
2613 5337 2821 5378 nexum.
2851 5318 3039 5375 Didoni
3061 5316 3200 5391 apud
3222 5316 3442 5375 Poetam
3455 5326 3541 5375 est
3559 5316 3685 5373 vin-

2081 5397 2260 5461 culum
2296 5397 2476 5469 jugale
2496 5425 2500 5429 ι
2521 5414 2535 5450 :

2328 5490 2406 5543 Ne
2426 5492 2502 5543 cui
2527 5501 2607 5541 me
2628 5487 2789 5540 vinclo
2807 5483 2989 5536 vellem
3011 5484 3202 5534 sociare
3217 5480 3370 5545 jugali
3392 5513 3409 5541 ,

2082 5577 2177 5635 lib.
2211 5574 2525 5651 1V_Eneid.
2560 5573 2851 5651 Gregorius
2877 5569 3069 5651 Nyss,
3090 5567 3183 5622 lib.
3204 5567 3275 5651 με
3308 5564 3451 5651 Virg.
3474 5579 3602 5651 cap.
3631 5566 3692 5633 5,

2083 5658 2258 5722 epeos,
2290 5648 2394 5703 hoc
2422 5656 2506 5701 est
2535 5640 2896 5722 retia,‘_voeat.
2916 5640 3416 5722 r'riatriotginiitni,'et
3463 5640 3696 5722 ᾆξυῦξτοις

2086 5706 2265 5788 πάγωέ
2291 5706 2744 5789 copim-aequm,“
2767 5708 3309 5782 eSt,indissolubitibns
3339 5706 3536 5780 laqueis
3562 5707 3694 5763 irre-

2085 5793 2188 5849 tiri.
2218 5792 2297 5847 LE
2325 5792 2420 5845 Pa.
