4052 6286
355 301 464 360 899

1813 294 2269 351 TERTULLIANI

3550 292 3662 355 900

358 419 456 472 viri
502 423 585 473 eSt
628 417 833 480 mulier,
880 424 1077 483 quanto
1122 413 1292 484 magis
1329 410 1480 481 virgo
1508 453 1522 477 ,
1555 424 1673 481 quae
1699 418 1752 464 et
1785 409 1952 481 gloria
1983 411 2033 470 Α
2061 417 2179 471 est;
2214 406 2399 477 utique
2443 405 2546 461 hoc
2593 407 2825 464 maxime
2860 407 3089 478 virginis
3138 406 3344 478 insigne
3372 416 3490 471 est,
3523 419 3660 468 ruta-

359 511 460 566 sibi
508 512 628 565 est!
660 510 715 565 Si
765 509 956 562 mulier
997 524 1061 562 ex
1093 507 1206 561 viro
1236 515 1289 560 et
1330 513 1543 575 propter
1572 505 1775 565 virum,
1810 511 1955 556 costa

361 602 451 657 illa
486 602 611 656 Athe
637 602 785 672 virgo
821 601 1046 669 primum
1073 599 1188 652 fuit.
1226 596 1299 669 (a)
1328 597 1381 651 Si
1415 596 1608 650 mulier
1639 604 1954 667 potestatem

358 691 557 749 habere
601 707 761 761 super
802 701 965 761 caput
1002 690 1194 755 debet,
1225 689 1303 743 vel
1337 703 1400 742 eo
1426 687 1624 757 justius
1674 687 1856 756 virgo,
1890 684 1961 739 ad

357 802 515 858 quam
550 786 779 856 pertinet
806 784 947 855 quod
978 787 1029 838 in
1046 798 1230 839 caussa
1259 793 1360 836 est.
1388 780 1443 836 Si
1468 783 1611 835 enim
1639 779 1717 851 (lt)
1743 790 1958 851 propter

356 876 634 948 angelos(l
662 876 778 932 Cor.
814 874 906 942 XI,
936 878 988 943 8,
1020 872 1111 945 10)
1131 917 1143 935 ,
1173 874 1375 927 scilicet
1395 888 1527 941 ιιιιοη
1549 872 1818 941 legimusa
1850 871 1959 926 Deo

257 962 317 1001 ‘V
354 978 415 1027 et
461 970 600 1026 ccelo
648 969 910 1025 excidisse
962 967 1033 1022 ob
1061 966 1547 1038 concupiscentiam
1578 965 1954 1029 heminarum;

358 1063 479 1133 quis
512 1076 837 1133 praasumere
872 1069 1049 1131 potest
1094 1059 1226 1114 tales
1272 1058 1526 1129 angelos,
1557 1056 1818 1112 maculata
1846 1056 1957 1126 jam

356 1170 583 1226 corpora
605 1164 658 1209 et
686 1156 931 1209 humana:
970 1152 1204 1208 libidinis
1237 1152 1490 1221 reliquias
1518 1151 1877 1216 desiderasse,
1904 1157 1960 1204 ut

357 1261 464 1302 nou
493 1247 558 1301 ad
604 1247 834 1317 virgines
879 1245 1058 1316 potius
1098 1245 1433 1311 exarserint,
1469 1241 1546 1316 (ε)
1597 1258 1819 1313 quarunt
1862 1242 1959 1298 llos

361 1341 524 1396 etiam
551 1338 837 1393 humanam
863 1338 1136 1393 libidinem
1166 1340 1422 1393 excusat?
1448 1336 1580 1391 Nam
1606 1344 1660 1391 ct
1684 1336 1958 1405 Scriptura

363 1433 442 1487 sic
471 1431 706 1503 suggerit
740 1448 754 1487 :
791 1429 854 1484 Et
882 1434 1072 1502 factum
1118 1440 1211 1495 est,
1273 1428 1476 1500 inquit,
1534 1445 1649 1483 cum
1697 1432 1962 1499 cwpissent

360 1523 588 1578 homines
621 1524 794 1595 plures
825 1523 935 1592 ﬁeri
966 1537 1118 1593 super
1169 1528 1466 1584 terram,-el
1507 1520 1629 1589 ﬁlia:
1672 1529 1804 1573 nqu
1844 1529 1961 1597 sunt

359 1617 473 1675 eis;
526 1615 803 1685 conspicati
833 1624 999 1666 autem
1028 1612 1124 1680 ﬁlii
1155 1610 1250 1665 Dei
1311 1611 1447 1679 ﬁlias
1496 1610 1777 1676 hominum,
1826 1611 1962 1681 quod

364 1708 596 1779 pulchra:
641 1717 801 1760 essent
832 1747 845 1769 ,
896 1715 1198 1776 acceperunt
1253 1704 1347 1758 sibi
1391 1719 1575 1757 uxores
1624 1720 1686 1758 ea:
1732 1704 1963 1757 omnibus

2064 517 2182 555 rum
2211 499 2292 573 (9.)
2318 510 2371 555 et
2397 510 2618 559 ornatus
2646 501 2760 572 ipse
2789 499 2867 573 (ὅ)
2898 500 3112 572 proprie
3137 500 3216 555 sic
3241 509 3323 555 est
3349 542 3362 562 ,
3389 510 3445 553 ut
3473 514 3665 554 cumu-

2061 594 2163 648 lata
2190 594 2241 647 iu
2269 594 2551 663 verticem,
2579 596 2745 667 ipsam
2778 595 2968 666 capitis
2996 607 3175 650 arcem
3204 594 3409 651 ambitu
3430 593 3663 650 crinium

2042 694 2327 757 ‘contegat.

2654 779 2879 838 CAPUT
2920 779 3055 837 VIII.

2138 881 2338 935 llorum
2382 886 2532 934 certe
2571 877 2811 931 omnium
2858 875 3123 930 contraria
3161 873 3441 939 cfliciunt,
3471 889 3538 928 nc
3580 874 3666 931 vir

2062 981 2224 1042 caput
2254 970 2394 1026 velet
2423 987 2435 1023 :
2466 968 2673 1024 scilicet
2699 968 2825 1036 quia
2872 983 2976 1022 non
3016 966 3086 1022 sit
3130 967 3444 1022 naturaliter
3470 982 3665 1024 censeo

2062 1075 2218 1121 cutus
2254 1062 2604 1120 ambitionem
2636 1060 2950 1132 capillormn
2975 1103 2990 1127 ,
3014 1060 3141 1130 quia
3170 1060 3282 1114 radi
3309 1060 3422 1114 sive
3453 1058 3668 1117 tonderi

2064 1173 2171 1212 non
2207 1157 2276 1213 sit
2322 1165 2475 1225 turpe
2506 1154 2618 1222 illi,
2652 1154 2776 1224 quia
2809 1167 2914 1207 non
2945 1162 3162 1222 propter
3189 1151 3340 1207 illum
3370 1151 3541 1222 angeli
3565 1165 3667 1205 ex-

2063 1250 2351 1306 orbitarint
2374 1292 2387 1316 ,
2444 1249 2567 1321 quia
2619 1248 2785 1318 gloria
2813 1257 2864 1302 et
2895 1247 3068 1316 imago
3098 1245 3193 1301 Dei
3226 1244 3335 1310 sit,
3357 1245 3478 1315 quia
3506 1252 3671 1314 caput

2064 1340 2182 1410 ejus
2210 1340 2454 1396 Christus
2481 1337 2534 1411 (Ι
2569 1338 2688 1394 Cor.
2722 1337 2790 1394 XI
2816 1380 2829 1401 ,
2858 1337 2895 1392 2
2916 1377 2931 1404 ,
2954 1335 3033 1407 'l).
3064 1336 3249 1408 Itaque
3295 1352 3414 1392 cum
3446 1336 3515 1391 de
3550 1337 3670 1391 viro

2063 1438 2118 1488 et
2144 1432 2369 1487 muliere
2416 1431 2707 1501 Apostolus
2752 1439 2983 1496 tractet,
3012 1443 3109 1484 cur
3134 1429 3276 1482 illam
3307 1436 3553 1497 oporteat
3578 1442 3669 1483 ve-

2064 1526 2202 1591 lari,
2235 1524 2384 1578 illum
2417 1538 2543 1577 vero
2572 1540 2674 1576 non
2702 1563 2717 1590 ,
2749 1531 2972 1592 apparet
3013 1537 3111 1576 cur
3154 1530 3209 1576 et
3242 1519 3464 1591 virginis
3493 1521 3667 1576 silen-

2066 1619 2197 1674 tium
2229 1615 2414 1670 iecerit
2442 1629 2460 1668 :
2489 1613 2678 1669 eadem
2711 1614 2918 1667 ratione
2946 1614 3151 1667 scilicet
3180 1612 3439 1682 virginem
3469 1611 3521 1665 in
3552 1627 3672 1666 mu-

2067 1712 2199 1767 liere
2227 1708 2307 1783 (tl)
2339 1708 2739 1777 intelligendam
2786 1708 2969 1762 siueus
2998 1748 3012 1772 ,
3039 1722 3140 1775 qua
3182 1715 3236 1760 et
3273 1721 3497 1775 puerum
3529 1714 3588 1758 ut
3618 1705 3673 1760 in

359 1817 485 1872 quas
514 1800 788 1870 elegerunt.
835 1797 931 1852 Hic
983 1798 1128 1852 enim
1178 1810 1371 1851 nomen
1418 1795 1699 1850 mulierum
1724 1810 1955 1864 graecum
1990 1810 2035 1869 Β
2066 1804 2182 1857 viro
2235 1799 2598 1870 deputandum
2651 1816 2757 1854 non
2811 1800 3108 1854 nominavit
3145 1840 3157 1862 ,
3204 1809 3371 1853 totum
3418 1797 3668 1853 ordinem

360 1907 554 1948 uxores
593 1893 769 1962 sapit,
799 1890 920 1961 quia
954 1890 1021 1945 de
1063 1889 1258 1959 nuptiis
1290 1894 1492 1943 mentio
1521 1899 1622 1943 est.
1662 1887 1794 1944 Cum
1824 1903 1953 1957 ergo

358 1986 496 2042 (illas
529 1986 801 2041 hominum
849 1984 980 2040 dicit
1004 2024 1018 2052 ,
1053 1983 1333 2037 manileste
1372 1982 1604 2052 virgines
1644 1980 1947 2051 portendit,

358 2095 477 2150 qua:
502 2079 674 2134 adlmc
699 2076 837 2149 apud
869 2086 1122 2148 parentes
1148 2077 1552 2144 deputarentur.
1585 2074 1715 2129 Nam
1750 2084 1949 2144 nupta),

358 2174 675 2230 maritorum
705 2180 1099 2240 nuncupantur,
1124 2184 1246 2224 cum
1273 2168 1501 2237 potuerit
1529 2168 1727 2221 dixisse
1755 2183 1952 2222 uxores

359 2267 661 2333 lnnniuum,
691 2280 843 2335 teque
889 2279 994 2318 non
1044 2263 1318 2317 adulteros
1369 2262 1648 2316 nominans
1697 2262 1953 2330 angelos,

360 2358 454 2414 sed
485 2356 705 2411 maritos
727 2397 741 2421 ,
767 2355 891 2409 dum
932 2354 1184 2422 innuptas
1211 2364 1424 2407 sutnunt
1470 2353 1603 2404 lilias
1632 2352 1906 2406 hominum
1939 2394 1954 2418 ,

360 2467 492 2522 quas
514 2432 663 2504 natas
689 2464 847 2518 supra
872 2447 1008 2500 dixit
1035 2488 1048 2512 ,
1085 2444 1162 2499 sic
1184 2460 1396 2514 quoque
1422 2443 1656 2513 virgines
1685 2444 1767 2515 (l)
1792 2444 1954 2513 signi-

362 2544 537 2598 liravil
585 2557 744 2608 supra
794 2548 961 2593 natas.
1004 2539 1071 2591 At
1115 2537 1199 2591 hic
1241 2535 1445 2605 angelis
1476 2547 1666 2604 nuptas
1696 2535 1835 2590 aliud
1865 2550 1956 2590 eas

360 2626 545 2689 nescio
572 2646 729 2702 quam
754 2637 903 2683 natas
927 2671 942 2694 ,
974 2636 1028 2683 et
1055 2626 1250 2683 dehinc
1282 2635 1491 2696 nuptas.
1526 2625 1607 2697 (ά)
1645 2626 1957 2697 Debetergo

360 2724 665 2781 adumbrari
700 2721 862 2776 facies
900 2730 1004 2775 tam
1035 2719 1336 2791 periculosa
1364 2759 1379 2783 ,
1405 2734 1524 2787 quae
1554 2734 1723 2789 usque
1751 2717 1817 2772 ad
1848 2734 1958 2774 coe-

358 2821 469 2876 lum
495 2816 745 2874 scandala
771 2815 1000 2885 jaeulata
1024 2822 1108 2868 est
1130 2855 1144 2877 ,
1175 2822 1232 2866 ut
1259 2826 1377 2867 cum
1410 2810 1516 2865 Deo
1542 2812 1801 2866 assistens
1823 2852 1837 2875 ,
1867 2810 1965 2889 cui

359 2929 451 2971 rea
499 2923 581 2969 est
622 2910 933 2983 angelorum
975 2908 1477 2970 cxterminatorum,
1508 2906 1719 2961 czeteris
1746 2920 1959 2976 quoque

358 3006 565 3079 angelis
588 3004 907 3067 erubescat,
940 3011 994 3058 et
1026 3001 1218 3055 malam
1250 3000 1393 3054 illam
1423 2997 1711 3069 aliquando
1740 2998 1959 3053 liberta-

360 3107 469 3153 tem
499 3096 688 3166 capitis
714 3094 796 3149 sui
823 3091 1171 3162 comprimat,
1199 3091 1309 3161 jam
1343 3105 1440 3146 nec
1482 3089 1757 3144 hominum
1790 3091 1959 3145 oculis

2063 1895 2341 1961 utriusque
2384 1908 2550 1948 sexus
2596 1892 2827 1962 propriis
2870 1891 3143 1947 voeabulis
3169 1891 3519 1961 complexus,
3548 1907 3670 1946 mu-

2060 1987 2203 2041 licris
2230 1997 2282 2040 et
2314 1985 2430 2038 viri.
2466 1984 2554 2039 Sic
2588 1985 2778 2049 Adam,
2806 1967 2967 2039 etiam
2996 1983 3076 2054 (li)
3103 1985 3278 2039 adhuc
3335 1984 3559 2054 integer,
3591 1983 3674 2039 vir

2062 2080 2113 2133 itt
2147 2078 2343 2133 Genesi
2374 2088 2457 2132 est
2487 2083 2937 2147 cognomlnatus:
2977 2074 3266 2159 Vacgbitur,
3299 2074 3470 2145 inquit
3493 2115 3508 2139 ,
3557 2091 3669 2128 ntu-

2061 2174 2172 2237 lier,
2205 2172 2328 2242 quia
2380 2171 2442 2223 de
2486 2171 2592 2224 viro
2642 2186 2735 2223 suo
2783 2181 2985 2239 sumpta
3025 2179 3097 2225 est
3138 2167 3291 2242 (Gen.
3324 2167 3402 2236 II,
3430 2167 3547 2240 25).
3575 2166 3671 2224 Sic

2062 2264 2142 2317 vir
2172 2262 2346 2318 Adam
2388 2270 2511 2317 ante
2556 2262 2866 2333 nuptiarum
2891 2277 3238 2330 congressum
3269 2305 3283 2328 ,
3314 2260 3675 2333 quemadmo—

2063 2354 2188 2409 dum
2227 2364 2281 2409 et
2313 2355 2420 2409 Eva
2450 2353 2658 2409 mulier.
2695 2355 2769 2410 De
2796 2364 3017 2424 utraque
3073 2364 3224 2424 parte
3264 2357 3395 2411 satis
3430 2356 3497 2411 ad
3532 2353 3674 2409 uni-

2062 2462 2270 2501 versam
2295 2447 2528 2517 speciem
2551 2447 2811 2518 cujusque
2837 2462 3000 2503 sexus
3025 2449 3312 2519 Apostolus
3352 2453 3673 2520 pronuntia~

2065 2539 2178 2603 vit,
2210 2548 2260 2592 ct
2301 2538 2535 2592 breviter
2562 2546 2615 2592 et
2658 2538 2846 2607 plene,
2883 2547 2987 2592 tam
3042 2537 3298 2593 instructa
3328 2539 3667 2602 deﬁnitione.

2069 2629 2247 2686 Omnis
2274 2672 2286 2695 ,
2317 2632 2484 2703 inquit
2509 2672 2525 2698 ,
2558 2633 2740 2686 mulier
2768 2631 2809 2703 (l
2838 2631 2956 2688 Cor.
2990 2631 3063 2688 XI
3084 2672 3097 2698 ,
3128 2633 3208 2703 5).
3239 2634 3374 2701 Quid
3424 2645 3507 2693 est
3556 2654 3671 2693 om-

2067 2727 2170 2794 nis,
2228 2724 2329 2779 nisi
2361 2725 2538 2779 omnis
2571 2725 2822 2795 generis,
2858 2727 3032 2781 omnis
3060 2718 3303 2782 ordinis?
3324 2729 3501 2801 omnis
3530 2745 3670 2787 con-

2070 2817 2329 2885 ditionis,
2362 2819 2539 2873 otnuis
2583 2818 2859 2890 dignitatis
2881 2858 2897 2885 ,
2933 2819 3109 2874 omnis
3147 2820 3343 2876 astatis.
3390 2822 3668 2893 Siquidem

2064 2925 2224 2965 omne
2253 2920 2419 2974 totum
2452 2920 2533 2965 est
2558 2953 2573 2977 ,
2603 2920 2657 2966 et
2696 2910 2963 2981 integrum
2990 2954 3004 2979 ,
3035 2921 3089 2967 et
3112 2911 3257 2967 nulla
3276 2913 3359 2968 sui
3392 2923 3541 2984 parte
3568 2914 3671 2973 de-

2064 3002 2286 3059 fectum.
2332 3003 2462 3058 Pars
2505 3012 2681 3057 autem
2731 3003 2972 3059 mulieris
3000 3013 3055 3059 et
3086 3003 3235 3075 virgo
3272 3014 3380 3061 est.
3411 3005 3590 3078 Eque
3615 3017 3676 3064 et.

2065 3097 2132 3153 de
2182 3096 2297 3151 viro
2359 3111 2464 3151 non
2493 3094 2756 3151 velando:
2792 3095 2991 3161 Omnis,
3024 3095 3193 3167 inquit
3217 3096 3263 3170 (Ι
3287 3097 3406 3153 Cor.
3450 3098 3552 3166 XI,
3584 3100 3668 3172 4).

360 3189 712 3248 ollerendam.
740 3186 847 3244 Sed
872 3196 927 3242 et
953 3186 995 3240 si
1022 3185 1413 3239 contaminatas
1439 3183 1547 3253 jam
1579 3182 1826 3239 immittas
1861 3199 1958 3237 an-
1990 3197 2035 3259 ρ
2071 3188 2211 3245 Ecce
2236 3188 2343 3244 duo
2369 3188 2577 3243 diversa
2607 3188 2820 3243 nomina
2841 3229 2855 3253 ,
2887 3189 2969 3243 vir
2988 3197 3042 3243 et
3069 3189 3284 3255 mulier,
3316 3192 3491 3246 omnis
3516 3201 3669 3248 υιθτ.

360 3283 464 3356 geli
499 3281 571 3336 illi
601 3279 930 3351 appetissem
952 3319 967 3344 ,
1002 3284 1148 3331 tanto
1170 3276 1338 3347 magis
1371 3284 1586 3344 prepter
1610 3274 1832 3345 angelos
1863 3289 1955 3330 ve-

359 3374 460 3432 lari
482 3371 829 3436 debuissent,
856 3377 1057 3439 quanto
1085 3367 1253 3436 magis
1280 3374 1499 3437 propter
1525 3367 1764 3436 virgines
1783 3366 1957 3436 angeli

362 3463 651 3534 deliquisse
680 3460 997 3531 potuissent.
1030 3458 1083 3513 Si
1112 3467 1289 3512 autem
1321 3464 1376 3511 et
1402 3456 1476 3527 (e)
1510 3464 1713 3511 natum
1755 3458 1952 3526 prmju-

362 3556 563 3613 diciqu
611 3552 795 3622 adjicit
850 3550 1170 3620 Apostolus,
1199 3549 1342 3620 quod
1393 3548 1562 3604 honor
1606 3550 1680 3604 sit
1722 3550 1962 3605 mulieris

359 3646 715 3707 redundantia
747 3644 1064 3716 capillorum
1087 3684 1101 3710 ,
1139 3643 1259 3713 quia
1302 3656 1456 3699 coma
1498 3657 1596 3714 pro
1623 3645 1961 3715 Operimento

2062 3296 2186 3353 que.
2221 3280 2354 3335 Dua:
2387 3280 2536 3351 leges
2562 3281 2808 3336 obnoxia:
2836 3281 3098 3348 invicem,
3126 3280 3250 3338 hinc
3271 3283 3481 3339 velandi
3501 3326 3516 3350 ,
3542 3284 3671 3342 inde

2066 3373 2323 3430 nudaudi.
2353 3373 2518 3444 Igitur
2539 3374 2582 3427 si
2609 3388 2675 3429 eo
2695 3373 2837 3444 quod
2865 3373 3063 3429 dictum
3094 3375 3165 3429 sit
3187 3377 3365 3431 omnis
3390 3376 3489 3441 vir,
3518 3391 3673 3433 com-

2071 3481 2232 3521 mune
2285 3474 2368 3521 est
2421 3480 2614 3521 nomen
2656 3466 2776 3530 viri,
2827 3465 2986 3520 etiam
3033 3465 3520 3542 nondumviri,(,')
3549 3482 3670 3524 ma-

2065 3560 2198 3615 sculi
2221 3560 2471 3616 investis:
2494 3575 2780 3615 commune
2804 3568 2982 3615 autem
3009 3574 3131 3615 cum
3157 3561 3229 3615 sit
3252 3577 3444 3617 nomen
3472 3577 3673 3619 secun-

2066 3652 2193 3706 dum
2226 3661 2469 3707 naturam
2496 3693 2510 3720 ,
2534 3653 2833 3708 communis
2857 3660 2941 3708 cst
2967 3660 3022 3709 et
3051 3651 3137 3709 lex
3162 3666 3270 3709 non
3292 3653 3498 3711 volandi
3525 3654 3670 3728 ejus,

1578 3798 1963 3859 LECTIONES
2003 3803 2413 3863 VARIANTES.

426 3944 500 4008 (l)
538 3943 841 4010 significans.
881 3942 1041 4010 Supra
1082 3947 1218 3993 natas
1229 3955 1248 4010 _:
1277 3949 1326 3993 at
1360 3942 1445 4010 _hic
1477 3940 1635 4010 Fran.
1670 3938 1775 4010 Rig.
1816 3946 1962 3994 totum

364 4004 520 4060 locum
539 4004 617 4057 sic'
629 4004 835 4059 restituit
859 4004 974 4056 Jun'.
1001 4004 1120 4057 Cum
1139 4020 1185 4067 p.
1212 4005 1262 4068 (ΙΓ
1289 4018 1337 4054 v.
1360 4005 1640 4065 hominum;
1667 4004 1809 4068 aeque
1833 4019 1882 4054 ιι.
1911 4019 1959 4055 a.

362 4084 416 4120 n.
442 4070 662 4132 angelos.
689 4069 777 4120 sed
803 4069 1020 4127 maritos,
1043 4068 1093 4115 d.
1119 4066 1151 4115 i.
1171 4081 1211 4116 s.
1235 4066 1268 4117 ι.
1297 4068 1356 4132 h._
1375 4082 1423 4132 ιι.
1453 4082 1501 4117 ιι.
1526 4068 1645 4132 s._t_l.
1672 4066 1743 4117 sie
1763 4080 1963 4131 quoque

362 4129 588 4194 virgines
610 4132 899 4194 signiﬁcavit
916 4143 1063 4194 supra
1090 4137 1245 4192 natas,
1273 4135 1321 4179 at
1344 4129 1423 4179 hic
1449 4129 1643 4191 angelis
1668 4129 1904 4193 nuptas")

2152 3946 2207 4072 ἐζ
2243 3947 2405 4006 Quare
2420 3945 2572 3998 Seml.
2823 4008 2831 4018 .

2154 4011 2201 4083 ξΔ
2242 4010 2745 4083 Ipsa_MSS.ﬁWJuw.
2774 4013 2883 4076 Ihg.

2157 4070 2207 4134 4)
2250 4070 2508 4134 Mulierem
2530 4070 2684 4122 Seml.

2156 4135 2207 4196 εἰ)
2252 4134 2405 4185 Etiam
2428 4133 2554 4187 delet
2572 4134 2723 4186 Seml.

1732 4253 2290 4313 COMMENTARIUS.

437 4400 517 4473 (a)
549 4398 609 4455 Si
638 4396 818 4451 mulier
847 4401 1146 4473 potestatem
1187 4391 1369 4473 habere
1395 4406 1545 4473 super
1576 4400 1728 4473 caput
1765 4391 1951 4473 fiebat,

2059 4395 2226 4451 facies
2279 4398 2500 4470 virginis
2548 4408 2731 4465 aperta
2783 4400 3033 4470 peccandi
3088 4402 3426 4457 occasionem
3472 4402 3675 4462 oll'erre

364 4462 480 4528 Hoc
502 4462 608 4525 'est
632 4509 648 4535 ,
678 4462 857 4522 nutant
902 4463 1215 4540 potestatis,
1248 4463 1335 4517 cui
1392 4462 1620 4540 subjecit
1670 4464 1948 4540 mulierem
1979 4465 2032 4524 D
2064 4478 2244 4540 posset
2290 4462 2740 4540 pulchritudinem
2761 4462 2794 4535 ,’
2824 4488 2944 4540 qua:
2991 4472 3110 4526 ideo
3143 4470 3405 4529 Clementi
3437 4474 3675 4530 Alexan-

366 4545 529 4600 Dcus.
595 4534 720 4610 Ejus
766 4534 919 4594 vero—
940 4535 1219 4607 potestatis
1270 4542 1391 4588 nota
1422 4545 1504 4588 est
1544 4534 1784 4588 velamen
1814 4536 1958 4604 capi-

367 4615 454 4671 tis.
491 4615 609 4670 Illo.

467 4684 522 4755 Il)
556 4684 770 4752 Propter
798 4678 1036 4755 Angelos.
1066 4677 1300 4755 Rursum
1334 4676 1433 4728 hoc
1461 4676 1798 4755 aderrorcnt
1823 4676 1955 4755 _'l‘t_‘r-

438 4686 522 4813 γι)
556 4686 770 4752 Propter
798 4686 1036 4747 Angelos.
1068 4686 1300 4731 ltnrsum
1335 4686 1433 4728 hoc
1461 4686 1524 4729 att
1553 4691 1790 4731 errorem
1827 4686 1955 4730 'I'er-

364 4758 484 4813 tul.
514 4758 772 4827 pertinet,
803 4749 956 4827 cujus
1001 4746 1248 4827 meminit
1293 4761 1453 4827 supra
1497 4747 1647 4827 libris
1685 4746 1959 4827 de‘ltlplo-

367 4814 551 4888 lati-ia,
583 4828 649 4880 de
694 4814 886 4879 llabitu
916 4822 1044 4874 mul.
1099 4829 1155 4872 et
1201 4819 1269 4873 de
1307 4814 1462 4873 Cultu
1505 4818 1710 4875 l’oemin.
1742 4819 1796 4872 ll.
1832 4814 1960 4874 vero

365 4899 686 4954 Ambrosius
738 4894 956 4964 angelos
1021 4891 1302 4964 cpiscojtos
1337 4889 1770 4964 interpretatur,
1799 4890 1958 4961 juxta

366 4970 744 5040 Apocalypsint
778 4960 1019 5040 811090.
1046 4960 1298 5040 apostoli.
1336 4960 1465 5040 Pan:

443 5039 518 5111 (ρ)
550 5029 781 5106 Quarum
808 5037 906 5107 ﬂos
957 5029 1103 5088 etiam
1136 5034 1408 5111 llulllflnllm
1442 5031 1699 5111 libidinem
1731 5044 1960 5086 excnsat.

368 5103 482 5167 Hoc
499 5103 614 5173 est,
646 5103 895 5171 recusat;
925 5103 1374 5174 quemadmodum
1421 5104 1545 5157 alibi
1589 5103 1757 5168 dicit,
1794 5120 1962 5171 expo-

367 5199 499 5238 nere
523 5191 722 5237 vestetn
745 5222 759 5244 ,
787 5176 928 5248 quod
956 5185 1068 5237 est,
1098 5175 1388 5248 deponere.
1423 5174 1655 5248 Escusat
1682 5174 1959 5248 libidinem

366 5256 518 5322 virgo
543 5295 557 5317 ,
587 5269 705 5322 quin
733 5245 1050 5322 virginitatis
1074 5261 1185 5322 sine
1209 5246 1344 5322 llore
1370 5245 1567 5315 gaudet
1590 5287 1604 5312 ,
1640 5246 1801 5322 itaut
1829 5246 1971 5299 nolit‘

369 5316 627 5395 decerpi}
657 5316 835 5393 qualis
859 5319 949 5374 ille
982 5317 1172 5373 Catulli
1203 5316 1300 5372 llos
1328 5317 1557 5372 intactus
1594 5326 1649 5371 et
1680 5316 1914 5372 illibatus
1944 5331 1960 5370 :

590 5438 791 5501 Ignotus
814 5432 1000 5501 pecori,
1027 5429 1163 5501 nullo
1185 5436 1615 5501 contusus_aratro,

589 5494 679 5562 Qui
706 5494 921 5549 nondum
945 5496 1109 5546 tenuis
1130 5501 1325 5558 carptus
1347 5496 1578 5544 deﬂoruit
1598 5494 1771 5556 ungui,
1800 5498 1899 5544 etc.

369 5606 640 5666 Credibile
660 5614 742 5660 est
762 5645 777 5669 ,
803 5601 973 5671 inquit
997 5598 1355 5671 Tertullianns
1376 5639 1390 5663 ,
1425 5598 1623 5652 talibus
1652 5597 1846 5671 puellis
1868 5611 1960 5650 an-

368 5680 521 5762 gelos
550 5676 745 5762 pptius,
786 5669 945 5745 quam
993 5669 1270 5727 maculatis
1310 5669 1421 5740 jam
1461 5670 1776 5739 corporibus
1803 5682 1963 5724 exar-

369 5765 527 5901 ῗιδῗιῗί
561 5750 717 5883 ἳῗϊει
758 5832 875 5900 ergo
898 5808 1236 5887 '(tdumbrari,
1270 5821 1375 5875 ct".
1406 5812 1465 5871 1d
1492 5818 1577 5872 cst
1612 5810 1796 5873 velari.
1825 5808 1961 5871 Nam

2065 4539 2313 4615 dr_.,gcap_.
2336 4540 2370 4592 2
2388 4582 2402 4606 ,
2428 4540 2520 4594 lib.
2546 4539 2609 4615 Ill
2631 4539 2850 4615 l’afdag.
2872 4612 2885 4615 Α
2897 4553 3118 4612 μοιχικὸν
3145 4553 3314 4606 καλλος
3342 4546 3672 4615 pulchritudo

2065 4610 2305 4664 adulterii
2334 4612 2593 4664 incimtrix
2620 4610 2831 4675 dicitur.
2869 4612 2944 4668 LE
2978 4610 3073 4669 I’tt.

2142 4682 2217 4752 (ρ)
2248 4681 2466 4736 Natura:
2498 4684 2849 4755 prwjmlirium
2874 4684 3047 4754 adjicit
3088 4685 3380 4753 Apostolus.
3413 4686 3487 4741 Ne
3520 4697 3673 4754 putet.

2065 4755 2183 4828 quis
2233 4769 2416 4823 parum
2459 4764 2695 4828 attentus
2737 4755 2796 4808 Β.
2847 4756 3008 4809 Paulo
3054 4756 3428 4813 contradicere
3487 4757 3673 4828 Septi-

2067 4826 2230 4878 mium
2257 4840 2271 4889 ;
2305 4825 2546 4892 quamvis
2574 4825 2713 4880 enim
2756 4828 3032 4881 abundans
3057 4842 3207 4881 coma
3238 4829 3390 4897 quasi
3420 4825 3672 4884 naturale

2066 4897 2130 4968 sit
2164 4906 2536 4957 ornamentum
2564 4898 2824 4968 mulieris,
2851 4897 2987 4968 nihil
3010 4907 3186 4953 tamen
3212 4902 3313 4953 etsi
3343 4910 3667 4968 censentur,

2068 4967 2496 5036 (qnamquam,ut
2526 4967 2630 5021 alio
2659 4968 2774 5022 loco
2806 4967 3504 5034 oStettdituus,cousuctudo
3529 4967 3669 5025 con;

2067 5040 2238 5110 traria
2260 5040 2451 5109 fuerit)
2484 5078 2498 5102 ,
2526 5041 2752 5094 attonsis
2780 5041 2920 5095 tutim
2949 5041 3153 5110 capillis
3181 5056 3393 5109 semper
3423 5042 3671 5098 velanda:

2064 5119 2184 5187 sunt
2204 5108 2470 5187 ‘fteminaé,
2501 5110 2633 5187 adeo
2661 5112 2921 5187 utvelum
2939 5108 3251 5187 capillorum
3283 5108 3423 5187 viges
3444 5112 3665 5187 subeat.

2065 5180 2233 5306 Pilum;
2246 5181 2647 5304 ittlptouialtbtts
2669 5184 2829 5237 etiam
2859 5180 3059 5238 nostris
3080 5180 3410 5253 temporibus
3436 5182 3550 5239 ﬁeri
3578 5199 3667 5239 so-

2086 5268 2114 5306 e
2146 5293 2158 5306 .
2240 5268 2269 5304 ιι]
2323 5268 2395 5305 ιι.

2086 5259 2158 5306 et.
2193 5259 2269 5306 Le
2304 5259 2395 5305 lt‘n.

2134 5322 2287 5377 CAP.
2318 5321 2593 5392 Vlll.——(l‘)
2624 5321 3073 5379 Masculiinvestis.
3102 5323 3184 5380 Ab
3210 5324 3351 5392 aliis,
3370 5334 3666 5393 antequam

2066 5393 2213 5449 hisce
2238 5395 2684 5450 aunotatiunculis
2715 5411 2929 5451 manum
2979 5397 3388 5453 admoverentus
3411 5435 3429 5464 ,
3478 5398 3670 5453 obser—

2066 5475 2256 5541 vatum
2274 5466 2397 5530 vidi,
2438 5465 2705 5541 investem
2744 5482 2867 5523 esse
2913 5466 3282 5541 impuberem,
3311 5477 3365 5522 et
3408 5468 3669 5541 puberem

2069 5536 2384 5610 vesticipcm
2436 5538 2879 5610 esseandﬁeum
2910 5536 3263 5610 Signiﬁcatum
3317 5537 3666 5610 accipiendas

2065 5607 2248 5664 forsan
2284 5607 2560 5663 Lucretius
2589 5607 2683 5665 lib.
2716 5606 2802 5666 V:

2316 5739 2633 5809 Impuberem
2669 5739 2800 5794 molli
2826 5743 3101 5811 pubescere
3126 5749 3283 5797 veste.
