4052 6286
316 2983 345 3111 i

390 279 498 337 903
516 279 535 321 ε

1816 268 2273 329 ΤΕΠΤυΙιΙιΙΑΝΙ

3580 268 3688 329 9οί

380 403 637 463 structae,
662 393 814 450 facile
856 390 1034 449 norint
1079 398 1304 447 eceterae
1332 397 1388 446 et
1435 389 1657 445 consilio
1697 401 1752 445 et
1792 386 1984 445 solatio
2009 387 2063 448 Α
2088 397 2266 445 autem
2296 387 2426 443 nihil
2458 388 2715 454 masculo,
2746 388 2915 444 nmlto
2944 389 3116 462 magis
3144 389 3401 448 fceininze.

373 487 599 559 juvare,
626 498 681 544 et
722 495 778 544 ut
812 485 1163 543 nihilominus
1183 499 1245 541 ca
1273 484 1673 541 decucurrerint
1695 525 1710 549 ,
1740 497 1836 555 per
1861 496 1981 552 qure

379 578 597 636 fmmina
626 580 834 651 probari
861 586 1055 650 potest.
1082 577 1231 635 Adeo
1256 577 1386 633 nihil
1412 577 1602 649 virgini
1628 577 1694 634 ad
1720 576 1979 633 honorem

388 670 456 727 de
487 672 606 727 loco
632 672 953 743 permissum
975 678 1077 729 est.
1954 667 1959 671 ’

1024 763 1250 821 CAPUT
1289 764 1357 820 Χ.

449 854 542 912 Sic
572 871 671 912 nec
698 854 767 913 de
792 855 1057 927 aliquibus
1092 857 1410 927 insignibus.
1440 856 1711 913 Ctetcrum
1745 857 1875 911 satis
1895 855 1980 911 in-

378 946 669 1002 humanum
692 990 705 1013 ,
739 947 782 1002 si
825 944 1059 1004 fmminm
1102 947 1314 1019 quidem
1353 964 1448 1018 per
1494 950 1672 1003 omnia
1704 948 1831 1003 viris
1857 947 1982 1001 sub-

381 1038 509 1095 dita?
536 1082 549 1102 ,
577 1040 948 1110 bonorigcram
975 1048 1153 1092 notam
1178 1039 1499 1110 virginitatis
1525 1054 1639 1094 sua:
1667 1036 1974 1109 prcheraiit,

384 1146 488 1202 qua
522 1132 600 1202 (1)
629 1130 987 1200 suspiciantur
1020 1140 1077 1186 et
1113 1130 1616 1199 circumspiciantur
1641 1142 1694 1186 et
1735 1119 1981 1198 magnili-

379 1232 569 1278 Centnr
594 1240 623 1278 ει
658 1223 943 1289 fratribus,
977 1224 1074 1277 viri
1104 1232 1280 1278 autem
1316 1232 1393 1278 tot
1420 1224 1655 1294 virgines
1683 1267 1696 1289 ,
1732 1232 1807 1278 tot
1846 1238 1979 1292 spa—

376 1312 545 1370 dones
575 1313 894 1377 volnntarii,
919 1328 1069 1369 οςιεοο
1099 1314 1238 1369 bono
1265 1329 1364 1369 suo
1409 1315 1657 1371 incedant
1682 1358 1697 1381 ,
1728 1318 1856 1372 nihil
1885 1335 1978 1390 ge-

381 1415 620 1473 stantes,
651 1407 793 1483 quod
840 1415 895 1462 et
940 1407 1085 1477 ipsos
1144 1406 1342 1462 faceret
1391 1407 1648 1463 illustres.
1699 1410 1980 1467 Debebunt

378 1498 541 1555 etiam
570 1507 621 1554 et
649 1498 749 1567 ipsi
786 1497 962 1569 aliqua
989 1497 1089 1553 sibi
1142 1498 1366 1568 insignia
1418 1498 1709 1554 defendere
1730 1544 1742 1566 ,
1774 1513 1863 1557 aut
1895 1503 1976 1577 (2)

377 1606 581 1664 pennas
624 1591 1004 1648 Garamantum
1031 1633 1046 1655 ,
1078 1599 1169 1645 aut
1201 1592 1274 1662 (τι)
1323 1592 1594 1661 strepulos
1639 1593 1718 1666 (5)
1777 1594 1976 1652 llarha-

378 1700 557 1741 rorum
585 1727 598 1748 ,
631 1695 722 1739 aut
748 1682 824 1757 (b)
854 1684 1070 1740 cicadas
1116 1684 1562 1751 Atheniensium,
1614 1695 1706 1741 aut
1752 1688 1823 1759 (c)
1874 1689 1979 1744 cir-

2694 477 2923 536 CAPUT
2978 479 3070 535 Xl.

2158 571 2264 628 Sed
2296 571 2441 641 quod
2472 584 2631 643 supra
2663 572 3069 642 intermisimus,
3099 589 3165 631 ex
3204 584 3353 645 parte
3387 572 3693 629 subsecn'm

2084 663 2481 734 disputationis,
2535 681 2602 721 ne
2645 665 3028 722 cohmrentiam
3071 667 3189 737 ejus
3239 667 3690 738 dispergerenzns.

2093 772 2237 812 nunc
2258 773 2522 827 responso
2552 760 2939 830 expungemus.
2994 758 3094 816 Ubi
3132 761 3275 816 enim
3301 759 3525 832 gradum
3570 759 3693 814 lixi-

2089 866 2210 906 mns
2238 851 2306 906 de
2337 851 2579 922 Apostoli
2616 853 2861 908 absoluta
2888 852 3222 920 definitione,
3256 869 3472 909 omnem
3499 853 3694 909 mulie-

2094 957 2209 997 rem
2231 942 2391 996 etiam
2416 943 2592 997 (innuis
2612 945 2785 998 artatis
2815 944 3287 1016 intelligendam(l
3326 943 3576 1010 Cor.,Xl,
3611 942 3692 1013 5).

2099 1032 2417 1106 responderi
2448 1052 2511 1092 ex
2555 1037 2774 1092 diverso
2801 1037 3053 1105 habebat,
3107 1054 3236 1110 ergo
3265 1054 3294 1093 a
3325 1039 3599 1093 nativitate
3639 1048 3695 1093 et

2085 1142 2112 1179 a
2173 1128 2346 1197 primo
2385 1129 2603 1183 nomine
2659 1128 2834 1184 artatis
2879 1129 3140 1201 virginem
3189 1130 3387 1200 Operiri
3420 1130 3693 1199 oportere.

2088 1224 2205 1281 Non
2240 1226 2309 1280 ita
2338 1234 2419 1280 est
2451 1236 2654 1290 autem,
2689 1224 2782 1282 sed
2814 1242 2879 1281 ex
2906 1242 3010 1297 quo
3036 1241 3095 1282 se
3123 1227 3420 1298 intelligere
3446 1226 3697 1294 emperit,

2084 1328 2132 1374 ct
2177 1334 2399 1374 censum
2450 1327 2656 1373 natura:
2697 1334 2808 1373 suae
2863 1320 3083 1382 intrare,
3125 1328 3177 1373 et
3222 1318 3291 1373 de
3344 1317 3561 1386 virginis
3614 1315 3697 1387 (i)

2084 1412 2231 1465 exire
2254 1451 2269 1475 ,
2299 1419 2353 1466 et
2403 1411 2508 1480 pati
2543 1426 2736 1465 novum
2786 1410 2911 1465 illud
2959 1409 3100 1482 quod
3129 1410 3349 1465 alterius
3376 1410 3548 1463 :ctatis
3589 1417 3695 1461 est.

2083 1504 2218 1561 Nam
2270 1515 2324 1561 ct
2370 1505 2637 1575 principes
2695 1505 2908 1576 generis
2957 1503 3122 1559 Adam
3181 1513 3232 1557 et
3265 1502 3373 1558 Eva
3397 1501 3547 1577 (Gen.
3581 1501 3621 1555 Il
3652 1499 3698 1572 ),

2085 1595 2335 1667 quamdiu
2368 1596 2639 1651 intellectu
2679 1596 2954 1661 carebant,
2979 1595 3105 1650 nudi
3137 1594 3368 1664 agebant
3423 1593 3578 1670 (Gen.
3604 1593 3698 1667 11).

2085 1692 2149 1741 At
2185 1688 2271 1741 ubi
2319 1689 2386 1743 de
2432 1688 2623 1744 arbore
2659 1687 2946 1759 agnitionis
3000 1695 3369 1757 gustaverunt,
3400 1685 3532 1741 nihil
3589 1689 3704 1757 pri-

377 1792 467 1832 ros
508 1774 937 1841 Germanorum,
967 1785 1060 1830 ant
1101 1774 1180 1847 (ιι)
1233 1778 1480 1848 stigmata
1532 1776 1849 1834 Britonnm:
1887 1792 1977 1837 aut
2006 1781 2053 1841 B
2083 1796 2226 1835 mum
2268 1788 2553 1835 senserunt
2591 1795 2750 1850 quam
2799 1777 3249 1834 erubescendum.
3283 1778 3461 1848 Itaque
3491 1778 3572 1851 (5)
3614 1779 3699 1833 sui

375 1885 442 1926 cx
494 1870 708 1926 divertio
761 1868 881 1935 fiat,
917 1871 1093 1941 capite
1142 1871 1302 1927 velati
1365 1872 1416 1926 in
1470 1872 1695 1927 ecclesia
1748 1874 1969 1930 lateant.

381 1960 525 2016 Certi
579 1975 763 2016 sumus
827 1961 1085 2032 Spiritum
1157 1963 1434 2018 Sanctum‘
1478 1966 1649 2035 magis
1724 1966 1972 2021 masculis

377 2053 482 2110 tale
537 2053 736 2124 aliquid
799 2055 1138 2111 subscribere
1188 2058 1428 2126 pomissc
1455 2099 1468 2120 ,
1502 2058 1545 2112 si
1579 2057 1811 2115 fcerninis
1847 2061 1972 2116 sub-

376 2146 721 2217 scripsisset,
760 2162 880 2201 cum
927 2158 1122 2218 przeter
1166 2163 1325 2204 sexus
1369 2148 1771 2215 auctoritatem,
1802 2153 1964 2207 etiam

376 2237 542 2307 ipsius
592 2237 938 2292 continentia:
986 2239 1202 2294 nomine
1254 2240 1525 2294 masculos
1575 2240 1753 2310 potius
1805 2244 1973 2297 hono-

376 2329 483 2384 rari
557 2330 928 2399 oportuisset;
982 2347 1210 2399 quorum
1273 2342 1475 2402 quanto
1538 2347 1701 2388 sexus
1768 2334 1973 2390 avidior

375 2432 430 2479 et
484 2423 707 2479 calidior
760 2424 812 2479 in
865 2422 1146 2488 fmminas,
1179 2433 1326 2479 tanto
1371 2425 1697 2481 continentia
1757 2428 1975 2496 majoris

375 2512 585 2570 ardoris
612 2514 1153 2586 Iaboratior,ideoque
1178 2513 1389 2584 dignior
1408 2518 1552 2572 oumi
1579 2518 1968 2574 ostentatione:

376 2607 421 2663 si
451 2607 758 2675 ostentatio,
813 2608 1132 2678 virginitatis
1176 2618 1256 2663 est
1305 2608 1553 2680 dignitas.
1585 2608 1701 2664 Non
1736 2612 1877 2667 enim
1919 2621 1974 2667 ct

376 2701 702 2756 continentia
733 2701 1018 2772 virginitati
1065 2700 1305 2766 antistat,
1352 2703 1465 2758 sive
1510 2703 1812 2781 viduarum,
1860 2705 1974 2762 sive

377 2793 466 2863 qui
514 2808 583 2847 ex
635 2783 1017 2865 consensuie)
1061 2794 1440 2849 contumeliam
1480 2809 1818 2850 communem
1862 2796 1971 2866 jam

377 2883 796 2942 recusaverunt?
826 2884 959 2940 Nam
990 2885 1269 2956 virginitas
1321 2886 1489 2958 gratia
1527 2897 1756 2952 constat,
1805 2889 1977 2944 conti-

377 2977 557 3033 nentia
599 2992 725 3034 vero
752 2977 964 3032 virtute.
1007 2975 1122 3032 Non
1161 2979 1593 3049 concupiscendi,
1641 2976 1726 3036 cui
1780 2996 1976 3037 concu-

378 3069 631 3139 piscendo
661 3069 973 3133 inoleveris,
1004 3070 1206 3140 grande
1245 3081 1517 3127 certamen
1546 3082 1649 3127 est.
1680 3072 1844 3143 Cujus
1884 3091 1977 3128 an-

2076 1874 2275 1944 qniqne
2300 1887 2460 1927 sexus
2491 1853 2850 1927 intellectum.
2871 1872 3103 1941 tegmine
3127 1877 3473 1924 notaverunt.
3507 1868 3613 1925 Sed
3642 1878 3700 1924 et

2076 1968 2119 2020 si
2155 1975 2375 2036 propter
2400 1965 2619 2037 angelus
2646 1964 2869 2025 velanda
2894 1972 2998 2030 est,
3025 1963 3141 2017 sine
3159 1961 3321 2018 dubio
3351 1962 3420 2015 ab
3445 1976 3508 2016 ca
3535 1970 3702 2017 a-tate

2076 2058 2159 2113 lcx
2184 2058 2464 2114 velaminis
2491 2057 2820 2126 operabitur,
2847 2071 2874 2109 a
2901 2070 3001 2125 qua
3036 2063 3323 2126 potuerunt
3356 2052 3477 2108 lilia:
3517 2053 3698 2107 homi-

2078 2170 2204 2208 num
2249 2151 2739 2221 concupiscentiam
2793 2151 2873 2204 sui
2920 2148 3210 2212 adducere,
3269 2156 3325 2203 et
3369 2145 3450 2220 (g)
3482 2148 3701 2216 nuptias

2079 2247 2204 2316 pati.
2245 2246 2318 2298 lix
2349 2245 2441 2299 illo
2468 2243 2611 2298 enim
2663 2243 2810 2314 virgo
2854 2241 3073 2305 de~inil,
3103 2256 3167 2295 ex
3221 2254 3327 2312 quo
3356 2247 3534 2310 potest
3583 2252 3694 2293 non

2020 2384 2031 2393 .
2078 2352 2221 2393 esse.
2254 2335 2323 2391 Et
2349 2335 2468 2391 ideo
2490 2334 2571 2409 (li)
2604 2349 2770 2404 penes
2814 2332 2980 2389 Israel
3016 2332 3260 2386 illicitum
3315 2329 3487 2386 estad
3520 2331 3697 2385 virum

2080 2431 2311 2491 tradere,
2337 2429 2436 2485 nisi
2458 2438 2577 2500 post
2605 2436 2957 2484 contestatam
2985 2426 3244 2497 sanguine
3294 2424 3651 2478 maturitatem
3678 2435 3695 2473 :

2082 2524 2152 2578 ita
2192 2532 2319 2577 ante
2347 2520 2489 2577 hunc
2538 2519 2769 2575 indicem
2824 2518 3014 2574 acerba
3049 2533 3134 2573 res
3161 2525 3262 2571 est.
3295 2515 3462 2587 Igitur
3486 2514 3530 2569 si
3561 2527 3701 2568 lum‘

2076 2613 2167 2670 ditt
2210 2614 2376 2685 virgo,
2415 2610 2665 2683 quamdiu
2694 2611 2884 2667 acerba
2921 2619 3024 2677 est,
3052 2609 3253 2664 desiuit
3285 2608 3542 2679 virginem
3569 2600 3723 2662 eum.

2080 2715 2290 2761 matura
2322 2703 2403 2777 (6)
2444 2704 2784 2776 cognoscitur
2805 2746 2819 2771 ,
2851 2712 2906 2759 et
2933 2713 2989 2757 ut
3016 2718 3120 2757 non
3154 2703 3303 2772 virgo
3330 2702 3438 2772 jam
3472 2702 3570 2770 legi
3602 2720 3698 2770 ap-

2081 2797 2328 2869 plicatur,
2375 2796 2511 2852 sicut
2549 2806 2603 2851 et
2633 2796 2850 2866 nuptiis.
2890 2796 2953 2849 Et
2995 2794 3335 2864 desponsata:
3360 2792 3569 2864 quidem
3602 2794 3631 2846 h
3654 2812 3699 2845 l-

2080 2892 2209 2947 bcnt
2280 2890 2580 2959 exemplum
2639 2889 2897 2945 Rebeccae
2953 2887 3120 2961 (Gen.
3166 2887 3359 2953 XXIV,
3403 2885 3532 2960 64),
3575 2904 3699 2958 qua:

2080 2979 2200 3037 'cum
2228 2980 2297 3037 ad
2320 2997 2575 3051 Sponsum
2620 2982 2860 3051 ignotum
2892 2980 3067 3036 adhuc
3087 2980 3263 3051 ignota
3288 2979 3696 3051 perducet-clm,

2080 3073 2240 3129 simul
2268 3074 2437 3143 ipsum
2482 3073 2734 3143 cognovit
2776 3087 2915 3137 esse,
2940 3088 3098 3143 quem
3138 3073 3205 3127 de
3231 3050 3521 3144 longinquo
3554 3090 3683 3143 pm-

377 3170 484 3217 tem
513 3161 581 3234 (Ῑ)
608 3161 1018 3232 concupiscendi
1055 3162 1386 3233 ignoraveris
1413 3163 1665 3228 fructum,
1696 3166 1848 3222 facile
1874 3183 1978 3223 non
2007 3170 2052 3234 C
2085 3174 2336 3236 spexerat
2379 3163 2482 3239 (7),
2538 3164 2602 3238 (i)
2656 3182 2760 3219 nun
2813 3165 3068 3220 sustinuit
3095 3164 3331 3221 dextera:
3357 3166 3555 3221 colluct
3592 3165 3699 3218 tio-

379 3253 751 3323 concupisccs,
784 3253 1150 3309 adversarium
1182 3272 1286 3310 non
1330 3255 1552 3320 habens,
1592 3261 1977 3330 concupisceno

380 3345 505 3402 tiam
539 3345 762 3401 fructus.
793 3346 1076 3415 Quomodo
1101 3362 1229 3420 ergo
1258 3363 1365 3404 non
1404 3351 1574 3421 magis
1615 3352 1743 3405 viris
1782 3351 1981 3421 aliquid

379 3439 482 3495 tale
510 3438 652 3495 Deus
678 3440 729 3494 in
756 3439 1015 3496 honorem
1045 3440 1471 3514 subscripsisset,
1496 3445 1580 3501 vel
1613 3447 1734 3516 quia
1758 3445 1984 3502 familia.

378 3530 527 3599 riori,
549 3531 752 3588 scilicet
776 3531 993 3605 imagini
1026 3549 1158 3601 sum,
1183 3535 1265 3591 vel
1284 3536 1405 3607 quia
1434 3536 1552 3606 plus
1594 3537 1896 3593 laboranti?
1921 3538 1977 3596 Si

2085 3275 2230 3325 nem,
2291 3275 2390 3315 nec
2444 3259 2610 3314 osculi
2677 3259 3167 3330 congressionem,
3213 3273 3312 3313 nec
3358 3258 3726 3312 salutationis.

2084 3350 2623 3407 communicationem
2647 3349 2753 3423 (8),
2781 3351 2876 3406 sed
2905 3350 3152 3407 confessa
3180 3350 3324 3422 quod
3346 3363 3612 3414 senserat,
3640 3352 3699 3408 id

2086 3452 2173 3501 cst
2206 3443 2399 3514 spiritu
2441 3453 2681 3514 nuptam,
2726 3445 2939 3513 negavit
2970 3442 3228 3514 virginem
3261 3444 3431 3498 velata
3465 3443 3695 3498 ibidem.

2090 3537 2136 3594 0
2166 3537 2443 3593 mulierem
2471 3535 2584 3606 jam
2610 3534 2678 3591 de
2707 3532 2907 3592 Christi
2934 3535 3251 3608 disciplina!
3286 3536 3530 3593 Ostendit
3549 3538 3698 3593 enim

1607 3671 1905 3729 LECTION
1913 3672 1996 3730 ES
2034 3668 2341 3728 VARIANT
2351 3669 2454 3726 ES.

443 3782 517 3911 ll}
552 3783 699 3844 Quasi
722 3789 880 3836 Venet.

443 3845 496 3911 (2
546 3854 691 3911 forte
716 3854 771 3911 ut
793 3848 880 3898 lui

442 3845 516 3970 ἒξ)
546 3854 691 3899 Forte
716 3854 771 3899 ut
793 3848 917 3898 Jun.

464 3912 516 3970 3)
549 3907 814 3970 Scropulos
868 3910 917 3961 ιη

464 3899 516 3975 3')
549 3907 814 3975 Seropulos
868 3910 1019 3963 Fran.
1061 3911 1306 3964 strobulos
1349 3904 1515 3965 Paris.
1565 3899 1776 3964 Salinas.
1804 3918 1849 3963 et
1875 3908 1982 3975 Κίρ.

379 3969 543 4033 legunt
565 3969 826 4033 stroiulos.
1298 3989 1305 3998 '

425 4029 516 4098 “(4)
553 4029 803 4098 Virgineis
830 4042 981 4088 Fratt.

2075 3916 2111 3938 ”
2154 3910 2207 4035 ii

2268 3782 2650 3899 {Paris

2268 3855 2449 3897 matura
2486 3855 2650 3899 Paris.

2207 3855 2229 4035 ξ
2268 3908 2601 3981 Perspexerat
2624 3910 2775 3961 Ithen.

2270 3969 2668 4022 Commumoncm
2711 3982 2775 4023 I-‘r

2270 3969 2668 4022 Communioncm
2711 3982 2918 4037 I-‘raneq.

1771 4119 2333 4177 COMMENTARIUS.

449 4235 604 4291 CAP.
638 4234 685 4289 Χ
733 4234 893 4305 -(;ι)
920 4236 1203 4307 Stropnlos
1248 4236 1607 4291 Barbnrorunt.
1658 4236 1714 4291 In
1749 4239 1985 4307 antiquis

380 4307 779 4376 exemplaribus
829 4316 892 4376 et
918 4306 1158 4362 thenaui
1186 4306 1540 4371 editionibus,
1570 4306 1865 4373 Scrobulos,
1886 4306 1982 4365 Seu

380 4375 670 4449 Strnbnlos.
692 4375 1015 4449 chcndnm,
1044 4378 1326 4449 utmonuit
1351 4378 1666 4443 Salmasius,
1689 4377 1984 4449 Stropnlos.

2165 4234 2650 4307 (c)}.‘ontumeliam
2681 4249 3015 4290 comumncm.
3054 4235 3291 4292 Pertinet
3322 4236 3450 4292 illttd
3477 4238 3544 4293 ad
3582 4228 3699 4294 tim-

2090 4306 2185 4359 vos
2231 4306 2564 4369 Tertulliani,
2620 4308 2711 4376 qui
2764 4316 2912 4379 tanto
2969 4308 3227 4377 ﬂagrabat
3272 4308 3591 4379 virginitatis
3643 4320 3701 4366 ct

2094 4379 2440 4433 continentiae
2490 4392 2698 4450 amore,
2756 4387 2813 4450 ut
2852 4377 2923 4450 ita
2977 4379 3268 4450 legitimum
3298 4377 3394 4433 viri
3424 4389 3479 4434 et
3509 4383 3697 4437 uxoris

381 4447 545 4504 Prisci
601 4448 772 4503 Latini
821 4447 1048 4517 Strupos
1093 4448 1278 4504 dixere
1327 4449 1511 4503 nenias
1547 4459 1598 4502 et
1645 4447 1855 4505 fascias.
1892 4450 2062 4514 EstD
2095 4463 2441 4517 congressum
2488 4449 2724 4517 appellet
2768 4448 2870 4503 hoc
2899 4447 3286 4516 loco,'etinfra
3314 4465 3434 4519 cap.
3479 4451 3536 4505 2.
3590 4453 3699 4507 I'ro

379 4530 557 4591 autem
581 4535 810 4584 grapcum
852 4530 1043 4591 στρόφος
1064 4528 1112 4575 et
1137 4521 1370 4589 στρὸριον.
1404 4519 1532 4591 [nde
1551 4518 1729 4590 Stropi
1759 4532 1811 4575 ct
1837 4532 1976 4575 stro-

420 4590 545 4657 iola,
577 4603 669 4646 seu
698 4589 992 4660 StrophiOIa
1020 4601 1074 4646 ct
1116 4591 1360 4658 str0pnli.
1408 4589 1528 4648 Βιο.
1555 4620 1629 4631 -
1676 4589 1975 4662 Strepitlos.

380 4607 571 4716 ᾗτινι-ρο
646 4662 1069 4716 interpretationi
1126 4660 1377 4716 Rixaltii:
1455 4663 1592 4716 adde
1667 4664 1765 4716 leui
1824 4680 1975 4716 nosse

408 4662 571 4717 lzereo
646 4662 1069 4733 interpretationi
1126 4660 1377 4729 Rigaltii;
1455 4663 1592 4717 adde
1667 4664 1765 4733 legi
1801 4660 1979 4732 posse

381 4733 633 4805 crobylos.
698 4731 1023 4804 Thucydidae
1070 4734 1404 4798 interprcsin
1457 4733 1548 4789 lib.
1611 4733 1627 4787 l
1688 4731 1980 4805 ε’κρώϐυλος

381 4804 549 4858 δ’ἴστιν
580 4808 700 4866 εἷδθς
728 4812 995 4877 triquetro;
1037 4816 1133 4877 scin
1183 4826 1356 4877 rptzm
1410 4810 1507 4858 ἀπὸ
1559 4812 1724 4877 (sigon
1778 4804 1841 4869 si;
1897 4811 1980 4873 ὀξὺ

381 4881 639 4944 απολῆγον·
672 4875 907 4945 crobylus
936 4885 1007 4948 est
1029 4875 1202 4948 intorti
1225 4876 1406 4948 Iti_nc_ct
1444 4877 1559 4929 inde
1579 4875 1751 4947 capilli
1779 4895 1938 4948 genus
1962 4922 1976 4947 ,

382 4950 435 5020 in
465 4956 668 5020 (teritum
688 4944 911 5016 vergens.
936 4944 999 5020 _ln
1027 4944 1153 5020 viris
1175 4946 1422 5020 crohylns
1449 4957 1585 5020 erat,
1609 4944 1896 5020 cerynibus
1923 4944 1973 5005 in

381 5016 638 5087 fil-minis,
669 5026 722 5072 et
773 5017 1016 5087 scorpius
1066 5017 1116 5071 in
1162 5016 1355 5087 pueris.
1394 5016 1470 5073 Le
1513 5017 1605 5073 Pu.

455 5085 537 5163 (b)
573 5086 788 5163 Cicada:
822 5085 1221 5163 Atiteniensium.
1256 5088 1611 5163 Athenienses
1657 5113 1981 5163 τιττιγοροροι

381 5158 848 5285 ῗνίιιθεέηιριοιοε
879 5157 1042 5213 ﬁbula
1082 5159 1133 5213 in
1165 5159 1400 5215 cicadam
1428 5158 1761 5217 conformata
1794 5157 1978 5219 necte-

397 5239 531 5284 )ant.
614 5243 680 5285 ιο.

397 5239 531 5284 πιηι.
561 5239 680 5285 HIC.

457 5299 532 5372 (c)
573 5299 746 5372 Cirros
798 5298 1185 5372 Germanorum.
1216 5301 1464 5359 Crinibus
1488 5303 1539 5358 in
1572 5303 1772 5358 nodum
1804 5303 1977 5358 tortis.

385 5367 641 5446 Tacitus,
674 5371 739 5446 de
794 5370 1026 5446 Moribus
1079 5370 1446 5446 Germanorum
1501 5391 1521 5429 :
1566 5373 1777 5445 Insigne
1823 5376 1990 5446 gentis,

385 5440 854 5516 obliqunr‘ecriuem
875 5444 1146 5516 ,_nodoquc
1168 5445 1525 5516 substringere.
1561 5446 1679 5499 lito.

415 5511 544 5591 “((i)
584 5513 845 5591 Stigmata
890 5511 1176 5591 Britannia.
1214 5511 1586 5591 Britaiiimrttm
1633 5531 1860 5591 corpora
1888 5533 1981 5591 va-

384 5583 481 5656 riis
511 5583 691 5655 figuris
719 5596 1037 5656 compuncta
1089 5587 1251 5642 fuisse
1284 5587 1443 5641 tradit
1494 5583 1851 5654 Ilerodiaims,
1887 5589 1980 5644 lib.

382 5647 483 5722 Ill,
516 5647 677 5726 aiquc
720 5647 859 5711 inde'
885 5667 969 5712 est
1011 5659 1151 5727 quod
1195 5658 1334 5729 apud
1365 5658 1718 5714 Claudianum
1753 5647 1981 5730 legitur:

915 5750 1168 5815 Fi-rroquc
1203 5760 1392 5802 notatas

506 5812 733 5876 Perlcgit
760 5826 1015 5876 exangues
1037 5812 1162 5879 picto
1186 5822 1428 5865 moriente
1452 5814 1647 5877 figuras.
1875 5814 1982 5866 IitG.

2086 4520 2325 4574 antidoto
2350 4530 2528 4574 autem
2561 4518 2647 4574 hic
2673 4519 2877 4592 servire
2903 4520 3116 4592 poterit,
3145 4521 3286 4592 quod
3327 4518 3420 4577 lib.
3454 4522 3518 4577 de
3552 4522 3697 4581 l'ud.

2087 4601 2245 4646 vocet
2265 4591 2623 4647 benedictionis
2652 4591 2994 4646 concubitum.
3024 4591 3160 4648 ΡΑιι.

2165 4681 2228 4753 (l)
2283 4681 2682 4753 Concupisccndi
2747 4683 3057 4752 ignoraveris
3110 4687 3355 4752 fructum.
3403 4681 3593 4740 Oleum
3640 4695 3699 4741 et

2083 4769 2302 4824 operam
2336 4755 2563 4824 perdunt
2602 4754 2690 4822 qui
2729 4754 2886 4809 aliter
2915 4758 3073 4824 quam
3115 4754 3184 4809 de
3208 4757 3370 4809 vetita
3400 4759 3696 4823 concupis-

2087 4822 2264 4896 centia
2312 4822 2600 4894 explicant.
2634 4823 2805 4896 ldude
2838 4822 3024 4880 liberis
3099 4827 3280 4896 nequit
3321 4826 3448 4890 dici.
3504 4822 3627 4881 licet
3662 4844 3693 4881 a

2087 4895 2306 4950 Didonis
2327 4910 2514 4976 sorore
2536 4897 2689 4950 Anna
2704 4894 2915 4976 Veneris
2931 4898 3151 4976 primum
3182 4894 3526 4976 nominentur
3549 4898 3695 4967 apud

2083 4976 2295 5038 poetam
2338 4967 2609 5032 Latinum,
2671 4975 2725 5023 et
2774 4968 2881 5038 δῶρ’
2911 4967 3177 5038 Appeal-mg
3205 4968 3345 5093 apud
3372 4967 3693 5094 gOIIICIIIIII.

3316 5055 3347 5094 ε
3418 5054 3471 5093 ιι.

3316 5055 3347 5094 ε
3374 5054 3471 5094 ιἰι.

2155 5127 2306 5201 CAP.
2342 5127 2533 5201 XIL—
2584 5125 2660 5201 (ς)
2694 5126 2921 5201 Nuptias
2947 5130 3074 5201 pati.
3125 5128 3280 5201 Saepe
3334 5130 3436 5186 hoc
3466 5130 3692 5188 verbum

2083 5200 2321 5255 occurrit
2357 5201 2409 5254 in
2431 5199 2660 5256 Tertull.
2693 5199 2761 5255 de
2789 5199 3018 5270 virgine
3048 5200 3150 5259 iam
3185 5199 3387 5255 matura
3419 5213 3474 5256 et
3498 5202 3694 5259 nubili.

2084 5271 2302 5327 Petron.
2347 5272 2525 5345 Satyr.
2555 5272 2703 5327 annis
2731 5270 2800 5325 ad
2830 5272 3122 5342 patiendum
3148 5271 3491 5342 gestientibus.
3521 5271 3660 5327 Lac.

2158 5363 2240 5437 (b)
2278 5364 2440 5420 Penes
2467 5364 2649 5422 Israel.
2683 5366 2800 5433 Quo
2827 5366 2929 5420 luci
2978 5364 3079 5420 hoc
3127 5366 3383 5433 scriptum
3439 5367 3491 5420 in
3521 5367 3696 5422 sacris

2086 5436 2286 5497 bibliis.
2319 5438 2513 5507 qumrit
2545 5438 2844 5502 PameIius;
2876 5437 2970 5492 sed
3005 5445 3189 5491 inouct
3227 5437 3418 5490 Junius
3449 5437 3525 5507 bid
3583 5454 3694 5493 nou

2088 5507 2269 5579 haberi
2298 5506 2363 5562 ex
2396 5510 2513 5579 lege
2561 5508 2685 5576 Dei,
2715 5507 2809 5563 sed
2839 5519 3042 5561 tantum
3069 5523 3133 5561 ex
3166 5506 3557 5561 consuetudine
3595 5507 3696 5562 Ju-

2086 5578 2324 5633 datormn
2370 5578 2587 5634 fundata
2628 5578 2854 5633 naturali
2880 5579 3019 5644 jure,
3050 5586 3104 5632 et
3131 5593 3249 5637 cum
3273 5588 3495 5647 aspectu
3526 5579 3593 5632 ad
3627 5595 3692 5635 ca

2084 5663 2206 5719 qua:
2221 5648 2473 5705 dicuntur
2497 5652 2788 5705 Denteron.
2822 5648 2991 5703 XXII.
3027 5648 3153 5703 Lac.

2160 5736 2225 5810 (I)
2256 5736 2377 5794 Non
2404 5741 2640 5796 sustinuit
2669 5742 2864 5796 dextra:
2897 5739 3322 5795 colluctationem.
3355 5735 3415 5793 Id
3448 5748 3555 5809 cst,
3586 5756 3696 5798 non

2088 5814 2437 5881 exspectavit.
2474 5813 2591 5870 lito.
