4052 6286
426 326 531 390 915

1867 317 2332 399 TERTULLIANI

3611 326 3726 401 stiti

427 446 597 506 retur.
623 440 788 506 Nemo
813 448 1134 523 indulgentia
1180 447 1378 511 utendo
1406 458 1762 526 promeretur,
1806 456 1899 512 sed
1930 473 2026 512 vo-
2053 458 2100 518 Λ
2131 457 2229 514 bus
2277 460 2435 514 etiam
2462 456 2785 530 supplicium
2831 448 3090 516 aeternum
3119 439 3515 518 comminatur?
3542 460 3739 529 utique"

432 543 616 597 luntati
630 542 994 613 obsequendo.
1008 544 1254 602 Voluntas
1272 540 1363 602 Dei
1383 557 1455 603 est
1472 551 1635 603 sancti
1639 548 1808 617 ﬁcatio
1827 562 2017 606 nostra.

431 631 706 690 Vultenim
726 634 1011 713 imagigem
1032 653 1179 693 suam
1210 650 1310 694 nos
1331 640 1490 694 etiam
1517 640 1916 696 similitmlinem
1945 644 2024 714 (l)

433 724 639 790 fieri,ut
668 727 835 783 simus
858 730 1039 795 sancti,
1064 731 1212 787 sicuti
1232 731 1340 797 ipse
1367 744 1568 787 sanctus
1601 743 1689 786 est.
1710 732 1764 787 ld
1800 732 2014 798 bonum,

428 819 902 876 sanetillejttionem
949 822 1088 899 dico,
1122 825 1171 878 in
1204 825 1410 894 species
1457 822 1725 880 distribuit
1757 827 1837 898 (9.)
1876 842 2020 882 eom-

426 908 609 977 plures
631 952 645 975 ,
678 920 733 965 ut
764 912 817 967 in
871 913 1042 984 aliqua
1074 930 1259 969 earum
1310 914 1791 987 deprt-ltendamur.
1840 918 2017 973 Prima

328 988 335 991 δ
430 1002 659 1072 species,
689 1004 960 1085 virginitas
996 1021 1026 1060 a
1079 1007 1374 1062 nalivitate.
1430 1006 1675 1065 Secunda
1725 1010 2017 1080 virginitas,

427 1116 458 1157 a
486 1102 719 1161 secunda
746 1104 1044 1171 nativitate,
1068 1102 1119 1160 id
1142 1115 1223 1161 εει
1257 1106 1335 1178 (5)
1365 1122 1392 1161 a
1422 1104 1653 1174 lavacro,
1689 1122 1809 1178 qua:
1839 1116 1930 1161 aut.
1967 1108 2019 1163 in

429 1191 771 1249 matrimOnio
801 1196 1047 1266 purilicat
1100 1212 1163 1251 ex
1187 1205 1488 1267 compacto,
1522 1207 1611 1252 aut
1651 1197 1702 1252 in
1758 1198 2020 1253 viduitate

429 1281 742 1354 ptrseverat
791 1290 853 1344 ex
911 1284 1151 1344 arbitrio.
1231 1289 1448 1346 Tertius
1515 1289 1712 1361 gradus
1766 1298 2024 1360 superest

307 1381 391 1420 ον
430 1372 767 1447 monogamia
811 1378 915 1449 (4),
958 1394 1077 1434 eum
1114 1389 1231 1450 post
1282 1380 1676 1435 matrimonium
1720 1392 1884 1435 unum
1934 1380 2017 1435 in-

429 1479 725 1541 terceptum
769 1474 846 1544 (α)
878 1473 1073 1529 exinde
1096 1474 1247 1530 sexui
1298 1475 1655 1529 renuntiatur.
1705 1472 1878 1529 Prima
1910 1474 2021 1528 vir—

420 1565 615 1634 ginitas
654 1564 924 1622 felicitatis
953 1566 1031 1638 (5)
1062 1576 1168 1631 est,
1212 1583 1315 1622 non
1359 1581 1517 1623 noSse
1566 1567 1616 1621 in
1668 1575 1835 1622 totum
1876 1566 1950 1636 (6)
1989 1583 2025 1622 a

426 1672 533 1725 quo
558 1650 739 1728 postea
768 1660 980 1730 optabis
1003 1659 1241 1715 liberari.
1269 1660 1509 1717 Secunda
1543 1660 1621 1731 (7)
1656 1662 1869 1741 virtutis
1914 1672 2020 1734 est,

423 1756 773 1806 contemnere
799 1749 953 1819 cujus
985 1752 1088 1806 vim
1116 1751 1317 1823 optime
1341 1754 1510 1810 noris.
1554 1756 1773 1827 Reliqua
1814 1760 2022 1830 species

427 1838 687 1897 hactenus
740 1843 974 1898 nubendi
1016 1855 1136 1914 post
1161 1844 1563 1902 matrimonium
1596 1860 1767 1905 morte
1823 1853 2023 1924 disjun-

424 1940 595 1999 etum,
618 1928 815 2005 praeter
841 1935 1049 1990 virttttis
1067 1936 1170 2007 (8),
1188 1936 1348 1991 etiam
1378 1936 1456 2010 (9)
1483 1939 1884 1999 modestiazlaus
1915 1940 2017 2000 est.

422 2018 680 2078 Modestia
711 2032 794 2079 est
818 2025 981 2093 enim,
1013 2025 1250 2081 ablatum
1281 2044 1386 2083 non
1425 2028 1757 2099 desiderare,
1790 2042 1845 2088 et
1872 2035 2017 2092 abla-
2048 2056 2094 2116 Β

426 2123 533 2166 tum
558 2130 584 2168 a
615 2115 842 2171 Domino
863 2118 992 2185 Deo;
1013 2120 1131 2176 sine
1149 2121 1302 2191 cujus
1322 2121 1597 2180 voluntate
1616 2140 1713 2180 nec
1735 2125 1918 2183 folium
1950 2131 2018 2185 de

418 2205 610 2264 arbore
628 2204 910 2277 delabitur,
935 2227 1023 2266 nec
1045 2228 1220 2283 passer
1237 2214 1367 2269 assis
1390 2215 1542 2270 unius
1557 2217 1625 2269 ad
1647 2226 1829 2273 terram
1849 2221 2009 2278 cadit.

1053 2365 1279 2426 CAPUT
1327 2369 1392 2426 Il.

504 2501 918 2577 Quamdenique
934 2505 1174 2563 modesta
1204 2507 1289 2562 illa
1313 2524 1417 2564 vox
1446 2518 1529 2565 est
1551 2509 1832 2569 :Dominus
1852 2514 2010 2583 dedit,

417 2591 674 2653 Dominus
700 2598 907 2654 abstulit
934 2597 1079 2667 (Job,
1116 2596 1155 2665 Ι,
1186 2598 1304 2671 21),
1340 2610 1396 2656 ut
1428 2601 1654 2658 Domino
1680 2605 1852 2660 visum
1908 2616 2009 2674 est,

415 2693 487 2748 ita
528 2691 725 2746 factum
755 2699 838 2746 est
871 2705 883 2742 :
912 2699 965 2746 et
995 2689 1115 2746 ideo
1154 2690 1199 2746 si
1230 2692 1444 2762 nuptias
1473 2694 1711 2750 sublatas
1741 2705 2011 2753 restaurc-

343 2818 381 2844 ν
413 2799 554 2854 mus,
583 2784 699 2840 sine
728 2782 892 2838 dubio
918 2791 1105 2839 contra
1135 2783 1461 2839 voluntatem
1488 2783 1582 2840 Dei
1629 2786 1867 2853 nitimur,
1914 2804 2010 2842 vo~

409 2878 582 2951 lentes
614 2877 812 2933 habere
832 2890 1040 2943 rursus,
1066 2876 1204 2946 quod
1231 2878 1429 2933 habere
1452 2893 1547 2933 nos
1572 2880 1762 2935 noluit.
1787 2880 1842 2936 Si
1865 2882 2006 2936 enim

409 2970 686 3037 voluisset,
736 2984 842 3023 non
874 2968 1203 3025 abstulisset.
1229 2967 1341 3024 Nisi
1380 2969 1424 3024 si
1470 2980 1524 3024 et
1553 2969 1654 3026 boc
1682 2972 2007 3030 voluntatem

416 3062 511 3116 Dei
568 3061 1006 3130 interpretamur,
1040 3061 1191 3128 quasi
1219 3069 1273 3116 et
1298 3076 1483 3117 rursus
1513 3076 1612 3116 nos
1640 3063 1873 3119 voluerit
1915 3065 2009 3120 ba-

310 3198 323 3203 -
348 3188 375 3223 ,
412 3151 542 3207 bere
565 3151 703 3220 quod
722 3151 834 3222 jam
862 3142 1185 3223 noluit(l0).
1213 3149 1328 3204 Non
1358 3162 1440 3206 est
1467 3151 1620 3206 bonan
1651 3163 1703 3209 et
1728 3152 1912 3209 solida:
1941 3152 2006 3210 li-

406 3243 516 3309 dei,
544 3243 621 3299 sic
639 3242 815 3299 omnia
845 3241 910 3296 ad
943 3241 1267 3297 voluntatem
1314 3242 1403 3297 Dei
1434 3243 1654 3311 referre,
1687 3255 1739 3299 et
1781 3247 1851 3301 ita
1877 3247 2006 3303 adu-

409 3334 505 3389 lari
533 3333 635 3389 sibi
668 3349 1118 3405 unumquemque,
1150 3334 1378 3390 dicendo
1409 3335 1537 3390 nihil
1582 3334 1695 3417 lieri
1745 3338 1861 3394 sine
1904 3356 2001 3393 nn-

409 3429 465 3474 tu
493 3412 606 3492 (ll)
630 3418 767 3491 ejus,
803 3429 857 3472 ut
889 3435 993 3474 non
1018 3419 1375 3487 intelligamus
1401 3435 1520 3474 csse
1546 3412 1745 3491 aliqttid
1771 3420 1820 3477 in
1852 3424 2004 3480 nobis

2132 550 2271 604 enim
2305 548 2423 621 (l6)
2452 567 2570 621 qum
2599 561 2746 606 vetat
2775 566 2880 608 non
2904 553 3037 621 vult,
3059 568 3089 607 a
3115 553 3308 624 quibus
3332 561 3386 609 et
3401 552 3722 609 otl‘entlitnr:

2133 642 2270 695 sient
2312 653 2363 696 et
2414 656 2533 713 (pne
2572 644 2701 709 vult,
2746 642 3450 717 prmcipit,ctaccipit(l7),
3480 657 3531 699 et
3561 654 3725 701 a-ter-

2132 737 2311 789 nitatis
2343 728 2592 792 tnercetle
2632 737 2923 807 dispungit.
2971 738 3152 809 itaque
3197 755 3318 794 eum
3352 750 3634 810 utrumque
3656 756 3726 796 ex

2128 826 2405 898 pt'J‘CC‘pliS
2436 828 2551 896 ejus
2577 828 2941 893 didicerimus,
2969 830 3094 900 quid
3123 832 3268 905 velit.
3301 842 3354 887 et
3398 832 3521 902 quid
3547 831 3723 899 nolit;

2127 927 2301 974 tamen
2346 918 2499 973 nobis
2539 929 2621 974 est
2664 920 2907 974 voluntas
2938 930 2992 975 et
3017 921 3298 976 arbitrium
3347 922 3464 995 (l8)
3492 922 3725 994 eligendi

2124 1010 2372 1074 alterum,
2428 1011 2568 1065 sicut
2597 1012 2853 1082 scriptmn
2886 1021 2967 1066 est
2998 1028 3010 1064 :
3047 1012 3176 1068 Ecce
3198 1012 3345 1082 posui
3367 1025 3483 1070 ante
3534 1027 3581 1070 te
3632 1017 3727 1071 bo-

2126 1112 2247 1154 num
2273 1112 2321 1156 et
2350 1103 2540 1155 malum
2591 1102 2835 1173 (lt‘ccles.,
2871 1103 2967 1158 XV
2993 1147 3006 1168 ,
3042 1104 3129 1173 18)
3158 1147 3171 1167 ,
3214 1105 3444 1175 gtt'stasli
3475 1104 3617 1162 enim
3658 1108 3727 1165 «ια

2124 1194 2318 1250 arbore
2364 1195 2669 1265 agnitionis.
2729 1198 2791 1250 Et
2823 1196 2943 1252 ideo
2979 1204 3083 1252 non
3135 1197 3395 1253 debemus
3428 1200 3571 1271 quod
3623 1215 3783 1262 no-p

2128 1293 2241 1339 Stro
2270 1284 2388 1355 (l9)
2418 1288 2720 1355 expositum
2741 1296 2820 1342 est
2846 1288 3088 1351 arbitrio,
3111 1289 3161 1343 in
3190 1289 3281 1344 Del
3313 1292 3515 1345 relerre
3535 1292 3730 1347 volun-

2128 1384 2286 1432 tatem
2317 1376 2457 1450 (20),
2501 1382 2633 1448 quos
2674 1380 2786 1434 vult
2815 1381 2926 1451 ipse
2956 1391 3009 1436 et
3054 1366 3190 1437 velle
3208 1381 3349 1454 (21),
3392 1384 3479 1453 qui
3523 1387 3723 1441 malum

2126 1482 2231 1522 non
2266 1469 2393 1523 vult.
2426 1468 2502 1523 Ita
2525 1478 2705 1523 nostra
2732 1477 2814 1525 est
2845 1471 3110 1535 voluntas,
3153 1484 3274 1528 cum
3333 1473 3531 1530 malum
3571 1477 3759 1535 volti-‘l
3790 1475 3808 1487 ’

2126 1575 2247 1615 mus
2268 1561 2526 1615 adversus
2551 1563 2639 1616 Dei
2673 1563 3024 1631 voluntatem,
3046 1565 3136 1635 qui
3159 1566 3355 1621 bonum
3376 1568 3509 1623 vult.
3536 1568 3726 1639 Porro,

2126 1601 2247 1615 ...ιω
2268 1601 2526 1615 ιιυυυιυιιυ
2552 1601 2639 1616 ιιιιι
2681 1601 3024 1631 unt-"unum,
3046 1601 3136 1635 ψη
3160 1601 3355 1621 υυιιυιιι
3383 1601 3509 1623 uuln
3537 1601 3552 1623 ι
3578 1601 3626 1623 ιη
3644 1601 3726 1639 lu,

2126 1652 2169 1707 si
2199 1653 2394 1720 quan-is
2422 1653 2562 1708 unde
2599 1654 2746 1709 venit
2790 1671 2850 1710 ea
2884 1657 3163 1724 voluntas,
3194 1675 3295 1731 qua
3323 1659 3448 1730 quid
3482 1601 3769 1731 volumusi

2126 1746 2384 1802 adversus
2410 1747 2498 1802 Dei
2535 1748 2888 1816 voluntatem,
2913 1748 3087 1807 dicam
3111 1750 3232 1821 (ἓὲ)
3259 1769 3272 1805 :
3303 1767 3371 1807 ex
3391 1753 3546 1807 nobis
3577 1726 3772 1831 ipsis}
3857 1726 3903 1865 ξ

2127 1839 2232 1865 tu..-
2284 1852 2512 1865 .,....,.-.,..
2561 1842 2750 1865 .......:--:
2800 1842 2938 1865 ---:--.
2991 1851 3077 1865 μ.-
3134 1844 3462 1865 ._____..__r,__-
3509 1846 3535 1865 3.
3587 1833 3753 1865 --μέ

2124 1839 2234 1895 Nec
2282 1852 2513 1904 temere;
2560 1842 2751 1895 semini
2796 1842 2938 1896 enim
2991 1851 3080 1896 tuo
3134 1844 3464 1914 respondeas
3509 1833 3753 1905 necesse
3854 1833 3917 1953 ξ,

2125 1943 2209 1988 est
2249 1951 2262 1987 :
2307 1933 2568 2004 siquidem
2622 1934 2709 1989 ille
2753 1936 3001 2004 princeps
3047 1945 3098 1991 et
3153 1938 3366 2007 generis
3410 1948 3465 1995 et
3520 1939 3728 2006 delicti,
3856 1933 3932 2075 ἓν

2129 2028 2315 2075 Atiam-
2348 2031 2514 2075 vnlttil
2542 2031 2682 2075 ntrnd
2704 2032 2947 2075 rlplitmit-
2974 2031 3157 2075 Natum.
3179 2033 3322 2075 miim
3351 2033 3599 2075 diutini":
3630 2051 3731 2075 νη.
3758 2056 3797 2075 ν

2126 2028 2317 2095 Adam,
2348 2031 2514 2086 voluit
2542 2031 2682 2102 quod
2704 2032 2948 2102 deliquit.
2972 2019 3157 2101 Neque
3179 2033 3322 2087 enim
3351 2033 3599 2091 diabolus
3630 2051 3731 2091 vo-
3758 2056 3797 2084 γ
3859 2019 3873 2090 ἓ

2124 2123 2381 2178 luntatem
2426 2125 2474 2179 ei
2506 2126 2630 2197 (ἓὸ)
2663 2126 2915 2195 imposuit
2940 2126 3306 2196 delinquendi,
3335 2127 3428 2181 sed
3451 2128 3730 2184 materiam

2121 2217 2383 2271 voluntati
2436 2214 2878 2273 subministravit.
2913 2218 3201 2286 Generum,
3263 2221 3509 2278 voluntas
3537 2223 3631 2279 Dei
3673 2224 3731 2279 in

2119 2308 2511 2365 obaudientiam
2560 2310 2675 2383 (24)
2730 2322 2966 2366 venerat.
3023 2311 3253 2368 Proinde
3301 2308 3357 2368 et
3415 2325 3489 2381 tu,
3548 2317 3731 2372 sinon

2119 2402 2422 2458 obaudieris
2452 2404 2576 2463 Deo.
2602 2406 2691 2475 qui
2728 2415 2799 2471 te,
2829 2408 3407 2478 propositopraecepto,
3438 2409 3619 2466 liberm
3633 2424 3734 2482 po-

2121 2496 2326 2551 testatis
2355 2497 2604 2577 inStituit,
2633 2514 2727 2569 per
2758 2499 3046 2554 voluntatis
3072 2501 3375 2558 libertatem
3404 2503 3587 2558 volens
3627 2502 3697 2561 de
3716 2533 3733 2552 σ

2117 2580 2303 2660 verges
2356 2591 2408 2645 in
2448 2590 2499 2646 id
2527 2591 2668 2661 quod
2703 2592 2838 2649 Deus
2869 2595 2988 2664 (‘25)
3020 2610 3125 2650 non
3155 2598 3287 2663 vult,
3316 2606 3369 2653 et
3393 2598 3462 2653 ita
3493 2596 3543 2655 te
3573 2611 3732 2669 putas

2118 2698 2146 2738 a
2173 2682 2385 2738 diabolo
2414 2686 2752 2751 subversum,
2788 2688 2875 2755 qui
2901 2689 3000 2743 etsi
3043 2689 3170 2761 quid
3198 2691 3315 2745 vult
3351 2700 3404 2747 te
3426 2693 3561 2749 velle
3581 2695 3729 2765 quod

2121 2774 2257 2831 Deus
2286 2792 2391 2831 non
2419 2779 2551 2842 vult,
2587 2793 2693 2835 non
2728 2789 2905 2836 tamen
2931 2780 3065 2837 facit
3094 2790 3152 2837 ut
3178 2792 3234 2838 ct
3269 2785 3443 2849 velis;
3470 2789 3590 2856 quia
3623 2803 3730 2844 nec

2118 2878 2241 2923 tunc
2285 2869 2413 2923 istos
2460 2869 2581 2942 (‘26)
2640 2872 3001 2941 protoplastos
3049 2874 3114 2928 ad
3173 2875 3496 2931 voluntatem
3543 2879 3726 2936 delicti

2115 2956 2353 3030 subegit;
2403 2961 2509 3015 imo
2555 2977 2728 3031 neque
2782 2961 3000 3029 invitos,
3058 2980 3228 3034 neque
3263 2961 3568 3036 ignorantes
3596 2968 3728 3037 quid

2086 3069 2093 3077 '
2119 3054 2255 3139 Dens
2286 3052 2481 3119 nellet;
2510 3055 2691 3126 utique
2720 3056 2862 3110 enim
2909 3056 3123 3113 nolebat
3154 3059 3289 3124 lieri,
3320 3074 3440 3114 cum
3484 3062 3729 3118 admisso

2115 3158 2342 3203 tnortem
2387 3147 2709 3203 destinabat.
2762 3148 2835 3203 lta
2887 3146 3083 3203 diaboli
3113 3148 3246 3220 opus
3277 3167 3437 3206 unum
3469 3161 3571 3217 est,
3607 3162 3783 3209 ιδῃ-ιι

2114 3249 2226 3294 tare
2256 3239 2373 3312 (27)
2405 3240 2543 3310 quod
2570 3241 2622 3296 in
2669 3252 2717 3294 te
2740 3250 2840 3301 est,
2874 3258 2937 3294 an
2966 3242 3123 3296 velis.
3152 3248 3218 3297 .-\t
3246 3243 3332 3297 ubi
3379 3244 3613 3309 voluisti,
3636 3260 3729 3301 se-

2110 3332 2291 3401 quitur
2320 3342 2374 3386 ut
2411 3340 2460 3385 te
2487 3330 2586 3386 sibi
2617 3331 2823 3402 subigat
2854 3332 2996 3405 (9.8),
3028 3348 3130 3387 non
3155 3340 3409 3404 Operatus
3442 3335 3491 3390 in
3542 3347 3596 3392 te
3624 3352 3729 3394 ro-

2112 3422 2392 3489 luntatem,
2420 3423 2511 3477 sed
2536 3433 2721 3477 nactus
2751 3426 3088 3479 occasionem
3112 3421 3230 3498 ('29)
3265 3420 3577 3483 voluntatis.
3611 3429 3726 3502 Igi-

408 3512 561 3581 ipsis.
632 3511 895 3564 Caeterum
920 3551 932 3573 ,
1002 3511 1344 3566 excusabitur
1402 3527 1563 3566 omne
1615 3512 1890 3579 delictum,
1958 3517 1999 3571 si
2030 3527 2074 3590 ρ
2110 3524 2195 3569 tur
2218 3531 2337 3570 eum
2356 3515 2526 3569 solum
2551 3517 2618 3569 sit
2648 3516 2762 3587 (50)
2792 3516 2841 3570 in
2867 3517 3022 3571 nobis
3048 3518 3203 3583 velle,
3235 3528 3286 3573 et
3318 3520 3367 3573 in
3394 3518 3495 3574 hoc
3519 3522 3725 3591 probe—

405 3603 840 3659 contenderimus
875 3602 987 3674 (1‘2)
1022 3602 1149 3657 ttibil
1183 3603 1293 3657 ﬁeri
1344 3604 1395 3658 in
1441 3606 1592 3660 nobis
1639 3606 1753 3661 sine
1784 3602 1874 3663 Dei
1907 3625 1999 3663 vo-

407 3698 644 3762 luntate;
677 3706 730 3752 et
754 3697 848 3750 ibit
884 3696 1125 3752 delinitio
1166 3696 1293 3770 ,(15)
1346 3697 1444 3751 ista
1496 3699 1546 3752 in
1577 3699 1994 3756 destructionem

409 3789 575 3845 totius
601 3788 918 3859 disciplinae,
972 3789 1132 3843 etiam
1166 3788 1329 3859 ipsius
1354 3789 1479 3855 Dei,
1508 3791 1552 3844 si
1602 3801 1694 3845 aut
1723 3808 1843 3862 quae
1889 3810 1993 3847 non

403 3881 517 3937 vult
543 3871 608 3937 de
631 3888 726 3937 sua
756 3881 1026 3936 voluntate
1054 3878 1297 3951 producit
1318 3880 1463 3953 (14),
1488 3893 1578 3937 aut
1602 3881 1828 3940 tiibilest
1852 3882 1994 3956 quod

401 3975 542 4032 Deus
572 3986 676 4029 non
702 3972 831 4029 vult.
854 3970 959 4029 Sed
977 3971 1245 4044 quomodo
1276 3970 1390 4045 (‘15)
1420 3983 1562 4029 vetat
1581 3973 1844 4045 quaedam,
1871 3976 1987 4046 qui-

2109 3615 2191 3660 tur
2218 3607 2333 3677 (51)
2364 3616 2539 3661 nostra
2580 3623 2703 3678 ergo
2736 3609 2898 3661 Deum
2942 3624 3093 3663 mens
3114 3650 3129 3675 ,
3161 3625 3226 3663 an
3248 3625 3311 3666 ea
3342 3611 3566 3668 velimus
3595 3629 3726 3685 qua:

2101 3712 2223 3754 cum
2247 3698 2515 3754 voluntate
2537 3699 2702 3767 ipsius
2728 3698 2921 3755 iaciant
2966 3701 3103 3772 (52).

2701 3856 2787 3911 CA
2808 3888 2814 3906 ς
2844 3857 2934 3913 UT
2984 3857 3069 3913 Ill.

2171 3972 2290 4029 Alte
2313 3971 2427 4043 (35)
2445 3970 2579 4028 etim
2588 3984 2771 4043 presse
2798 3973 3194 4044 recogitandam
3210 3989 3329 4030 esse
3344 3972 3466 4031 dico
3500 3974 3595 4031 Dei
3621 3990 3729 4033 vo-

1617 4156 1999 4235 LECTIONES
2048 4156 2463 4232 VARIANTES.

1124 4268 1157 4297 ὓ

448 4344 521 4406 tl)
553 4341 878 4395 Similitudine
895 4343 1027 4406 (Jun.

453 4405 529 4473 (ζ)
567 4407 817 4473 Distribno
842 4405 1140 4473 Rig._i{euet
1192 4464 1237 4473 Η
1341 4469 1348 4473 Δ
1415 4453 1476 4473 _,
1536 4468 1546 4473 _
1620 4440 1669 4473 ,ξ

451 4458 525 4533 (ὃ)
559 4469 836 4533 Αῄεεευηαίι
876 4458 1148 4530 η’Ξιιὶνίωιρ,
1190 4464 1239 4517 id
1279 4469 1357 4515 est
1379 4458 1547 4514 absunt
1580 4475 1611 4511 a
1656 4458 1806 4512 Ithett.
1834 4459 1986 4512 Sentl.

388 4531 531 4583 Pent.
558 4531 719 4581 obert.
928 4580 929 4585 η

449 4594 876 4659 (ωέιιοηοεεηηῑω
901 4593 1048 4659 {We-
1103 4656 1124 4659 _
1231 4648 1312 4659 ἡ.
1551 4650 1577 4659 ..
1760 4649 1769 4658 .
1923 4648 1933 4659 .

558 4647 734 4723 prima
758 4648 1394 4723 virginitatisdttn._Pritna
1435 4647 1672 4723 felicitas,
1700 4649 1868 4723 priora:
1890 4648 1987 4723 vir-

386 4710 611 4779 ginitatis
627 4710 930 4784 —r-_seeundze
956 4717 1253 4784 virginitatis
1294 4722 1371 4784 est
1386 4711 1556 4784 -—-Arel.
1597 4710 1987 4784 species‘bacte-

384 4772 477 4831 itus
499 4795 595 4832 non
619 4781 833 4830 nubendi
866 4806 926 4817 -—-
962 4772 1143 4843 praeter
1185 4778 1376 4828 virtutis
1415 4775 1562 4825 etiam
1585 4787 1650 4823 m.
1677 4772 1711 4823 Ι.
1739 4778 1847 4832 est,
1871 4774 1980 4823 cod.

389 4854 427 4893 11
439 4854 571 4895 'onw.
1054 4879 1063 4883 η

442 4906 518 4964 (ϐ)
552 4907 611 4957 In
633 4911 788 4957 totum
812 4904 945 4954 deest
970 4902 1122 4955 Rhen.
1152 4899 1304 4964 Seml.
1420 4940 1431 4964 κη

442 4907 497 4964 (ϐ
552 4907 611 4957 In
633 4911 788 4957 totum
812 4906 945 4954 deest
970 4906 1122 4955 Rhea.
1152 4906 1304 4952 Semt.
1430 4940 1431 4947 η

440 4906 518 5034 (ἵ)
550 4967 779 5034 Secunda
797 4966 1193 5034 virginitatis-est
1222 4961 1376 5016 It/ten.
1403 4958 1551 5012 Semt.

441 5024 515 5095 (8)
548 5032 770 5095 virtutes
791 5024 944 5095 Rhea.
971 5024 1124 5095 Seml.
1184 5093 1189 5095 Α
1226 5073 1277 5095 ._“

464 5084 516 5154 9)
550 5094 803 5156 Modestiae
830 5090 962 5138 enim
991 5088 1096 5156 laus
1121 5093 1197 5156 est
1217 5084 1325 5151 Rig.
1463 5147 1473 5156 _
1723 5145 1732 5156 .

464 5096 516 5154 9)
550 5096 803 5143 Modestiae
830 5096 962 5138 enim
992 5096 1096 5138 laus
1121 5096 1197 5138 est
1217 5096 1325 5151 Ittg.
1723 5145 1732 5156 .

442 5096 551 5220 iw)
585 5154 686 5205 Atii
707 5190 722 5220 ._
747 5164 919 5220 rursus
945 5150 1098 5202 vellet
1136 5152 1188 5200 in
1225 5164 1350 5211 nos,
1379 5147 1490 5199 cod.
1520 5156 1768 5209 nonnum
1808 5146 1976 5210 nobis,

375 5214 507 5280 quod
528 5214 804 5280 jatnboluit
828 5214 984 5264 Deus.

441 5273 544 5344 (lt)
574 5273 655 5344 ᾼι.
676 5274 908 5344 iussione.
1000 5336 1055 5344 -ι
1113 5338 1119 5344 ο

373 5346 377 5350 ‘
436 5334 542 5406 (1°!)
575 5334 971 5406 continuerimus
995 5336 1145 5406 Βὶιεπι
1182 5334 1333 5406 Sent-

462 5393 642 5467 13)Λι
679 5400 1003 5467 ibidetinitio
1040 5401 1181 5451 istam
1216 5399 1537 5451 destruction.
1565 5393 1714 5447 Eheu.
1742 5396 1891 5448 Semt.
1920 5406 1968 5448 at

368 5464 456 5515 tibi
480 5464 658 5516 Letinio
682 5464 788 5516 cod.
822 5465 1009 5515 Wouw.

461 5529 535 5593 14)
568 5529 809 5593 Produeat
832 5526 941 5593 ttig.
975 5536 1088 5577 Ven.

454 5588 531 5656 15)
568 5592 769 5654 Quando
788 5588 910 5656 RigI
933 5599 1044 5641 Ven.

2152 4336 2170 4397 (
2184 4335 2257 4395 l6)
2296 4334 2473 4397 Utique
2500 4335 2649 4385 etiam
2674 4331 2823 4386 Scml.
2853 4337 2994 4397 LeOp.

2151 4393 2258 4462 (l7)
2291 4393 2501 4466 εἰμὴ-ρ
2548 4399 2847 4448 contrario...
2892 4393 2953 4448 et
2992 4400 3211 4464 praecipit
3250 4405 3303 4452 et
3349 4410 3557 4466 accepto
3596 4401 3726 4458 facit

2089 4457 2197 4514 In“.
2244 4457 2395 4510 tiaris.
2442 4462 2603 4511 Venet.

2150 4473 2262 4577 le)
2295 4522 2357 4572 Et
2378 4523 2603 4571 arbitriut

2173 4583 2256 4635 25))
2290 4584 2450 4633 Nostri
2478 4583 2621 4634 (then.
2647 4583 2796 4635 Scml.

2173 4585 2233 4633 2i)
2290 4584 2450 4633 Nostri
2478 4584 2621 4634 (then.
2647 4584 2796 4635 Scml.

2149 4584 2259 4709 ieoi
2294 4646 2561 4709 Yoluntate
2586 4646 2738 4698 Rhen.
2766 4645 2918 4698 Scutt.

2151 4707 2226 4771 (21
2290 4708 2390 4759 Nos
2412 4720 2535 4771 quos
2560 4710 2661 4759 vult
2683 4711 2789 4772 ipse
2816 4717 2866 4758 et
2889 4707 3020 4758 velle
3039 4715 3117 4759 est
3140 4709 3290 4761 Seml.

2153 4773 2235 4833 (ἓξ
2298 4771 2387 4820 Dei
2414 4769 2728 4820 voluntatem.
2763 4771 2824 4821 Ut
2845 4771 2999 4821 dicam
3024 4771 3177 4823 Semt.
3206 4774 3290 4824 Rhl

2153 4835 2233 4893 (:25
2294 4832 2407 4894 Ejus
2428 4830 2580 4883 Ithen.
2605 4832 2756 4884 Semt.
2914 4880 2917 4887 ,

2176 4895 2235 4945 24
2294 4894 2636 4945 Obedientiam
2669 4894 2778 4946 cod.
2815 4896 3004 4946 Wouw.
3033 4896 3175 4959 Leop.

2174 4962 2234 5009 25
2293 4957 2477 5008 Voletts
2498 4965 2551 5007 te
2576 4960 2715 5020 vergi
2756 4958 2870 5007 sinit
2905 4957 3035 5017 quod
3080 4957 3213 5008 Deus
3245 4946 3290 5011 il.

2154 5036 2194 5070 IS
2254 5022 2455 5071 everais
2480 5021 2527 5068 in
2550 5022 2597 5069 id
2621 5020 2750 5071 uuod
2774 5031 2924 5071 mut.
2948 5021 3114 5071 Paris.
3138 5024 3280 5071 Pam

2295 4522 2357 4572 Et
2378 4523 2633 4571 arbitrium
2658 4520 2810 4572 omitt.
2838 4525 2983 4574 Pam.

2240 4520 2262 4703 ξ
2290 4584 2450 4633 Nostri
2478 4583 2621 4634 (then.
2647 4583 2796 4635 Scml.

2294 4646 2561 4696 Voluntate
2586 4646 2738 4698 Rhen.
2766 4645 2918 4698 Scutt.

2153 4769 2258 4833 (ἓξ)
2296 4771 2387 4833 Dei
2414 4769 2735 4833 voluntatem.
2763 4771 2824 4821 Ut
2845 4771 2999 4821 dicam
3024 4771 3177 4823 Semt.
3206 4774 3420 4825 Rhenan.

2153 4830 2256 4894 (:25)
2294 4832 2407 4894 Ejus
2428 4830 2580 4883 Ithen.
2605 4832 2756 4884 Semt.
2914 4880 2917 4887 ,

2176 4895 2235 4945 24
2294 4894 2636 4945 Obedientiam
2669 4894 2778 4946 cod.
2815 4896 3004 4946 Wouw.
3033 4896 3175 4959 Leop.

2150 4894 2258 5023 E25}
2293 4957 2551 5023 Volettste
2576 4958 2870 5023 vergi_sinit
2905 4957 3035 5023 quod
3064 4957 3175 5023 Der

2174 4946 2257 5020 25)
2293 4957 2477 5008 Voletts
2498 4965 2551 5007 te
2576 4960 2715 5020 vergi
2756 4958 2870 5007 sinit
2905 4957 3035 5017 quod
3080 4946 3213 5008 Deus
3245 4946 3395 5013 ithett.
3422 4962 3587 5015 Sen“.
3618 4980 3717 5019 v0-

2084 5019 2194 5071 letis
2218 5019 2455 5083 devet‘gis
2480 5021 2527 5068 in
2550 5022 2597 5069 id
2621 5019 2750 5083 quod
2774 5031 2924 5072 Fran.
2948 5021 3114 5071 Paris.
3138 5024 3280 5072 Patu.

2169 5084 2254 5135 ‘26)
2291 5081 2471 5133 Invitos
2509 5081 2657 5132 Seml.

1998 5240 2051 5301 1)

2282 5145 2593 5217 I‘emperare
2616 5144 2778 5217 ﬁlum.
2801 5142 2953 5217 Setttl.
3030 5211 3072 5217 __
3170 5214 3180 5217 _
3230 5206 3284 5217 _.

2166 5207 2247 5274 d8)
2280 5207 2347 5274 [ι
2370 5207 2429 5257 et
2443 5208 2535 5274 sibi
2559 5208 2819 5274 subjungat
2841 5207 2997 5274 Ιζναη,
3030 5211 3197 5260 Venet.
3223 5207 3333 5274 Rig.

2161 5267 2244 5319 39)
2280 5267 2828 5319 Ροδερεδίοῐιοηῖιίηωι.
2856 5269 3005 5319 Seml.

2135 5330 2238 5397 (50)
2273 5332 2382 5397 Erit
2402 5330 2552 5397 Rhea.
2579 5330 2728 5382 Semt.

2156 5396 2205 5444 51
2224 5392 2231 5397 ’
2273 5394 2454 5443 Probat
2477 5392 2569 5443 iid.

2131 5396 2239 5515 £52;
2269 5457 2469 5515 Sapiam
2488 5453 2569 5506 iid.

2153 5455 2236 5518 52)
2269 5457 2469 5518 Sapiam
2488 5455 2576 5506 iid.

2132 5518 2239 5584 (35)
2271 5520 2315 5569 Α
2339 5527 2389 5570 te
2415 5522 2653 5583 impresso
2678 5518 2827 5569 MSS.
2863 5518 3049 5569 Wouw.
3073 5519 3238 5568 Paris.

1710 5687 2293 5794 .COMMENTARIUS.

432 5904 509 5975 (a)
551 5904 753 5961 Exinde
778 5899 921 5957 sexui
946 5896 1283 5957 renuntiatur.
1316 5894 1487 5953 Sexus
1508 5893 1797 5950 devoratur
1817 5908 1846 5949 a
1868 5893 2074 5964 virgine
2096 5936 2111 5961 ,
2158 5894 2330 5965 inquit
2359 5891 2715 5961 Hieronymus
2743 5886 2811 5945 ad
2822 5868 3184 5961 "Principiam,
3232 5889 3394 5961 epist.
3426 5891 3482 5947 3.
3545 5895 3677 5956 Bm,
