  <div class='ocr_page' id='page_1' title='image "/cluster/home/n/w/nwhite01/storage/ocr_20150623/2/uva.x000669815/465.png"; bbox 0 0 4052 6286; ppageno 0'>
   <div class='ocr_carea' id='block_1_1' title="bbox 354 277 464 336">
    <p class='ocr_par' dir='ltr' id='par_1_1' title="bbox 354 277 464 336">
     <span class='ocr_line' id='line_1_1' title="bbox 354 277 464 336; baseline 0 -1"><span class='ocrx_word' id='word_1_1' title='bbox 354 277 464 336; x_wconf 80' lang='grc'><strong>919</strong></span> 
     </span>
    </p>
   </div>
   <div class='ocr_carea' id='block_1_2' title="bbox 1771 269 2235 328">
    <p class='ocr_par' dir='ltr' id='par_1_2' title="bbox 1771 269 2235 328">
     <span class='ocr_line' id='line_1_2' title="bbox 1771 269 2235 328; baseline 0 -1"><span class='ocrx_word' id='word_1_2' title='bbox 1771 269 2235 328; x_wconf 65' lang='lat' dir='ltr'><strong>TERTULLLWI</strong></span> 
     </span>
    </p>
   </div>
   <div class='ocr_carea' id='block_1_3' title="bbox 3548 271 3657 330">
    <p class='ocr_par' dir='ltr' id='par_1_3' title="bbox 3548 271 3657 330">
     <span class='ocr_line' id='line_1_3' title="bbox 3548 271 3657 330; baseline -0.018 0"><span class='ocrx_word' id='word_1_3' title='bbox 3548 271 3657 330; x_wconf 72' lang='lat'><strong>920</strong></span> 
     </span>
    </p>
   </div>
   <div class='ocr_carea' id='block_1_4' title="bbox 352 382 3658 465">
    <p class='ocr_par' dir='ltr' id='par_1_4' title="bbox 352 382 3658 465">
     <span class='ocr_line' id='line_1_4' title="bbox 352 382 3658 465; baseline -0.002 -18"><span class='ocrx_word' id='word_1_4' title='bbox 352 393 496 462; x_wconf 74' lang='lat' dir='ltr'><strong>quod</strong></span> <span class='ocrx_word' id='word_1_5' title='bbox 550 393 763 465; x_wconf 94' lang='lat' dir='ltr'><strong>proprie</strong></span> <span class='ocrx_word' id='word_1_6' title='bbox 813 389 879 444; x_wconf 91' lang='lat' dir='ltr'><strong>ad</strong></span> <span class='ocrx_word' id='word_1_7' title='bbox 948 389 1199 460; x_wconf 89' lang='lat' dir='ltr'><strong>iuunptos</strong></span> <span class='ocrx_word' id='word_1_8' title='bbox 1244 394 1299 443; x_wconf 92' lang='lat' dir='ltr'><strong>et</strong></span> <span class='ocrx_word' id='word_1_9' title='bbox 1337 387 1524 442; x_wconf 87' lang='lat' dir='ltr'><strong>viduos</strong></span> <span class='ocrx_word' id='word_1_10' title='bbox 1569 384 1647 459; x_wconf 92' lang='grc'><strong>(1)</strong></span> <span class='ocrx_word' id='word_1_11' title='bbox 1716 393 1950 455; x_wconf 86' lang='lat' dir='ltr'><strong>spectat,</strong></span> <span class='ocrx_word' id='word_1_12' title='bbox 1985 387 2030 444; x_wconf 73' lang='grc' dir='ltr'><strong>Α</strong></span> <span class='ocrx_word' id='word_1_13' title='bbox 2060 384 2317 455; x_wconf 86' lang='lat' dir='ltr'><strong>Spiritum</strong></span> <span class='ocrx_word' id='word_1_14' title='bbox 2346 384 2560 455; x_wconf 90' lang='lat' dir='ltr'><strong>quidem</strong></span> <span class='ocrx_word' id='word_1_15' title='bbox 2596 385 2689 442; x_wconf 88' lang='lat' dir='ltr'><strong>Dei</strong></span> <span class='ocrx_word' id='word_1_16' title='bbox 2716 386 2879 442; x_wconf 88' lang='lat' dir='ltr'><strong>etiam</strong></span> <span class='ocrx_word' id='word_1_17' title='bbox 2926 382 3112 444; x_wconf 84' lang='lat' dir='ltr'><strong>ﬁdeles</strong></span> <span class='ocrx_word' id='word_1_18' title='bbox 3157 385 3394 456; x_wconf 81' lang='lat' dir='ltr'><strong>hah‘ent,</strong></span> <span class='ocrx_word' id='word_1_19' title='bbox 3422 387 3518 443; x_wconf 90' lang='lat' dir='ltr'><strong>sed</strong></span> <span class='ocrx_word' id='word_1_20' title='bbox 3548 404 3658 442; x_wconf 85' lang='lat' dir='ltr'><strong>non</strong></span> 
     </span>
    </p>
   </div>
   <div class='ocr_carea' id='block_1_5' title="bbox 352 481 1951 557">
    <p class='ocr_par' dir='ltr' id='par_1_5' title="bbox 352 481 1951 557">
     <span class='ocr_line' id='line_1_5' title="bbox 352 481 1951 557; baseline -0.008 -16"><span class='ocrx_word' id='word_1_21' title='bbox 352 487 548 557; x_wconf 85' lang='lat' dir='ltr'><strong>quibus</strong></span> <span class='ocrx_word' id='word_1_22' title='bbox 574 487 717 540; x_wconf 90' lang='lat' dir='ltr'><strong>nulla</strong></span> <span class='ocrx_word' id='word_1_23' title='bbox 738 483 913 539; x_wconf 88' lang='lat' dir='ltr'><strong>adhuc</strong></span> <span class='ocrx_word' id='word_1_24' title='bbox 933 481 1240 551; x_wconf 82' lang='lat' dir='ltr'><strong>conjunctio</strong></span> <span class='ocrx_word' id='word_1_25' title='bbox 1268 489 1599 534; x_wconf 76' lang='lat' dir='ltr'><strong>ttttttlcralttt&#39;.</strong></span> <span class='ocrx_word' id='word_1_26' title='bbox 1619 482 1951 545; x_wconf 74' lang='lat' dir='ltr'><strong>Quamquam</strong></span> 
     </span>
    </p>
   </div>
   <div class='ocr_carea' id='block_1_6' title="bbox 355 566 1953 643">
    <p class='ocr_par' dir='ltr' id='par_1_6' title="bbox 355 566 1953 643">
     <span class='ocr_line' id='line_1_6' title="bbox 355 566 1953 643; baseline -0.005 -13"><span class='ocrx_word' id='word_1_27' title='bbox 355 577 682 630; x_wconf 50' lang='lat' dir='ltr'><strong>ostrmlerim</strong></span> <span class='ocrx_word' id='word_1_28' title='bbox 705 576 867 630; x_wconf 84' lang='lat' dir='ltr'><strong>etiam</strong></span> <span class='ocrx_word' id='word_1_29' title='bbox 887 573 992 629; x_wconf 92' lang='lat' dir='ltr'><strong>illis</strong></span> <span class='ocrx_word' id='word_1_30' title='bbox 1013 571 1420 643; x_wconf 83' lang='lat' dir='ltr'><strong>intelligendam</strong></span> <span class='ocrx_word' id='word_1_31' title='bbox 1451 570 1528 642; x_wconf 75' lang='lat'><strong>(9..)</strong></span> <span class='ocrx_word' id='word_1_32' title='bbox 1550 583 1672 627; x_wconf 74' lang='lat' dir='ltr'><strong>esse</strong></span> <span class='ocrx_word' id='word_1_33' title='bbox 1707 566 1953 640; x_wconf 76' lang='lat' dir='ltr'><strong>permissi</strong></span> 
     </span>
    </p>
   </div>
   <div class='ocr_carea' id='block_1_7' title="bbox 352 647 1372 722">
    <p class='ocr_par' dir='ltr' id='par_1_7' title="bbox 352 647 1372 722">
     <span class='ocr_line' id='line_1_7' title="bbox 352 647 1372 722; baseline -0.003 0"><span class='ocrx_word' id='word_1_34' title='bbox 352 666 736 722; x_wconf 89' lang='lat' dir='ltr'><strong>conditionem.</strong></span> <span class='ocrx_word' id='word_1_35' title='bbox 862 696 871 703; x_wconf 93' lang='lat'><em>-</em></span> <span class='ocrx_word' id='word_1_36' title='bbox 1369 647 1372 651; x_wconf 45' lang='grc'><strong>’</strong></span> 
     </span>
    </p>
   </div>
   <div class='ocr_carea' id='block_1_8' title="bbox 956 754 1327 813">
    <p class='ocr_par' dir='ltr' id='par_1_8' title="bbox 956 754 1327 813">
     <span class='ocr_line' id='line_1_8' title="bbox 956 754 1327 813; baseline -0.008 -1"><span class='ocrx_word' id='word_1_37' title='bbox 956 755 1187 813; x_wconf 76' lang='lat' dir='ltr'><strong>CAPUT</strong></span> <span class='ocrx_word' id='word_1_38' title='bbox 1238 754 1327 810; x_wconf 81' lang='lat' dir='ltr'><strong>IV.</strong></span> 
     </span>
    </p>
   </div>
   <div class='ocr_carea' id='block_1_9' title="bbox 425 842 1954 920">
    <p class='ocr_par' dir='ltr' id='par_1_9' title="bbox 425 842 1954 920">
     <span class='ocr_line' id='line_1_9' title="bbox 425 842 1954 920; baseline -0.005 -15"><span class='ocrx_word' id='word_1_39' title='bbox 425 853 711 920; x_wconf 65' lang='lat' dir='ltr'><strong>Caeterum,</strong></span> <span class='ocrx_word' id='word_1_40' title='bbox 755 851 824 907; x_wconf 90' lang='lat' dir='ltr'><strong>de</strong></span> <span class='ocrx_word' id='word_1_41' title='bbox 874 850 1112 906; x_wconf 90' lang='lat' dir='ltr'><strong>secundo</strong></span> <span class='ocrx_word' id='word_1_42' title='bbox 1150 847 1493 904; x_wconf 90' lang='lat' dir='ltr'><strong>matrimonio</strong></span> <span class='ocrx_word' id='word_1_43' title='bbox 1543 845 1747 901; x_wconf 87' lang='lat' dir='ltr'><strong>scimus</strong></span> <span class='ocrx_word' id='word_1_44' title='bbox 1797 842 1954 915; x_wconf 89' lang='lat' dir='ltr'><strong>plane</strong></span> 
     </span>
    </p>
   </div>
   <div class='ocr_carea' id='block_1_10' title="bbox 358 938 1956 1016">
    <p class='ocr_par' dir='ltr' id='par_1_10' title="bbox 358 938 1956 1016">
     <span class='ocr_line' id='line_1_10' title="bbox 358 938 1956 1016; baseline -0.007 -15"><span class='ocrx_word' id='word_1_45' title='bbox 358 945 671 1016; x_wconf 83' lang='lat' dir='ltr'><strong>Apostolum</strong></span> <span class='ocrx_word' id='word_1_46' title='bbox 742 944 1135 1014; x_wconf 83' lang='lat' dir='ltr'><strong>pronuntiasse,</strong></span> <span class='ocrx_word' id='word_1_47' title='bbox 1191 941 1405 997; x_wconf 86' lang='lat' dir='ltr'><strong>Solutus</strong></span> <span class='ocrx_word' id='word_1_48' title='bbox 1451 956 1503 994; x_wconf 81' lang='lat' dir='ltr'><strong>es</strong></span> <span class='ocrx_word' id='word_1_49' title='bbox 1558 938 1622 994; x_wconf 88' lang='lat' dir='ltr'><strong>ab</strong></span> <span class='ocrx_word' id='word_1_50' title='bbox 1670 952 1851 1002; x_wconf 78' lang='lat' dir='ltr'><strong>uxore,</strong></span> <span class='ocrx_word' id='word_1_51' title='bbox 1892 952 1956 991; x_wconf 87' lang='lat' dir='ltr'><strong>ne</strong></span> 
     </span>
    </p>
   </div>
   <div class='ocr_carea' id='block_1_11' title="bbox 353 1031 1952 1111">
    <p class='ocr_par' dir='ltr' id='par_1_11' title="bbox 353 1031 1952 1111">
     <span class='ocr_line' id='line_1_11' title="bbox 353 1031 1952 1111; baseline -0.004 -19"><span class='ocrx_word' id='word_1_52' title='bbox 353 1038 614 1111; x_wconf 73' lang='lat' dir='ltr'><strong>qua&#39;sieris</strong></span> <span class='ocrx_word' id='word_1_53' title='bbox 644 1053 854 1091; x_wconf 73' lang='lat' dir='ltr'><strong>uxorem</strong></span> <span class='ocrx_word' id='word_1_54' title='bbox 887 1056 900 1092; x_wconf 93' lang='lat'><strong>:</strong></span> <span class='ocrx_word' id='word_1_55' title='bbox 930 1034 1018 1089; x_wconf 84' lang='lat' dir='ltr'><strong>sed</strong></span> <span class='ocrx_word' id='word_1_56' title='bbox 1047 1036 1090 1088; x_wconf 86' lang='lat' dir='ltr'><strong>si</strong></span> <span class='ocrx_word' id='word_1_57' title='bbox 1129 1034 1356 1100; x_wconf 77' lang='lat' dir='ltr'><strong>duxeris,</strong></span> <span class='ocrx_word' id='word_1_58' title='bbox 1390 1048 1490 1087; x_wconf 87' lang='lat' dir='ltr'><strong>non</strong></span> <span class='ocrx_word' id='word_1_59' title='bbox 1518 1031 1785 1103; x_wconf 86' lang='lat' dir='ltr'><strong>delinquis.</strong></span> <span class='ocrx_word' id='word_1_60' title='bbox 1823 1031 1952 1086; x_wconf 82' lang='lat' dir='ltr'><strong>Per-</strong></span> 
     </span>
    </p>
   </div>
   <div class='ocr_carea' id='block_1_12' title="bbox 353 1123 1959 1199">
    <p class='ocr_par' dir='ltr' id='par_1_12' title="bbox 353 1123 1959 1199">
     <span class='ocr_line' id='line_1_12' title="bbox 353 1123 1959 1199; baseline -0.005 -13"><span class='ocrx_word' id='word_1_61' title='bbox 353 1132 482 1187; x_wconf 83' lang='lat' dir='ltr'><strong>inde</strong></span> <span class='ocrx_word' id='word_1_62' title='bbox 532 1142 707 1185; x_wconf 89' lang='lat' dir='ltr'><strong>tamen</strong></span> <span class='ocrx_word' id='word_1_63' title='bbox 759 1139 809 1184; x_wconf 91' lang='lat' dir='ltr'><strong>et</strong></span> <span class='ocrx_word' id='word_1_64' title='bbox 850 1127 1009 1199; x_wconf 85' lang='lat' dir='ltr'><strong>hujus</strong></span> <span class='ocrx_word' id='word_1_65' title='bbox 1056 1128 1323 1183; x_wconf 83' lang='lat' dir='ltr'><strong>sermonis</strong></span> <span class='ocrx_word' id='word_1_66' title='bbox 1371 1125 1641 1191; x_wconf 88' lang='lat' dir='ltr'><strong>ordinem,</strong></span> <span class='ocrx_word' id='word_1_67' title='bbox 1666 1124 1736 1180; x_wconf 89' lang='lat' dir='ltr'><strong>de</strong></span> <span class='ocrx_word' id='word_1_68' title='bbox 1786 1123 1959 1179; x_wconf 88' lang='lat' dir='ltr'><strong>consi-</strong></span> 
     </span>
    </p>
   </div>
   <div class='ocr_carea' id='block_1_13' title="bbox 358 1215 1951 1289">
    <p class='ocr_par' dir='ltr' id='par_1_13' title="bbox 358 1215 1951 1289">
     <span class='ocr_line' id='line_1_13' title="bbox 358 1215 1951 1289; baseline -0.006 -13"><span class='ocrx_word' id='word_1_69' title='bbox 358 1225 434 1276; x_wconf 85' lang='lat' dir='ltr'><strong>lio</strong></span> <span class='ocrx_word' id='word_1_70' title='bbox 456 1237 575 1287; x_wconf 81' lang='lat' dir='ltr'><strong>suo,</strong></span> <span class='ocrx_word' id='word_1_71' title='bbox 614 1236 718 1274; x_wconf 91' lang='lat' dir='ltr'><strong>non</strong></span> <span class='ocrx_word' id='word_1_72' title='bbox 746 1219 812 1273; x_wconf 89' lang='lat' dir='ltr'><strong>de</strong></span> <span class='ocrx_word' id='word_1_73' title='bbox 844 1218 1027 1274; x_wconf 79' lang='lat' dir='ltr'><strong>divino</strong></span> <span class='ocrx_word' id='word_1_74' title='bbox 1056 1227 1325 1289; x_wconf 75' lang='lat' dir='ltr'><strong>prtecepto</strong></span> <span class='ocrx_word' id='word_1_75' title='bbox 1368 1215 1677 1272; x_wconf 72' lang='lat' dir='ltr'><strong>introducit.</strong></span> <span class='ocrx_word' id='word_1_76' title='bbox 1730 1215 1951 1270; x_wconf 81' lang='lat' dir='ltr'><strong>Multum</strong></span> 
     </span>
    </p>
   </div>
   <div class='ocr_carea' id='block_1_14' title="bbox 359 1306 1952 1381">
    <p class='ocr_par' dir='ltr' id='par_1_14' title="bbox 359 1306 1952 1381">
     <span class='ocr_line' id='line_1_14' title="bbox 359 1306 1952 1381; baseline -0.004 -12"><span class='ocrx_word' id='word_1_77' title='bbox 359 1327 536 1369; x_wconf 90' lang='lat' dir='ltr'><strong>autem</strong></span> <span class='ocrx_word' id='word_1_78' title='bbox 570 1314 793 1368; x_wconf 78' lang='lat' dir='ltr'><strong>interest</strong></span> <span class='ocrx_word' id='word_1_79' title='bbox 838 1312 980 1366; x_wconf 84' lang='lat' dir='ltr'><strong>inter</strong></span> <span class='ocrx_word' id='word_1_80' title='bbox 1029 1312 1121 1366; x_wconf 85' lang='lat' dir='ltr'><strong>Dei</strong></span> <span class='ocrx_word' id='word_1_81' title='bbox 1165 1318 1515 1381; x_wconf 74' lang='lat' dir='ltr'><strong>prznccptum,</strong></span> <span class='ocrx_word' id='word_1_82' title='bbox 1564 1319 1616 1363; x_wconf 80' lang='lat' dir='ltr'><strong>et</strong></span> <span class='ocrx_word' id='word_1_83' title='bbox 1671 1306 1952 1363; x_wconf 87' lang='lat' dir='ltr'><strong>consilium</strong></span> 
     </span>
    </p>
   </div>
   <div class='ocr_carea' id='block_1_15' title="bbox 358 1397 1953 1474">
    <p class='ocr_par' dir='ltr' id='par_1_15' title="bbox 358 1397 1953 1474">
     <span class='ocr_line' id='line_1_15' title="bbox 358 1397 1953 1474; baseline -0.004 -15"><span class='ocrx_word' id='word_1_84' title='bbox 358 1406 613 1460; x_wconf 80' lang='lat' dir='ltr'><strong>hominis.</strong></span> <span class='ocrx_word' id='word_1_85' title='bbox 648 1403 967 1474; x_wconf 78' lang='lat' dir='ltr'><strong>I’rwceptum</strong></span> <span class='ocrx_word' id='word_1_86' title='bbox 1009 1401 1235 1467; x_wconf 84' lang='lat' dir='ltr'><strong>Domini,</strong></span> <span class='ocrx_word' id='word_1_87' title='bbox 1264 1402 1456 1472; x_wconf 88' lang='lat' dir='ltr'><strong>inquit,</strong></span> <span class='ocrx_word' id='word_1_88' title='bbox 1484 1417 1586 1455; x_wconf 86' lang='lat' dir='ltr'><strong>non</strong></span> <span class='ocrx_word' id='word_1_89' title='bbox 1630 1400 1831 1462; x_wconf 82' lang='lat' dir='ltr'><strong>habeo;</strong></span> <span class='ocrx_word' id='word_1_90' title='bbox 1857 1397 1953 1453; x_wconf 84' lang='lat' dir='ltr'><strong>sed</strong></span> 
     </span>
    </p>
   </div>
   <div class='ocr_carea' id='block_1_16' title="bbox 359 1489 1957 1567">
    <p class='ocr_par' dir='ltr' id='par_1_16' title="bbox 359 1489 1957 1567">
     <span class='ocr_line' id='line_1_16' title="bbox 359 1489 1957 1567; baseline -0.004 -15"><span class='ocrx_word' id='word_1_91' title='bbox 359 1498 627 1553; x_wconf 78' lang='lat' dir='ltr'><strong>consilium</strong></span> <span class='ocrx_word' id='word_1_92' title='bbox 676 1498 760 1563; x_wconf 83' lang='lat' dir='ltr'><strong>do,</strong></span> <span class='ocrx_word' id='word_1_93' title='bbox 814 1496 958 1567; x_wconf 84' lang='lat' dir='ltr'><strong>quasi</strong></span> <span class='ocrx_word' id='word_1_94' title='bbox 1004 1494 1399 1551; x_wconf 72' lang='lat' dir='ltr'><strong>misericordiam</strong></span> <span class='ocrx_word' id='word_1_95' title='bbox 1448 1501 1744 1548; x_wconf 85' lang='lat' dir='ltr'><strong>consecutus</strong></span> <span class='ocrx_word' id='word_1_96' title='bbox 1778 1507 1810 1544; x_wconf 93' lang='lat' dir='ltr'><strong>a</strong></span> <span class='ocrx_word' id='word_1_97' title='bbox 1852 1489 1957 1545; x_wconf 83' lang='lat' dir='ltr'><strong>Do-</strong></span> 
     </span>
    </p>
   </div>
   <div class='ocr_carea' id='block_1_17' title="bbox 363 1584 1955 1658">
    <p class='ocr_par' dir='ltr' id='par_1_17' title="bbox 363 1584 1955 1658">
     <span class='ocr_line' id='line_1_17' title="bbox 363 1584 1955 1658; baseline -0.003 -15"><span class='ocrx_word' id='word_1_98' title='bbox 363 1591 499 1645; x_wconf 86' lang='lat' dir='ltr'><strong>mino</strong></span> <span class='ocrx_word' id='word_1_99' title='bbox 544 1590 713 1658; x_wconf 80' lang='lat' dir='ltr'><strong>ﬁdelis</strong></span> <span class='ocrx_word' id='word_1_100' title='bbox 762 1604 889 1643; x_wconf 84' lang='lat' dir='ltr'><strong>esse.</strong></span> <span class='ocrx_word' id='word_1_101' title='bbox 917 1588 1204 1654; x_wconf 60' lang='lat' dir='ltr'><strong>ueterum,</strong></span> <span class='ocrx_word' id='word_1_102' title='bbox 1238 1601 1411 1658; x_wconf 91' lang='lat' dir='ltr'><strong>neque</strong></span> <span class='ocrx_word' id='word_1_103' title='bbox 1448 1587 1499 1640; x_wconf 95' lang='lat' dir='ltr'><strong>in</strong></span> <span class='ocrx_word' id='word_1_104' title='bbox 1526 1584 1834 1656; x_wconf 67' lang='lat' dir='ltr'><strong>I&#39;Zvangelio,</strong></span> <span class='ocrx_word' id='word_1_105' title='bbox 1865 1598 1955 1638; x_wconf 87' lang='lat' dir='ltr'><strong>ne-</strong></span> 
     </span>
    </p>
   </div>
   <div class='ocr_carea' id='block_1_18' title="bbox 360 1676 1955 1753">
    <p class='ocr_par' dir='ltr' id='par_1_18' title="bbox 360 1676 1955 1753">
     <span class='ocr_line' id='line_1_18' title="bbox 360 1676 1955 1753; baseline -0.004 -15"><span class='ocrx_word' id='word_1_106' title='bbox 360 1699 465 1753; x_wconf 87' lang='lat' dir='ltr'><strong>que</strong></span> <span class='ocrx_word' id='word_1_107' title='bbox 488 1684 539 1737; x_wconf 88' lang='lat' dir='ltr'><strong>in</strong></span> <span class='ocrx_word' id='word_1_108' title='bbox 569 1683 734 1753; x_wconf 82' lang='lat' dir='ltr'><strong>ipsius</strong></span> <span class='ocrx_word' id='word_1_109' title='bbox 755 1681 904 1735; x_wconf 86' lang='lat' dir='ltr'><strong>Pauli</strong></span> <span class='ocrx_word' id='word_1_110' title='bbox 925 1681 1199 1751; x_wconf 86' lang='lat' dir='ltr'><strong>Epistolis,</strong></span> <span class='ocrx_word' id='word_1_111' title='bbox 1237 1696 1301 1734; x_wconf 77' lang='lat' dir='ltr'><strong>ex</strong></span> <span class='ocrx_word' id='word_1_112' title='bbox 1346 1687 1612 1751; x_wconf 67' lang='lat' dir='ltr'><strong>praecepto</strong></span> <span class='ocrx_word' id='word_1_113' title='bbox 1670 1679 1761 1733; x_wconf 87' lang='lat' dir='ltr'><strong>Dei</strong></span> <span class='ocrx_word' id='word_1_114' title='bbox 1807 1676 1955 1732; x_wconf 85' lang='lat' dir='ltr'><strong>inve-</strong></span> 
     </span>
    </p>
   </div>
   <div class='ocr_carea' id='block_1_19' title="bbox 368 1770 1722 1843">
    <p class='ocr_par' dir='ltr' id='par_1_19' title="bbox 368 1770 1722 1843">
     <span class='ocr_line' id='line_1_19' title="bbox 368 1770 1722 1843; baseline -0.004 -15"><span class='ocrx_word' id='word_1_115' title='bbox 368 1775 486 1830; x_wconf 89' lang='lat' dir='ltr'><strong>nias</strong></span> <span class='ocrx_word' id='word_1_116' title='bbox 530 1773 847 1843; x_wconf 83' lang='lat' dir='ltr'><strong>permissam</strong></span> <span class='ocrx_word' id='word_1_117' title='bbox 908 1770 1237 1826; x_wconf 72' lang='lat' dir='ltr'><strong>matrimonii</strong></span> <span class='ocrx_word' id='word_1_118' title='bbox 1310 1772 1722 1840; x_wconf 88' lang='lat' dir='ltr'><strong>separationem.</strong></span> 
     </span>
    </p>
   </div>
   <div class='ocr_carea' id='block_1_20' title="bbox 363 1858 1957 1930">
    <p class='ocr_par' dir='ltr' id='par_1_20' title="bbox 363 1858 1957 1930">
     <span class='ocr_line' id='line_1_20' title="bbox 363 1858 1957 1930; baseline -0.004 -12"><span class='ocrx_word' id='word_1_119' title='bbox 363 1880 528 1918; x_wconf 85' lang='lat' dir='ltr'><strong>ttllttlll</strong></span> <span class='ocrx_word' id='word_1_120' title='bbox 571 1862 875 1917; x_wconf 90' lang='lat' dir='ltr'><strong>habendum</strong></span> <span class='ocrx_word' id='word_1_121' title='bbox 916 1863 1299 1926; x_wconf 87' lang='lat' dir='ltr'><strong>confirmatur;</strong></span> <span class='ocrx_word' id='word_1_122' title='bbox 1346 1861 1467 1930; x_wconf 90' lang='lat' dir='ltr'><strong>quia</strong></span> <span class='ocrx_word' id='word_1_123' title='bbox 1501 1859 1643 1930; x_wconf 86' lang='lat' dir='ltr'><strong>quod</strong></span> <span class='ocrx_word' id='word_1_124' title='bbox 1674 1875 1703 1913; x_wconf 93' lang='lat' dir='ltr'><strong>a</strong></span> <span class='ocrx_word' id='word_1_125' title='bbox 1730 1858 1957 1913; x_wconf 91' lang='lat' dir='ltr'><strong>Domino</strong></span> 
     </span>
    </p>
   </div>
   <div class='ocr_carea' id='block_1_21' title="bbox 366 1949 1956 2025">
    <p class='ocr_par' dir='ltr' id='par_1_21' title="bbox 366 1949 1956 2025">
     <span class='ocr_line' id='line_1_21' title="bbox 366 1949 1956 2025; baseline 0.001 -22"><span class='ocrx_word' id='word_1_126' title='bbox 366 1957 688 2025; x_wconf 87' lang='lat' dir='ltr'><strong>permissum</strong></span> <span class='ocrx_word' id='word_1_127' title='bbox 721 1969 826 2007; x_wconf 91' lang='lat' dir='ltr'><strong>non</strong></span> <span class='ocrx_word' id='word_1_128' title='bbox 856 1953 1143 2018; x_wconf 87' lang='lat' dir='ltr'><strong>invenitur,</strong></span> <span class='ocrx_word' id='word_1_129' title='bbox 1177 1949 1228 2007; x_wconf 90' lang='lat' dir='ltr'><strong>id</strong></span> <span class='ocrx_word' id='word_1_130' title='bbox 1276 1952 1587 2022; x_wconf 80' lang='lat' dir='ltr'><strong>ignoscitur.</strong></span> <span class='ocrx_word' id='word_1_131' title='bbox 1615 1949 1770 2006; x_wconf 85' lang='lat' dir='ltr'><strong>Adde</strong></span> <span class='ocrx_word' id='word_1_132' title='bbox 1815 1949 1956 2020; x_wconf 91' lang='lat' dir='ltr'><strong>quod</strong></span> 
     </span>
    </p>
   </div>
   <div class='ocr_carea' id='block_1_22' title="bbox 363 2044 1958 2116">
    <p class='ocr_par' dir='ltr' id='par_1_22' title="bbox 363 2044 1958 2116">
     <span class='ocr_line' id='line_1_22' title="bbox 363 2044 1958 2116; baseline -0.003 -14"><span class='ocrx_word' id='word_1_133' title='bbox 363 2057 419 2102; x_wconf 86' lang='lat' dir='ltr'><strong>et</strong></span> <span class='ocrx_word' id='word_1_134' title='bbox 469 2046 583 2101; x_wconf 78' lang='lat' dir='ltr'><strong>lucc</strong></span> <span class='ocrx_word' id='word_1_135' title='bbox 633 2047 744 2115; x_wconf 87' lang='lat' dir='ltr'><strong>ipsa</strong></span> <span class='ocrx_word' id='word_1_136' title='bbox 803 2046 1021 2102; x_wconf 87' lang='lat' dir='ltr'><strong>humani</strong></span> <span class='ocrx_word' id='word_1_137' title='bbox 1058 2045 1265 2100; x_wconf 86' lang='lat' dir='ltr'><strong>consilii</strong></span> <span class='ocrx_word' id='word_1_138' title='bbox 1316 2044 1616 2114; x_wconf 86' lang='lat' dir='ltr'><strong>interjectio</strong></span> <span class='ocrx_word' id='word_1_139' title='bbox 1654 2046 1805 2116; x_wconf 89' lang='lat' dir='ltr'><strong>quasi</strong></span> <span class='ocrx_word' id='word_1_140' title='bbox 1846 2044 1958 2115; x_wconf 90' lang='lat' dir='ltr'><strong>jam</strong></span> 
     </span>
    </p>
   </div>
   <div class='ocr_carea' id='block_1_23' title="bbox 369 2138 1959 2211">
    <p class='ocr_par' dir='ltr' id='par_1_23' title="bbox 369 2138 1959 2211">
     <span class='ocr_line' id='line_1_23' title="bbox 369 2138 1959 2211; baseline -0.004 -14"><span class='ocrx_word' id='word_1_141' title='bbox 369 2142 807 2211; x_wconf 85' lang='lat' dir='ltr'><strong>recogitationem</strong></span> <span class='ocrx_word' id='word_1_142' title='bbox 859 2154 1113 2196; x_wconf 43' lang='lat' dir='ltr'><strong>excessus</strong></span> <span class='ocrx_word' id='word_1_143' title='bbox 1135 2138 1217 2194; x_wconf 91' lang='lat' dir='ltr'><strong>sui</strong></span> <span class='ocrx_word' id='word_1_144' title='bbox 1267 2153 1444 2209; x_wconf 87' lang='lat' dir='ltr'><strong>passa,</strong></span> <span class='ocrx_word' id='word_1_145' title='bbox 1496 2139 1676 2193; x_wconf 86' lang='lat' dir='ltr'><strong>statim</strong></span> <span class='ocrx_word' id='word_1_146' title='bbox 1743 2152 1803 2192; x_wconf 88' lang='lat' dir='ltr'><strong>se</strong></span> <span class='ocrx_word' id='word_1_147' title='bbox 1871 2153 1959 2191; x_wconf 90' lang='lat' dir='ltr'><strong>re-</strong></span> 
     </span>
    </p>
   </div>
   <div class='ocr_carea' id='block_1_24' title="bbox 369 2228 1962 2300">
    <p class='ocr_par' dir='ltr' id='par_1_24' title="bbox 369 2228 1962 2300">
     <span class='ocr_line' id='line_1_24' title="bbox 369 2228 1962 2300; baseline -0.003 -14"><span class='ocrx_word' id='word_1_148' title='bbox 369 2235 561 2287; x_wconf 63' lang='lat' dir='ltr'><strong>l’rtenat</strong></span> <span class='ocrx_word' id='word_1_149' title='bbox 624 2242 678 2286; x_wconf 88' lang='lat' dir='ltr'><strong>et</strong></span> <span class='ocrx_word' id='word_1_150' title='bbox 750 2241 966 2287; x_wconf 80' lang='lat' dir='ltr'><strong>revocat</strong></span> <span class='ocrx_word' id='word_1_151' title='bbox 994 2273 1011 2299; x_wconf 94' lang='lat'><strong>,</strong></span> <span class='ocrx_word' id='word_1_152' title='bbox 1059 2246 1179 2285; x_wconf 80' lang='lat' dir='ltr'><strong>cum</strong></span> <span class='ocrx_word' id='word_1_153' title='bbox 1232 2230 1551 2300; x_wconf 76' lang='lat' dir='ltr'><strong>sultjungit:</strong></span> <span class='ocrx_word' id='word_1_154' title='bbox 1604 2228 1962 2283; x_wconf 85' lang='lat' dir='ltr'><strong>Verumtamen</strong></span> 
     </span>
    </p>
   </div>
   <div class='ocr_carea' id='block_1_25' title="bbox 367 2312 1965 2398">
    <p class='ocr_par' dir='ltr' id='par_1_25' title="bbox 367 2312 1965 2398">
     <span class='ocr_line' id='line_1_25' title="bbox 367 2312 1965 2398; baseline -0.004 -18"><span class='ocrx_word' id='word_1_155' title='bbox 367 2312 660 2398; x_wconf 78' lang='lat' dir='ltr'><strong>hujusmodi</strong></span> <span class='ocrx_word' id='word_1_156' title='bbox 684 2367 696 2388; x_wconf 94' lang='lat'><strong>,</strong></span> <span class='ocrx_word' id='word_1_157' title='bbox 727 2340 1018 2396; x_wconf 78' lang='lat' dir='ltr'><strong>prrssurant</strong></span> <span class='ocrx_word' id='word_1_158' title='bbox 1050 2324 1218 2377; x_wconf 78' lang='lat' dir='ltr'><strong>carnis</strong></span> <span class='ocrx_word' id='word_1_159' title='bbox 1265 2321 1556 2385; x_wconf 68' lang='lat' dir='ltr'><strong>habebunt;</strong></span> <span class='ocrx_word' id='word_1_160' title='bbox 1604 2336 1725 2375; x_wconf 91' lang='lat' dir='ltr'><strong>cum</strong></span> <span class='ocrx_word' id='word_1_161' title='bbox 1757 2337 1965 2392; x_wconf 81' lang='lat' dir='ltr'><strong>parcere</strong></span> 
     </span>
    </p>
   </div>
   <div class='ocr_carea' id='block_1_26' title="bbox 369 2412 1960 2487">
    <p class='ocr_par' dir='ltr' id='par_1_26' title="bbox 369 2412 1960 2487">
     <span class='ocr_line' id='line_1_26' title="bbox 369 2412 1960 2487; baseline -0.005 -14"><span class='ocrx_word' id='word_1_162' title='bbox 369 2434 424 2473; x_wconf 83' lang='lat' dir='ltr'><strong>se</strong></span> <span class='ocrx_word' id='word_1_163' title='bbox 448 2419 525 2472; x_wconf 88' lang='lat' dir='ltr'><strong>eis</strong></span> <span class='ocrx_word' id='word_1_164' title='bbox 560 2417 726 2480; x_wconf 89' lang='lat' dir='ltr'><strong>dicit;</strong></span> <span class='ocrx_word' id='word_1_165' title='bbox 779 2432 901 2470; x_wconf 80' lang='lat' dir='ltr'><strong>cum</strong></span> <span class='ocrx_word' id='word_1_166' title='bbox 948 2426 1145 2483; x_wconf 79' lang='lat' dir='ltr'><strong>tempus</strong></span> <span class='ocrx_word' id='word_1_167' title='bbox 1189 2415 1241 2468; x_wconf 88' lang='lat' dir='ltr'><strong>in</strong></span> <span class='ocrx_word' id='word_1_168' title='bbox 1290 2412 1554 2467; x_wconf 77' lang='lat' dir='ltr'><strong>collectum</strong></span> <span class='ocrx_word' id='word_1_169' title='bbox 1582 2414 1664 2487; x_wconf 78' lang='lat'><strong>(‘5)</strong></span> <span class='ocrx_word' id='word_1_170' title='bbox 1692 2430 1798 2469; x_wconf 77' lang='lat' dir='ltr'><strong>esse</strong></span> <span class='ocrx_word' id='word_1_171' title='bbox 1824 2413 1960 2482; x_wconf 87' lang='lat' dir='ltr'><strong>adji-</strong></span> 
     </span>
    </p>
   </div>
   <div class='ocr_carea' id='block_1_27' title="bbox 370 2504 1965 2578">
    <p class='ocr_par' dir='ltr' id='par_1_27' title="bbox 370 2504 1965 2578">
     <span class='ocr_line' id='line_1_27' title="bbox 370 2504 1965 2578; baseline -0.003 -15"><span class='ocrx_word' id='word_1_172' title='bbox 370 2510 477 2573; x_wconf 86' lang='lat' dir='ltr'><strong>cit,</strong></span> <span class='ocrx_word' id='word_1_173' title='bbox 505 2522 612 2578; x_wconf 92' lang='lat' dir='ltr'><strong>quo</strong></span> <span class='ocrx_word' id='word_1_174' title='bbox 642 2514 888 2577; x_wconf 88' lang='lat' dir='ltr'><strong>oporteat</strong></span> <span class='ocrx_word' id='word_1_175' title='bbox 926 2507 1086 2561; x_wconf 89' lang='lat' dir='ltr'><strong>etiam</strong></span> <span class='ocrx_word' id='word_1_176' title='bbox 1118 2504 1354 2558; x_wconf 87' lang='lat' dir='ltr'><strong>habentes</strong></span> <span class='ocrx_word' id='word_1_177' title='bbox 1394 2506 1714 2559; x_wconf 85' lang='lat' dir='ltr'><strong>matrimonia</strong></span> <span class='ocrx_word' id='word_1_178' title='bbox 1741 2521 1834 2574; x_wconf 83' lang='lat' dir='ltr'><strong>pro</strong></span> <span class='ocrx_word' id='word_1_179' title='bbox 1864 2520 1965 2559; x_wconf 88' lang='lat' dir='ltr'><strong>non</strong></span> 
     </span>
    </p>
   </div>
   <div class='ocr_carea' id='block_1_28' title="bbox 360 2596 1967 2673">
    <p class='ocr_par' dir='ltr' id='par_1_28' title="bbox 360 2596 1967 2673">
     <span class='ocr_line' id='line_1_28' title="bbox 360 2596 1967 2673; baseline -0.003 -16"><span class='ocrx_word' id='word_1_180' title='bbox 360 2602 668 2658; x_wconf 78' lang='lat' dir='ltr'><strong>habentibus</strong></span> <span class='ocrx_word' id='word_1_181' title='bbox 709 2615 902 2673; x_wconf 82' lang='lat' dir='ltr'><strong>agere:</strong></span> <span class='ocrx_word' id='word_1_182' title='bbox 957 2615 1079 2654; x_wconf 92' lang='lat' dir='ltr'><strong>cum</strong></span> <span class='ocrx_word' id='word_1_183' title='bbox 1125 2596 1546 2652; x_wconf 87' lang='lat' dir='ltr'><strong>sollicitudinem</strong></span> <span class='ocrx_word' id='word_1_184' title='bbox 1601 2606 1967 2668; x_wconf 89' lang='lat' dir='ltr'><strong>nuptorumct</strong></span> 
     </span>
    </p>
   </div>
   <div class='ocr_carea' id='block_1_29' title="bbox 373 2690 1968 2767">
    <p class='ocr_par' dir='ltr' id='par_1_29' title="bbox 373 2690 1968 2767">
     <span class='ocr_line' id='line_1_29' title="bbox 373 2690 1968 2767; baseline -0.004 -16"><span class='ocrx_word' id='word_1_185' title='bbox 373 2697 717 2767; x_wconf 86' lang='lat' dir='ltr'><strong>innuptorum</strong></span> <span class='ocrx_word' id='word_1_186' title='bbox 738 2694 816 2767; x_wconf 82' lang='lat' dir='ltr'><strong>(t)</strong></span> <span class='ocrx_word' id='word_1_187' title='bbox 840 2691 1144 2747; x_wconf 82' lang='lat' dir='ltr'><strong>committit.</strong></span> <span class='ocrx_word' id='word_1_188' title='bbox 1175 2692 1276 2747; x_wconf 77' lang='lat' dir='ltr'><strong>l‘er</strong></span> <span class='ocrx_word' id='word_1_189' title='bbox 1302 2693 1415 2746; x_wconf 74' lang='lat' dir='ltr'><strong>hzec</strong></span> <span class='ocrx_word' id='word_1_190' title='bbox 1439 2690 1583 2746; x_wconf 89' lang='lat' dir='ltr'><strong>enim</strong></span> <span class='ocrx_word' id='word_1_191' title='bbox 1606 2690 1808 2745; x_wconf 91' lang='lat' dir='ltr'><strong>docens</strong></span> <span class='ocrx_word' id='word_1_192' title='bbox 1827 2733 1843 2755; x_wconf 88' lang='lat'><strong>,</strong></span> <span class='ocrx_word' id='word_1_193' title='bbox 1870 2704 1968 2745; x_wconf 91' lang='lat' dir='ltr'><strong>cur</strong></span> 
     </span>
    </p>
   </div>
   <div class='ocr_carea' id='block_1_30' title="bbox 376 2783 1970 2858">
    <p class='ocr_par' dir='ltr' id='par_1_30' title="bbox 376 2783 1970 2858">
     <span class='ocr_line' id='line_1_30' title="bbox 376 2783 1970 2858; baseline -0.004 -14"><span class='ocrx_word' id='word_1_194' title='bbox 376 2805 483 2844; x_wconf 92' lang='lat' dir='ltr'><strong>non</strong></span> <span class='ocrx_word' id='word_1_195' title='bbox 509 2787 758 2858; x_wconf 86' lang='lat' dir='ltr'><strong>expediat</strong></span> <span class='ocrx_word' id='word_1_196' title='bbox 781 2786 984 2841; x_wconf 88' lang='lat' dir='ltr'><strong>nubere</strong></span> <span class='ocrx_word' id='word_1_197' title='bbox 1009 2828 1022 2851; x_wconf 90' lang='lat'><strong>,</strong></span> <span class='ocrx_word' id='word_1_198' title='bbox 1054 2784 1329 2840; x_wconf 79' lang='lat' dir='ltr'><strong>dissuadet</strong></span> <span class='ocrx_word' id='word_1_199' title='bbox 1354 2785 1509 2839; x_wconf 91' lang='lat' dir='ltr'><strong>abeo</strong></span> <span class='ocrx_word' id='word_1_200' title='bbox 1529 2783 1671 2853; x_wconf 91' lang='lat' dir='ltr'><strong>quod</strong></span> <span class='ocrx_word' id='word_1_201' title='bbox 1699 2797 1858 2855; x_wconf 86' lang='lat' dir='ltr'><strong>supra</strong></span> <span class='ocrx_word' id='word_1_202' title='bbox 1888 2784 1970 2839; x_wconf 91' lang='lat' dir='ltr'><strong>in-</strong></span> 
     </span>
    </p>
   </div>
   <div class='ocr_carea' id='block_1_31' title="bbox 373 2875 1967 2946">
    <p class='ocr_par' dir='ltr' id='par_1_31' title="bbox 373 2875 1967 2946">
     <span class='ocr_line' id='line_1_31' title="bbox 373 2875 1967 2946; baseline -0.003 -11"><span class='ocrx_word' id='word_1_203' title='bbox 373 2881 632 2936; x_wconf 79' lang='lat' dir='ltr'><strong>dulserat.</strong></span> <span class='ocrx_word' id='word_1_204' title='bbox 662 2879 728 2934; x_wconf 87' lang='lat' dir='ltr'><strong>Et</strong></span> <span class='ocrx_word' id='word_1_205' title='bbox 757 2878 859 2933; x_wconf 93' lang='lat' dir='ltr'><strong>hoc</strong></span> <span class='ocrx_word' id='word_1_206' title='bbox 898 2877 965 2933; x_wconf 89' lang='lat' dir='ltr'><strong>de</strong></span> <span class='ocrx_word' id='word_1_207' title='bbox 1008 2877 1179 2946; x_wconf 88' lang='lat' dir='ltr'><strong>primo</strong></span> <span class='ocrx_word' id='word_1_208' title='bbox 1207 2875 1588 2941; x_wconf 88' lang='lat' dir='ltr'><strong>matrimonio;</strong></span> <span class='ocrx_word' id='word_1_209' title='bbox 1618 2884 1820 2946; x_wconf 89' lang='lat' dir='ltr'><strong>quanto</strong></span> <span class='ocrx_word' id='word_1_210' title='bbox 1849 2890 1967 2930; x_wconf 88' lang='lat' dir='ltr'><strong>ma-</strong></span> 
     </span>
    </p>
   </div>
   <div class='ocr_carea' id='block_1_32' title="bbox 375 2968 1969 3046">
    <p class='ocr_par' dir='ltr' id='par_1_32' title="bbox 375 2968 1969 3046">
     <span class='ocr_line' id='line_1_32' title="bbox 375 2968 1969 3046; baseline -0.004 -17"><span class='ocrx_word' id='word_1_211' title='bbox 375 2976 458 3046; x_wconf 91' lang='lat' dir='ltr'><strong>gis</strong></span> <span class='ocrx_word' id='word_1_212' title='bbox 501 2974 569 3029; x_wconf 91' lang='lat' dir='ltr'><strong>de</strong></span> <span class='ocrx_word' id='word_1_213' title='bbox 614 2970 896 3028; x_wconf 87' lang='lat' dir='ltr'><strong>secundo?</strong></span> <span class='ocrx_word' id='word_1_214' title='bbox 953 2970 1027 3046; x_wconf 91' lang='lat' dir='ltr'><strong>(a)</strong></span> <span class='ocrx_word' id='word_1_215' title='bbox 1059 2970 1192 3024; x_wconf 85' lang='lat' dir='ltr'><strong>Cum</strong></span> <span class='ocrx_word' id='word_1_216' title='bbox 1234 2983 1363 3024; x_wconf 85' lang='lat' dir='ltr'><strong>vero</strong></span> <span class='ocrx_word' id='word_1_217' title='bbox 1409 2983 1505 3022; x_wconf 92' lang='lat' dir='ltr'><strong>nos</strong></span> <span class='ocrx_word' id='word_1_218' title='bbox 1551 2969 1617 3023; x_wconf 90' lang='lat' dir='ltr'><strong>ad</strong></span> <span class='ocrx_word' id='word_1_219' title='bbox 1663 2968 1969 3039; x_wconf 84' lang='lat' dir='ltr'><strong>exemplum</strong></span> 
     </span>
    </p>
   </div>
   <div class='ocr_carea' id='block_1_33' title="bbox 378 3060 1967 3134">
    <p class='ocr_par' dir='ltr' id='par_1_33' title="bbox 378 3060 1967 3134">
     <span class='ocr_line' id='line_1_33' title="bbox 378 3060 1967 3134; baseline -0.003 -13"><span class='ocrx_word' id='word_1_220' title='bbox 378 3082 534 3121; x_wconf 77' lang='lat' dir='ltr'><strong>stium</strong></span> <span class='ocrx_word' id='word_1_221' title='bbox 565 3064 831 3130; x_wconf 87' lang='lat' dir='ltr'><strong>hortatur,</strong></span> <span class='ocrx_word' id='word_1_222' title='bbox 864 3064 1046 3134; x_wconf 78' lang='lat' dir='ltr'><strong>utique</strong></span> <span class='ocrx_word' id='word_1_223' title='bbox 1072 3062 1364 3117; x_wconf 89' lang='lat' dir='ltr'><strong>ostendens</strong></span> <span class='ocrx_word' id='word_1_224' title='bbox 1389 3060 1516 3132; x_wconf 92' lang='lat' dir='ltr'><strong>quid</strong></span> <span class='ocrx_word' id='word_1_225' title='bbox 1544 3060 1802 3115; x_wconf 70' lang='lat' dir='ltr'><strong>tt05?\&#39;elit</strong></span> <span class='ocrx_word' id='word_1_226' title='bbox 1826 3074 1967 3126; x_wconf 88' lang='lat' dir='ltr'><strong>esse,</strong></span> 
     </span>
    </p>
   </div>
   <div class='ocr_carea' id='block_1_34' title="bbox 2058 478 3659 550">
    <p class='ocr_par' dir='ltr' id='par_1_34' title="bbox 2058 478 3659 550">
     <span class='ocr_line' id='line_1_34' title="bbox 2058 478 3659 550; baseline 0.001 -19"><span class='ocrx_word' id='word_1_227' title='bbox 2058 493 2246 533; x_wconf 88' lang='lat' dir='ltr'><strong>onmes</strong></span> <span class='ocrx_word' id='word_1_228' title='bbox 2295 478 2481 533; x_wconf 87' lang='lat' dir='ltr'><strong>fideles</strong></span> <span class='ocrx_word' id='word_1_229' title='bbox 2530 479 2788 547; x_wconf 77' lang='lat' dir='ltr'><strong>Apostoli.</strong></span> <span class='ocrx_word' id='word_1_230' title='bbox 2839 478 2975 533; x_wconf 89' lang='lat' dir='ltr'><strong>Cum</strong></span> <span class='ocrx_word' id='word_1_231' title='bbox 3024 494 3155 549; x_wconf 86' lang='lat' dir='ltr'><strong>ergo</strong></span> <span class='ocrx_word' id='word_1_232' title='bbox 3201 481 3290 550; x_wconf 89' lang='lat' dir='ltr'><strong>qui</strong></span> <span class='ocrx_word' id='word_1_233' title='bbox 3329 496 3388 536; x_wconf 82' lang='lat' dir='ltr'><strong>se</strong></span> <span class='ocrx_word' id='word_1_234' title='bbox 3442 480 3659 535; x_wconf 81' lang='lat' dir='ltr'><strong>fidelem</strong></span> 
     </span>
    </p>
   </div>
   <div class='ocr_carea' id='block_1_35' title="bbox 2057 570 3659 642">
    <p class='ocr_par' dir='ltr' id='par_1_35' title="bbox 2057 570 3659 642">
     <span class='ocr_line' id='line_1_35' title="bbox 2057 570 3659 642; baseline 0.001 -16"><span class='ocrx_word' id='word_1_235' title='bbox 2057 570 2266 626; x_wconf 78' lang='lat' dir='ltr'><strong>dixerat</strong></span> <span class='ocrx_word' id='word_1_236' title='bbox 2293 571 2376 642; x_wconf 86' lang='lat'><strong>(7)</strong></span> <span class='ocrx_word' id='word_1_237' title='bbox 2402 613 2416 634; x_wconf 90' lang='lat'><strong>,</strong></span> <span class='ocrx_word' id='word_1_238' title='bbox 2447 570 2644 640; x_wconf 82' lang='lat' dir='ltr'><strong>adjecit</strong></span> <span class='ocrx_word' id='word_1_239' title='bbox 2676 579 2858 641; x_wconf 87' lang='lat' dir='ltr'><strong>postea</strong></span> <span class='ocrx_word' id='word_1_240' title='bbox 2885 612 2899 637; x_wconf 93' lang='lat'><strong>,</strong></span> <span class='ocrx_word' id='word_1_241' title='bbox 2934 570 3191 640; x_wconf 88' lang='lat' dir='ltr'><strong>Spiritum</strong></span> <span class='ocrx_word' id='word_1_242' title='bbox 3227 573 3320 627; x_wconf 88' lang='lat' dir='ltr'><strong>Dei</strong></span> <span class='ocrx_word' id='word_1_243' title='bbox 3342 588 3403 629; x_wconf 91' lang='lat' dir='ltr'><strong>se</strong></span> <span class='ocrx_word' id='word_1_244' title='bbox 3432 572 3659 638; x_wconf 83' lang='lat' dir='ltr'><strong>habere,</strong></span> 
     </span>
    </p>
   </div>
   <div class='ocr_carea' id='block_1_36' title="bbox 2057 663 3656 734">
    <p class='ocr_par' dir='ltr' id='par_1_36' title="bbox 2057 663 3656 734">
     <span class='ocr_line' id='line_1_36' title="bbox 2057 663 3656 734; baseline -0.001 -16"><span class='ocrx_word' id='word_1_245' title='bbox 2057 664 2197 734; x_wconf 88' lang='lat' dir='ltr'><strong>quod</strong></span> <span class='ocrx_word' id='word_1_246' title='bbox 2226 677 2383 719; x_wconf 92' lang='lat' dir='ltr'><strong>nemo</strong></span> <span class='ocrx_word' id='word_1_247' title='bbox 2403 663 2674 720; x_wconf 86' lang='lat' dir='ltr'><strong>dubitaret</strong></span> <span class='ocrx_word' id='word_1_248' title='bbox 2691 664 2852 719; x_wconf 85' lang='lat' dir='ltr'><strong>etiam</strong></span> <span class='ocrx_word' id='word_1_249' title='bbox 2871 663 2939 720; x_wconf 88' lang='lat' dir='ltr'><strong>de</strong></span> <span class='ocrx_word' id='word_1_250' title='bbox 2966 664 3107 719; x_wconf 84' lang='lat' dir='ltr'><strong>ﬁdeli</strong></span> <span class='ocrx_word' id='word_1_251' title='bbox 3133 681 3150 731; x_wconf 85' lang='lat'><strong>;</strong></span> <span class='ocrx_word' id='word_1_252' title='bbox 3178 665 3378 721; x_wconf 85' lang='lat' dir='ltr'><strong>idcirco</strong></span> <span class='ocrx_word' id='word_1_253' title='bbox 3410 664 3463 721; x_wconf 88' lang='lat' dir='ltr'><strong>id</strong></span> <span class='ocrx_word' id='word_1_254' title='bbox 3495 664 3656 731; x_wconf 73' lang='lat' dir='ltr'><strong>dixit,</strong></span> 
     </span>
    </p>
   </div>
   <div class='ocr_carea' id='block_1_37' title="bbox 2059 754 3662 833">
    <p class='ocr_par' dir='ltr' id='par_1_37' title="bbox 2059 754 3662 833">
     <span class='ocr_line' id='line_1_37' title="bbox 2059 754 3662 833; baseline 0.001 -23"><span class='ocrx_word' id='word_1_255' title='bbox 2059 763 2117 810; x_wconf 88' lang='lat' dir='ltr'><strong>ttt</strong></span> <span class='ocrx_word' id='word_1_256' title='bbox 2163 755 2265 811; x_wconf 91' lang='lat' dir='ltr'><strong>sibi</strong></span> <span class='ocrx_word' id='word_1_257' title='bbox 2312 754 2552 825; x_wconf 82' lang='lat' dir='ltr'><strong>Apostoli</strong></span> <span class='ocrx_word' id='word_1_258' title='bbox 2602 754 2871 833; x_wconf 76' lang='lat' dir='ltr'><strong>fastigium</strong></span> <span class='ocrx_word' id='word_1_259' title='bbox 2924 755 3194 812; x_wconf 86' lang='lat' dir='ltr'><strong>redderet.</strong></span> <span class='ocrx_word' id='word_1_260' title='bbox 3241 756 3469 829; x_wconf 83' lang='lat' dir='ltr'><strong>Proprie</strong></span> <span class='ocrx_word' id='word_1_261' title='bbox 3513 756 3662 812; x_wconf 88' lang='lat' dir='ltr'><strong>enim</strong></span> 
     </span>
    </p>
   </div>
   <div class='ocr_carea' id='block_1_38' title="bbox 2058 845 3661 922">
    <p class='ocr_par' dir='ltr' id='par_1_38' title="bbox 2058 845 3661 922">
     <span class='ocr_line' id='line_1_38' title="bbox 2058 845 3661 922; baseline -0.002 -15"><span class='ocrx_word' id='word_1_262' title='bbox 2058 851 2300 921; x_wconf 73' lang='lat' dir='ltr'><strong>Apes-teli</strong></span> <span class='ocrx_word' id='word_1_263' title='bbox 2340 845 2602 922; x_wconf 84' lang='lat' dir='ltr'><strong>Spiritum</strong></span> <span class='ocrx_word' id='word_1_264' title='bbox 2645 850 2902 906; x_wconf 87' lang='lat' dir='ltr'><strong>Sanctum</strong></span> <span class='ocrx_word' id='word_1_265' title='bbox 2936 850 3134 905; x_wconf 92' lang='lat' dir='ltr'><strong>habent</strong></span> <span class='ocrx_word' id='word_1_266' title='bbox 3167 851 3220 904; x_wconf 93' lang='lat' dir='ltr'><strong>in</strong></span> <span class='ocrx_word' id='word_1_267' title='bbox 3246 851 3501 922; x_wconf 86' lang='lat' dir='ltr'><strong>operibus</strong></span> <span class='ocrx_word' id='word_1_268' title='bbox 3530 865 3661 920; x_wconf 78' lang='lat' dir='ltr'><strong>pro-</strong></span> 
     </span>
    </p>
   </div>
   <div class='ocr_carea' id='block_1_39' title="bbox 2059 940 3661 1016">
    <p class='ocr_par' dir='ltr' id='par_1_39' title="bbox 2059 940 3661 1016">
     <span class='ocr_line' id='line_1_39' title="bbox 2059 940 3661 1016; baseline -0.004 -17"><span class='ocrx_word' id='word_1_269' title='bbox 2059 943 2252 1016; x_wconf 69' lang='lat' dir='ltr'><strong>pbetia:</strong></span> <span class='ocrx_word' id='word_1_270' title='bbox 2278 953 2333 998; x_wconf 91' lang='lat' dir='ltr'><strong>et</strong></span> <span class='ocrx_word' id='word_1_271' title='bbox 2359 943 2601 998; x_wconf 82' lang='lat' dir='ltr'><strong>efﬁcacia</strong></span> <span class='ocrx_word' id='word_1_272' title='bbox 2645 943 2901 998; x_wconf 89' lang='lat' dir='ltr'><strong>virtutmn</strong></span> <span class='ocrx_word' id='word_1_273' title='bbox 2925 984 2941 1009; x_wconf 91' lang='lat'><strong>,</strong></span> <span class='ocrx_word' id='word_1_274' title='bbox 2969 942 3421 1012; x_wconf 87' lang='lat' dir='ltr'><strong>documentisque</strong></span> <span class='ocrx_word' id='word_1_275' title='bbox 3447 940 3661 1010; x_wconf 84' lang='lat' dir='ltr'><strong>lingua-</strong></span> 
     </span>
    </p>
   </div>
   <div class='ocr_carea' id='block_1_40' title="bbox 2060 1033 3666 1108">
    <p class='ocr_par' dir='ltr' id='par_1_40' title="bbox 2060 1033 3666 1108">
     <span class='ocr_line' id='line_1_40' title="bbox 2060 1033 3666 1108; baseline -0.004 -15"><span class='ocrx_word' id='word_1_276' title='bbox 2060 1053 2178 1093; x_wconf 88' lang='lat' dir='ltr'><strong>rum</strong></span> <span class='ocrx_word' id='word_1_277' title='bbox 2208 1035 2290 1106; x_wconf 91' lang='lat'><strong>(8)</strong></span> <span class='ocrx_word' id='word_1_278' title='bbox 2315 1076 2331 1098; x_wconf 88' lang='lat'><strong>.</strong></span> <span class='ocrx_word' id='word_1_279' title='bbox 2353 1051 2457 1092; x_wconf 91' lang='lat' dir='ltr'><strong>non</strong></span> <span class='ocrx_word' id='word_1_280' title='bbox 2489 1033 2572 1108; x_wconf 91' lang='lat'><strong>(9)</strong></span> <span class='ocrx_word' id='word_1_281' title='bbox 2601 1050 2670 1091; x_wconf 74' lang='lat' dir='ltr'><strong>ex</strong></span> <span class='ocrx_word' id='word_1_282' title='bbox 2697 1042 2849 1106; x_wconf 86' lang='lat' dir='ltr'><strong>parte</strong></span> <span class='ocrx_word' id='word_1_283' title='bbox 2868 1074 2884 1100; x_wconf 85' lang='lat'><strong>,</strong></span> <span class='ocrx_word' id='word_1_284' title='bbox 2912 1034 3055 1106; x_wconf 87' lang='lat' dir='ltr'><strong>quod</strong></span> <span class='ocrx_word' id='word_1_285' title='bbox 3083 1033 3288 1090; x_wconf 78' lang='lat' dir='ltr'><strong>czeteri.</strong></span> <span class='ocrx_word' id='word_1_286' title='bbox 3323 1033 3396 1088; x_wconf 88' lang='lat' dir='ltr'><strong>Ita</strong></span> <span class='ocrx_word' id='word_1_287' title='bbox 3429 1033 3666 1103; x_wconf 82' lang='lat' dir='ltr'><strong>Spiritus</strong></span> 
     </span>
    </p>
   </div>
   <div class='ocr_carea' id='block_1_41' title="bbox 2058 1126 3663 1198">
    <p class='ocr_par' dir='ltr' id='par_1_41' title="bbox 2058 1126 3663 1198">
     <span class='ocr_line' id='line_1_41' title="bbox 2058 1126 3663 1198; baseline -0.004 -13"><span class='ocrx_word' id='word_1_288' title='bbox 2058 1128 2242 1185; x_wconf 89' lang='lat' dir='ltr'><strong>Sancti</strong></span> <span class='ocrx_word' id='word_1_289' title='bbox 2269 1129 2644 1187; x_wconf 83' lang='lat' dir='ltr'><strong>auctoritatem</strong></span> <span class='ocrx_word' id='word_1_290' title='bbox 2676 1128 2743 1183; x_wconf 89' lang='lat' dir='ltr'><strong>ad</strong></span> <span class='ocrx_word' id='word_1_291' title='bbox 2771 1143 2890 1182; x_wconf 89' lang='lat' dir='ltr'><strong>eam</strong></span> <span class='ocrx_word' id='word_1_292' title='bbox 2913 1128 3031 1198; x_wconf 86' lang='grc'><strong>(10)</strong></span> <span class='ocrx_word' id='word_1_293' title='bbox 3064 1128 3300 1198; x_wconf 90' lang='lat' dir='ltr'><strong>speciem</strong></span> <span class='ocrx_word' id='word_1_294' title='bbox 3322 1127 3473 1182; x_wconf 87' lang='lat' dir='ltr'><strong>adire</strong></span> <span class='ocrx_word' id='word_1_295' title='bbox 3504 1126 3663 1191; x_wconf 87' lang='lat' dir='ltr'><strong>fecit,</strong></span> 
     </span>
    </p>
   </div>
   <div class='ocr_carea' id='block_1_42' title="bbox 2059 1218 3681 1293">
    <p class='ocr_par' dir='ltr' id='par_1_42' title="bbox 2059 1218 3681 1293">
     <span class='ocr_line' id='line_1_42' title="bbox 2059 1218 3681 1293; baseline -0.004 -15"><span class='ocrx_word' id='word_1_296' title='bbox 2059 1223 2144 1278; x_wconf 92' lang='lat' dir='ltr'><strong>cui</strong></span> <span class='ocrx_word' id='word_1_297' title='bbox 2173 1237 2275 1277; x_wconf 89' lang='lat' dir='ltr'><strong>nos</strong></span> <span class='ocrx_word' id='word_1_298' title='bbox 2305 1223 2475 1291; x_wconf 80' lang='lat' dir='ltr'><strong>magis</strong></span> <span class='ocrx_word' id='word_1_299' title='bbox 2502 1221 2724 1293; x_wconf 72' lang='lat' dir='ltr'><strong>(let‘fllli</strong></span> <span class='ocrx_word' id='word_1_300' title='bbox 2759 1221 2928 1276; x_wconf 91' lang='lat' dir='ltr'><strong>voluit</strong></span> <span class='ocrx_word' id='word_1_301' title='bbox 2955 1237 2972 1287; x_wconf 88' lang='lat'><strong>;</strong></span> <span class='ocrx_word' id='word_1_302' title='bbox 2999 1229 3056 1275; x_wconf 87' lang='lat' dir='ltr'><strong>et</strong></span> <span class='ocrx_word' id='word_1_303' title='bbox 3089 1220 3283 1275; x_wconf 89' lang='lat' dir='ltr'><strong>factum</strong></span> <span class='ocrx_word' id='word_1_304' title='bbox 3307 1229 3389 1275; x_wconf 90' lang='lat' dir='ltr'><strong>est</strong></span> <span class='ocrx_word' id='word_1_305' title='bbox 3414 1218 3523 1289; x_wconf 91' lang='lat' dir='ltr'><strong>jam</strong></span> <span class='ocrx_word' id='word_1_306' title='bbox 3551 1234 3681 1273; x_wconf 82' lang='lat' dir='ltr'><strong>non.</strong></span> 
     </span>
    </p>
   </div>
   <div class='ocr_carea' id='block_1_43' title="bbox 2058 1313 3667 1387">
    <p class='ocr_par' dir='ltr' id='par_1_43' title="bbox 2058 1313 3667 1387">
     <span class='ocr_line' id='line_1_43' title="bbox 2058 1313 3667 1387; baseline -0.002 -16"><span class='ocrx_word' id='word_1_307' title='bbox 2058 1317 2341 1371; x_wconf 90' lang='lat' dir='ltr'><strong>consilium</strong></span> <span class='ocrx_word' id='word_1_308' title='bbox 2386 1315 2553 1371; x_wconf 85' lang='lat' dir='ltr'><strong>divini</strong></span> <span class='ocrx_word' id='word_1_309' title='bbox 2599 1314 2833 1387; x_wconf 83' lang='lat' dir='ltr'><strong>Spiritus</strong></span> <span class='ocrx_word' id='word_1_310' title='bbox 2862 1358 2878 1382; x_wconf 91' lang='lat'><strong>,</strong></span> <span class='ocrx_word' id='word_1_311' title='bbox 2921 1313 3018 1370; x_wconf 88' lang='lat' dir='ltr'><strong>sed</strong></span> <span class='ocrx_word' id='word_1_312' title='bbox 3064 1328 3168 1386; x_wconf 87' lang='lat' dir='ltr'><strong>pro</strong></span> <span class='ocrx_word' id='word_1_313' title='bbox 3212 1313 3331 1386; x_wconf 83' lang='lat' dir='ltr'><strong>ejus</strong></span> <span class='ocrx_word' id='word_1_314' title='bbox 3380 1313 3667 1383; x_wconf 83' lang='lat' dir='ltr'><strong>majestate</strong></span> 
     </span>
    </p>
   </div>
   <div class='ocr_carea' id='block_1_44' title="bbox 2060 1418 2406 1479">
    <p class='ocr_par' dir='ltr' id='par_1_44' title="bbox 2060 1418 2406 1479">
     <span class='ocr_line' id='line_1_44' title="bbox 2060 1418 2406 1479; baseline 0 -14"><span class='ocrx_word' id='word_1_315' title='bbox 2060 1418 2406 1479; x_wconf 74' lang='lat' dir='ltr'><strong>praeceptum.</strong></span> 
     </span>
    </p>
   </div>
   <div class='ocr_carea' id='block_1_45' title="bbox 2693 1495 3029 1554">
    <p class='ocr_par' dir='ltr' id='par_1_45' title="bbox 2693 1495 3029 1554">
     <span class='ocr_line' id='line_1_45' title="bbox 2693 1495 3029 1554; baseline 0 -1"><span class='ocrx_word' id='word_1_316' title='bbox 2693 1495 2925 1554; x_wconf 82' lang='lat' dir='ltr'><strong>CAPUT</strong></span> <span class='ocrx_word' id='word_1_317' title='bbox 2967 1497 3029 1553; x_wconf 84' lang='lat' dir='ltr'><strong>V.</strong></span> 
     </span>
    </p>
   </div>
   <div class='ocr_carea' id='block_1_46' title="bbox 2107 1586 3669 1662">
    <p class='ocr_par' dir='ltr' id='par_1_46' title="bbox 2107 1586 3669 1662">
     <span class='ocr_line' id='line_1_46' title="bbox 2107 1586 3669 1662; baseline -0.002 -16"><span class='ocrx_word' id='word_1_318' title='bbox 2107 1647 2113 1653; x_wconf 72' lang='grc'><em>,</em></span> <span class='ocrx_word' id='word_1_319' title='bbox 2132 1590 2212 1646; x_wconf 77' lang='lat' dir='ltr'><strong>Ad</strong></span> <span class='ocrx_word' id='word_1_320' title='bbox 2234 1591 2405 1662; x_wconf 88' lang='lat' dir='ltr'><strong>legem</strong></span> <span class='ocrx_word' id='word_1_321' title='bbox 2425 1588 2594 1646; x_wconf 91' lang='lat' dir='ltr'><strong>semel</strong></span> <span class='ocrx_word' id='word_1_322' title='bbox 2610 1589 2841 1645; x_wconf 90' lang='lat' dir='ltr'><strong>nubendi</strong></span> <span class='ocrx_word' id='word_1_323' title='bbox 2865 1588 3197 1661; x_wconf 83' lang='lat' dir='ltr'><strong>dirigendam</strong></span> <span class='ocrx_word' id='word_1_324' title='bbox 3217 1586 3361 1660; x_wconf 83' lang='grc'><strong>(11),</strong></span> <span class='ocrx_word' id='word_1_325' title='bbox 3380 1589 3491 1658; x_wconf 86' lang='lat' dir='ltr'><strong>ipsa</strong></span> <span class='ocrx_word' id='word_1_326' title='bbox 3508 1588 3669 1658; x_wconf 90' lang='lat' dir='ltr'><strong>origo</strong></span> 
     </span>
    </p>
   </div>
   <div class='ocr_carea' id='block_1_47' title="bbox 2061 1678 3665 1753">
    <p class='ocr_par' dir='ltr' id='par_1_47' title="bbox 2061 1678 3665 1753">
     <span class='ocr_line' id='line_1_47' title="bbox 2061 1678 3665 1753; baseline -0.003 -15"><span class='ocrx_word' id='word_1_327' title='bbox 2061 1683 2278 1739; x_wconf 87' lang='lat' dir='ltr'><strong>humani</strong></span> <span class='ocrx_word' id='word_1_328' title='bbox 2325 1683 2539 1753; x_wconf 83' lang='lat' dir='ltr'><strong>generis</strong></span> <span class='ocrx_word' id='word_1_329' title='bbox 2584 1680 2970 1752; x_wconf 63' lang='lat' dir='ltr'><strong>patrm&#39;iuatur,</strong></span> <span class='ocrx_word' id='word_1_330' title='bbox 3023 1689 3335 1735; x_wconf 83' lang='lat' dir='ltr'><strong>contestans</strong></span> <span class='ocrx_word' id='word_1_331' title='bbox 3358 1678 3485 1750; x_wconf 88' lang='lat' dir='ltr'><strong>quid</strong></span> <span class='ocrx_word' id='word_1_332' title='bbox 3520 1679 3665 1734; x_wconf 85' lang='lat' dir='ltr'><strong>Deus</strong></span> 
     </span>
    </p>
   </div>
   <div class='ocr_carea' id='block_1_48' title="bbox 1803 1766 3668 1846">
    <p class='ocr_par' dir='ltr' id='par_1_48' title="bbox 1803 1766 3668 1846">
     <span class='ocr_line' id='line_1_48' title="bbox 1803 1766 3668 1846; baseline -0.005 -12"><span class='ocrx_word' id='word_1_333' title='bbox 1803 1766 1955 1823; x_wconf 71' lang='grc' dir='ltr'>υιιάο</span> <span class='ocrx_word' id='word_1_334' title='bbox 1987 1784 2034 1843; x_wconf 88' lang='grc' dir='ltr'><strong>Β</strong></span> <span class='ocrx_word' id='word_1_335' title='bbox 2062 1778 2115 1833; x_wconf 91' lang='lat' dir='ltr'><strong>in</strong></span> <span class='ocrx_word' id='word_1_336' title='bbox 2146 1775 2439 1846; x_wconf 86' lang='lat' dir='ltr'><strong>primordio</strong></span> <span class='ocrx_word' id='word_1_337' title='bbox 2469 1773 2585 1846; x_wconf 72' lang='lat' dir='ltr'><strong>(l2)</strong></span> <span class='ocrx_word' id='word_1_338' title='bbox 2611 1773 2981 1841; x_wconf 86' lang='lat' dir='ltr'><strong>constituerit,</strong></span> <span class='ocrx_word' id='word_1_339' title='bbox 3015 1773 3066 1827; x_wconf 87' lang='lat' dir='ltr'><strong>itt</strong></span> <span class='ocrx_word' id='word_1_340' title='bbox 3098 1771 3320 1827; x_wconf 86' lang='lat' dir='ltr'><strong>formam</strong></span> <span class='ocrx_word' id='word_1_341' title='bbox 3364 1769 3668 1841; x_wconf 86' lang='lat' dir='ltr'><strong>posteritati</strong></span> 
     </span>
    </p>
   </div>
   <div class='ocr_carea' id='block_1_49' title="bbox 2063 1868 2612 1939">
    <p class='ocr_par' dir='ltr' id='par_1_49' title="bbox 2063 1868 2612 1939">
     <span class='ocr_line' id='line_1_49' title="bbox 2063 1868 2612 1939; baseline -0.005 -14"><span class='ocrx_word' id='word_1_342' title='bbox 2063 1869 2448 1927; x_wconf 87' lang='lat' dir='ltr'><strong>recensendam</strong></span> <span class='ocrx_word' id='word_1_343' title='bbox 2477 1868 2612 1939; x_wconf 83' lang='grc'><strong>(15).</strong></span> 
     </span>
    </p>
   </div>
   <div class='ocr_carea' id='block_1_50' title="bbox 2084 1958 3665 2034">
    <p class='ocr_par' dir='ltr' id='par_1_50' title="bbox 2084 1958 3665 2034">
     <span class='ocr_line' id='line_1_50' title="bbox 2084 1958 3665 2034; baseline -0.006 -13"><span class='ocrx_word' id='word_1_344' title='bbox 2084 1994 2095 2003; x_wconf 80' lang='grc'><strong>-</strong></span> <span class='ocrx_word' id='word_1_345' title='bbox 2134 1964 2266 2020; x_wconf 86' lang='lat' dir='ltr'><strong>Nam</strong></span> <span class='ocrx_word' id='word_1_346' title='bbox 2309 1979 2430 2022; x_wconf 89' lang='lat' dir='ltr'><strong>cum</strong></span> <span class='ocrx_word' id='word_1_347' title='bbox 2483 1962 2755 2018; x_wconf 90' lang='lat' dir='ltr'><strong>hominem</strong></span> <span class='ocrx_word' id='word_1_348' title='bbox 2789 1961 3074 2033; x_wconf 84' lang='lat' dir='ltr'><strong>ﬁgurasset</strong></span> <span class='ocrx_word' id='word_1_349' title='bbox 3106 1958 3221 2034; x_wconf 72' lang='grc'><strong>(14)</strong></span> <span class='ocrx_word' id='word_1_350' title='bbox 3249 2002 3263 2026; x_wconf 86' lang='grc'><em>,</em></span> <span class='ocrx_word' id='word_1_351' title='bbox 3292 1959 3449 2029; x_wconf 90' lang='lat' dir='ltr'><strong>eique</strong></span> <span class='ocrx_word' id='word_1_352' title='bbox 3477 1972 3665 2033; x_wconf 57' lang='lat' dir='ltr'><strong>parem</strong></span> 
     </span>
    </p>
   </div>
   <div class='ocr_carea' id='block_1_51' title="bbox 2066 2049 3666 2125">
    <p class='ocr_par' dir='ltr' id='par_1_51' title="bbox 2066 2049 3666 2125">
     <span class='ocr_line' id='line_1_51' title="bbox 2066 2049 3666 2125; baseline -0.006 -13"><span class='ocrx_word' id='word_1_353' title='bbox 2066 2055 2421 2125; x_wconf 67' lang='lat' dir='ltr'><strong>necessariam</strong></span> <span class='ocrx_word' id='word_1_354' title='bbox 2468 2054 2813 2124; x_wconf 77' lang='lat' dir='ltr'><strong>propexisset</strong></span> <span class='ocrx_word' id='word_1_355' title='bbox 2837 2093 2853 2116; x_wconf 84' lang='lat'><strong>,</strong></span> <span class='ocrx_word' id='word_1_356' title='bbox 2882 2067 3041 2106; x_wconf 89' lang='lat' dir='ltr'><strong>unam</strong></span> <span class='ocrx_word' id='word_1_357' title='bbox 3087 2051 3156 2107; x_wconf 89' lang='lat' dir='ltr'><strong>de</strong></span> <span class='ocrx_word' id='word_1_358' title='bbox 3202 2050 3368 2105; x_wconf 76' lang='lat' dir='ltr'><strong>costis</strong></span> <span class='ocrx_word' id='word_1_359' title='bbox 3393 2049 3513 2118; x_wconf 90' lang='lat' dir='ltr'><strong>ejus</strong></span> <span class='ocrx_word' id='word_1_360' title='bbox 3542 2063 3666 2102; x_wconf 86' lang='lat' dir='ltr'><strong>mu-</strong></span> 
     </span>
    </p>
   </div>
   <div class='ocr_carea' id='block_1_52' title="bbox 2067 2142 3671 2216">
    <p class='ocr_par' dir='ltr' id='par_1_52' title="bbox 2067 2142 3671 2216">
     <span class='ocr_line' id='line_1_52' title="bbox 2067 2142 3671 2216; baseline -0.006 -13"><span class='ocrx_word' id='word_1_361' title='bbox 2067 2157 2245 2204; x_wconf 87' lang='lat' dir='ltr'><strong>tuatus</strong></span> <span class='ocrx_word' id='word_1_362' title='bbox 2266 2190 2280 2216; x_wconf 93' lang='lat'><strong>,</strong></span> <span class='ocrx_word' id='word_1_363' title='bbox 2310 2162 2471 2202; x_wconf 90' lang='lat' dir='ltr'><strong>unam</strong></span> <span class='ocrx_word' id='word_1_364' title='bbox 2517 2146 2592 2202; x_wconf 92' lang='lat' dir='ltr'><strong>illi</strong></span> <span class='ocrx_word' id='word_1_365' title='bbox 2647 2146 2922 2200; x_wconf 75' lang='lat' dir='ltr'><strong>heminam</strong></span> <span class='ocrx_word' id='word_1_366' title='bbox 2957 2144 3149 2209; x_wconf 83' lang='lat' dir='ltr'><strong>ﬁnxit;</strong></span> <span class='ocrx_word' id='word_1_367' title='bbox 3199 2158 3323 2199; x_wconf 89' lang='lat' dir='ltr'><strong>cum</strong></span> <span class='ocrx_word' id='word_1_368' title='bbox 3352 2142 3536 2211; x_wconf 88' lang='lat' dir='ltr'><strong>utique</strong></span> <span class='ocrx_word' id='word_1_369' title='bbox 3566 2154 3671 2194; x_wconf 89' lang='lat' dir='ltr'><strong>nec</strong></span> 
     </span>
    </p>
   </div>
   <div class='ocr_carea' id='block_1_53' title="bbox 2065 2227 3665 2306">
    <p class='ocr_par' dir='ltr' id='par_1_53' title="bbox 2065 2227 3665 2306">
     <span class='ocr_line' id='line_1_53' title="bbox 2065 2227 3665 2306; baseline -0.006 -11"><span class='ocrx_word' id='word_1_370' title='bbox 2065 2240 2256 2295; x_wconf 71' lang='lat' dir='ltr'><strong>artifex</strong></span> <span class='ocrx_word' id='word_1_371' title='bbox 2289 2280 2302 2303; x_wconf 84' lang='lat'><strong>,</strong></span> <span class='ocrx_word' id='word_1_372' title='bbox 2346 2227 2448 2294; x_wconf 83' lang='lat' dir='ltr'><strong>nee</strong></span> <span class='ocrx_word' id='word_1_373' title='bbox 2514 2238 2737 2294; x_wconf 83' lang='lat' dir='ltr'><strong>materia</strong></span> <span class='ocrx_word' id='word_1_374' title='bbox 2798 2235 3113 2300; x_wconf 83' lang='lat' dir='ltr'><strong>defecisset,</strong></span> <span class='ocrx_word' id='word_1_375' title='bbox 3160 2235 3341 2306; x_wconf 90' lang='lat' dir='ltr'><strong>plures</strong></span> <span class='ocrx_word' id='word_1_376' title='bbox 3389 2244 3555 2288; x_wconf 71' lang='lat' dir='ltr'><strong>costre</strong></span> <span class='ocrx_word' id='word_1_377' title='bbox 3609 2233 3665 2286; x_wconf 88' lang='lat' dir='ltr'><strong>in</strong></span> 
     </span>
    </p>
   </div>
   <div class='ocr_carea' id='block_1_54' title="bbox 2070 2326 3673 2402">
    <p class='ocr_par' dir='ltr' id='par_1_54' title="bbox 2070 2326 3673 2402">
     <span class='ocr_line' id='line_1_54' title="bbox 2070 2326 3673 2402; baseline -0.007 -13"><span class='ocrx_word' id='word_1_378' title='bbox 2070 2335 2259 2400; x_wconf 78' lang='lat' dir='ltr'><strong>Adam,</strong></span> <span class='ocrx_word' id='word_1_379' title='bbox 2286 2343 2340 2389; x_wconf 91' lang='lat' dir='ltr'><strong>et</strong></span> <span class='ocrx_word' id='word_1_380' title='bbox 2369 2331 2723 2402; x_wconf 73' lang='lat' dir='ltr'><strong>infatigabiles</strong></span> <span class='ocrx_word' id='word_1_381' title='bbox 2752 2345 2940 2385; x_wconf 89' lang='lat' dir='ltr'><strong>manus</strong></span> <span class='ocrx_word' id='word_1_382' title='bbox 2962 2330 3013 2384; x_wconf 89' lang='lat' dir='ltr'><strong>in</strong></span> <span class='ocrx_word' id='word_1_383' title='bbox 3062 2328 3191 2390; x_wconf 82' lang='lat' dir='ltr'><strong>Deo,</strong></span> <span class='ocrx_word' id='word_1_384' title='bbox 3221 2326 3314 2382; x_wconf 88' lang='lat' dir='ltr'><strong>sed</strong></span> <span class='ocrx_word' id='word_1_385' title='bbox 3348 2341 3454 2381; x_wconf 92' lang='lat' dir='ltr'><strong>non</strong></span> <span class='ocrx_word' id='word_1_386' title='bbox 3491 2326 3673 2395; x_wconf 87' lang='lat' dir='ltr'><strong>plures</strong></span> 
     </span>
    </p>
   </div>
   <div class='ocr_carea' id='block_1_55' title="bbox 2070 2418 3674 2496">
    <p class='ocr_par' dir='ltr' id='par_1_55' title="bbox 2070 2418 3674 2496">
     <span class='ocr_line' id='line_1_55' title="bbox 2070 2418 3674 2496; baseline -0.007 -14"><span class='ocrx_word' id='word_1_387' title='bbox 2070 2442 2271 2483; x_wconf 75' lang='lat' dir='ltr'><strong>uxores</strong></span> <span class='ocrx_word' id='word_1_388' title='bbox 2325 2425 2465 2496; x_wconf 88' lang='lat' dir='ltr'><strong>apud</strong></span> <span class='ocrx_word' id='word_1_389' title='bbox 2512 2425 2677 2480; x_wconf 88' lang='lat' dir='ltr'><strong>Demn</strong></span> <span class='ocrx_word' id='word_1_390' title='bbox 2732 2432 2786 2478; x_wconf 86' lang='lat' dir='ltr'><strong>et</strong></span> <span class='ocrx_word' id='word_1_391' title='bbox 2836 2422 2957 2477; x_wconf 87' lang='lat' dir='ltr'><strong>ideo</strong></span> <span class='ocrx_word' id='word_1_392' title='bbox 3008 2420 3171 2476; x_wconf 89' lang='lat' dir='ltr'><strong>homo</strong></span> <span class='ocrx_word' id='word_1_393' title='bbox 3227 2419 3322 2475; x_wconf 88' lang='lat' dir='ltr'><strong>Dei</strong></span> <span class='ocrx_word' id='word_1_394' title='bbox 3351 2418 3559 2483; x_wconf 77' lang='lat' dir='ltr'><strong>Adam.</strong></span> <span class='ocrx_word' id='word_1_395' title='bbox 3615 2426 3674 2472; x_wconf 90' lang='lat' dir='ltr'><strong>et</strong></span> 
     </span>
    </p>
   </div>
   <div class='ocr_carea' id='block_1_56' title="bbox 2072 2510 3672 2584">
    <p class='ocr_par' dir='ltr' id='par_1_56' title="bbox 2072 2510 3672 2584">
     <span class='ocr_line' id='line_1_56' title="bbox 2072 2510 3672 2584; baseline -0.008 -8"><span class='ocrx_word' id='word_1_396' title='bbox 2072 2519 2264 2576; x_wconf 89' lang='lat' dir='ltr'><strong>mulier</strong></span> <span class='ocrx_word' id='word_1_397' title='bbox 2334 2518 2425 2573; x_wconf 88' lang='lat' dir='ltr'><strong>Dei</strong></span> <span class='ocrx_word' id='word_1_398' title='bbox 2508 2517 2652 2584; x_wconf 83' lang='lat' dir='ltr'><strong>Eva,</strong></span> <span class='ocrx_word' id='word_1_399' title='bbox 2719 2516 2838 2571; x_wconf 90' lang='lat' dir='ltr'><strong>unis</strong></span> <span class='ocrx_word' id='word_1_400' title='bbox 2905 2515 3046 2570; x_wconf 87' lang='lat' dir='ltr'><strong>inter</strong></span> <span class='ocrx_word' id='word_1_401' title='bbox 3131 2529 3189 2568; x_wconf 86' lang='lat' dir='ltr'><strong>se</strong></span> <span class='ocrx_word' id='word_1_402' title='bbox 3244 2512 3444 2582; x_wconf 82' lang='lat' dir='ltr'><strong>nuptiis</strong></span> <span class='ocrx_word' id='word_1_403' title='bbox 3502 2510 3672 2564; x_wconf 88' lang='lat' dir='ltr'><strong>functi</strong></span> 
     </span>
    </p>
   </div>
   <div class='ocr_carea' id='block_1_57' title="bbox 2073 2601 3669 2683">
    <p class='ocr_par' dir='ltr' id='par_1_57' title="bbox 2073 2601 3669 2683">
     <span class='ocr_line' id='line_1_57' title="bbox 2073 2601 3669 2683; baseline -0.008 -16"><span class='ocrx_word' id='word_1_404' title='bbox 2073 2621 2197 2667; x_wconf 89' lang='lat' dir='ltr'><strong>sunt</strong></span> <span class='ocrx_word' id='word_1_405' title='bbox 2273 2608 2412 2683; x_wconf 81' lang='lat' dir='ltr'><strong>(l5).</strong></span> <span class='ocrx_word' id='word_1_406' title='bbox 2456 2607 2704 2664; x_wconf 84' lang='lat' dir='ltr'><strong>Formam</strong></span> <span class='ocrx_word' id='word_1_407' title='bbox 2772 2606 3080 2661; x_wconf 87' lang='lat' dir='ltr'><strong>hominibus</strong></span> <span class='ocrx_word' id='word_1_408' title='bbox 3128 2604 3266 2669; x_wconf 85' lang='lat' dir='ltr'><strong>Dei,</strong></span> <span class='ocrx_word' id='word_1_409' title='bbox 3323 2601 3390 2657; x_wconf 91' lang='lat' dir='ltr'><strong>de</strong></span> <span class='ocrx_word' id='word_1_410' title='bbox 3442 2601 3669 2671; x_wconf 84' lang='lat' dir='ltr'><strong>originis</strong></span> 
     </span>
    </p>
   </div>
   <div class='ocr_carea' id='block_1_58' title="bbox 2071 2693 3674 2769">
    <p class='ocr_par' dir='ltr' id='par_1_58' title="bbox 2071 2693 3674 2769">
     <span class='ocr_line' id='line_1_58' title="bbox 2071 2693 3674 2769; baseline -0.006 -11"><span class='ocrx_word' id='word_1_411' title='bbox 2071 2703 2388 2758; x_wconf 87' lang='lat' dir='ltr'><strong>auctoritate</strong></span> <span class='ocrx_word' id='word_1_412' title='bbox 2418 2744 2430 2763; x_wconf 87' lang='lat'><strong>.</strong></span> <span class='ocrx_word' id='word_1_413' title='bbox 2465 2712 2519 2757; x_wconf 91' lang='lat' dir='ltr'><strong>et</strong></span> <span class='ocrx_word' id='word_1_414' title='bbox 2565 2700 2734 2769; x_wconf 90' lang='lat' dir='ltr'><strong>prima</strong></span> <span class='ocrx_word' id='word_1_415' title='bbox 2763 2699 2857 2754; x_wconf 90' lang='lat' dir='ltr'><strong>Dei</strong></span> <span class='ocrx_word' id='word_1_416' title='bbox 2884 2698 3163 2753; x_wconf 89' lang='lat' dir='ltr'><strong>voluntate</strong></span> <span class='ocrx_word' id='word_1_417' title='bbox 3207 2705 3523 2752; x_wconf 72' lang='lat' dir='ltr'><strong>sanxerunt.</strong></span> <span class='ocrx_word' id='word_1_418' title='bbox 3561 2693 3674 2749; x_wconf 88' lang='lat' dir='ltr'><strong>De-</strong></span> 
     </span>
    </p>
   </div>
   <div class='ocr_carea' id='block_1_59' title="bbox 2074 2790 3670 2865">
    <p class='ocr_par' dir='ltr' id='par_1_59' title="bbox 2074 2790 3670 2865">
     <span class='ocr_line' id='line_1_59' title="bbox 2074 2790 3670 2865; baseline -0.006 -16"><span class='ocrx_word' id='word_1_419' title='bbox 2074 2796 2234 2865; x_wconf 85' lang='lat' dir='ltr'><strong>nique</strong></span> <span class='ocrx_word' id='word_1_420' title='bbox 2257 2836 2271 2859; x_wconf 91' lang='lat'><strong>,</strong></span> <span class='ocrx_word' id='word_1_421' title='bbox 2301 2802 2446 2848; x_wconf 86' lang='lat' dir='ltr'><strong>erunt</strong></span> <span class='ocrx_word' id='word_1_422' title='bbox 2490 2793 2591 2847; x_wconf 88' lang='lat' dir='ltr'><strong>duo</strong></span> <span class='ocrx_word' id='word_1_423' title='bbox 2615 2835 2629 2855; x_wconf 83' lang='grc'>,</span> <span class='ocrx_word' id='word_1_424' title='bbox 2662 2790 2868 2861; x_wconf 87' lang='lat' dir='ltr'><strong>inquit,</strong></span> <span class='ocrx_word' id='word_1_425' title='bbox 2898 2794 2952 2843; x_wconf 75' lang='lat' dir='ltr'><strong>in</strong></span> <span class='ocrx_word' id='word_1_426' title='bbox 2999 2804 3152 2844; x_wconf 84' lang='lat' dir='ltr'><strong>carne</strong></span> <span class='ocrx_word' id='word_1_427' title='bbox 3196 2804 3345 2854; x_wconf 77' lang='lat' dir='ltr'><strong>una;</strong></span> <span class='ocrx_word' id='word_1_428' title='bbox 3375 2803 3480 2841; x_wconf 91' lang='lat' dir='ltr'><strong>non</strong></span> <span class='ocrx_word' id='word_1_429' title='bbox 3526 2792 3670 2850; x_wconf 86' lang='lat' dir='ltr'><strong>tres,</strong></span> 
     </span>
    </p>
   </div>
   <div class='ocr_carea' id='block_1_60' title="bbox 2073 2883 3672 2958">
    <p class='ocr_par' dir='ltr' id='par_1_60' title="bbox 2073 2883 3672 2958">
     <span class='ocr_line' id='line_1_60' title="bbox 2073 2883 3672 2958; baseline -0.006 -14"><span class='ocrx_word' id='word_1_430' title='bbox 2073 2904 2249 2958; x_wconf 88' lang='lat' dir='ltr'><strong>neque</strong></span> <span class='ocrx_word' id='word_1_431' title='bbox 2288 2895 2545 2958; x_wconf 87' lang='lat' dir='ltr'><strong>quatuor.</strong></span> <span class='ocrx_word' id='word_1_432' title='bbox 2591 2883 2843 2954; x_wconf 80' lang='lat' dir='ltr'><strong>Alioquin</strong></span> <span class='ocrx_word' id='word_1_433' title='bbox 2891 2884 3001 2954; x_wconf 87' lang='lat' dir='ltr'><strong>jam</strong></span> <span class='ocrx_word' id='word_1_434' title='bbox 3049 2892 3154 2937; x_wconf 85' lang='lat' dir='ltr'><strong>non</strong></span> <span class='ocrx_word' id='word_1_435' title='bbox 3212 2897 3313 2935; x_wconf 89' lang='lat' dir='ltr'><strong>una</strong></span> <span class='ocrx_word' id='word_1_436' title='bbox 3360 2895 3521 2945; x_wconf 88' lang='lat' dir='ltr'><strong>caro,</strong></span> <span class='ocrx_word' id='word_1_437' title='bbox 3567 2894 3672 2935; x_wconf 80' lang='lat' dir='ltr'><strong>nec</strong></span> 
     </span>
    </p>
   </div>
   <div class='ocr_carea' id='block_1_61' title="bbox 2073 2969 3677 3046">
    <p class='ocr_par' dir='ltr' id='par_1_61' title="bbox 2073 2969 3677 3046">
     <span class='ocr_line' id='line_1_61' title="bbox 2073 2969 3677 3046; baseline -0.007 -12"><span class='ocrx_word' id='word_1_438' title='bbox 2073 2980 2181 3034; x_wconf 92' lang='lat' dir='ltr'><strong>duo</strong></span> <span class='ocrx_word' id='word_1_439' title='bbox 2207 2978 2258 3032; x_wconf 85' lang='lat' dir='ltr'><strong>in</strong></span> <span class='ocrx_word' id='word_1_440' title='bbox 2287 2993 2444 3033; x_wconf 88' lang='lat' dir='ltr'><strong>unam</strong></span> <span class='ocrx_word' id='word_1_441' title='bbox 2472 2991 2713 3032; x_wconf 89' lang='lat' dir='ltr'><strong>carnem.</strong></span> <span class='ocrx_word' id='word_1_442' title='bbox 2736 2974 2887 3030; x_wconf 88' lang='lat' dir='ltr'><strong>Tunc</strong></span> <span class='ocrx_word' id='word_1_443' title='bbox 2916 2971 3033 3046; x_wconf 83' lang='grc'><strong>(16)</strong></span> <span class='ocrx_word' id='word_1_444' title='bbox 3063 2980 3260 3037; x_wconf 88' lang='lat' dir='ltr'><strong>erunt,</strong></span> <span class='ocrx_word' id='word_1_445' title='bbox 3292 2971 3335 3023; x_wconf 81' lang='lat' dir='ltr'><strong>si</strong></span> <span class='ocrx_word' id='word_1_446' title='bbox 3366 2969 3677 3040; x_wconf 89' lang='lat' dir='ltr'><strong>conjunctio</strong></span> 
     </span>
    </p>
   </div>
   <div class='ocr_carea' id='block_1_62' title="bbox 2072 3060 3677 3125">
    <p class='ocr_par' dir='ltr' id='par_1_62' title="bbox 2072 3060 3677 3125">
     <span class='ocr_line' id='line_1_62' title="bbox 2072 3060 3677 3125; baseline -0.005 0"><span class='ocrx_word' id='word_1_447' title='bbox 2072 3079 2129 3125; x_wconf 89' lang='lat' dir='ltr'><strong>et</strong></span> <span class='ocrx_word' id='word_1_448' title='bbox 2172 3067 2448 3124; x_wconf 84' lang='lat' dir='ltr'><strong>concretio</strong></span> <span class='ocrx_word' id='word_1_449' title='bbox 2497 3067 2548 3121; x_wconf 93' lang='lat' dir='ltr'><strong>in</strong></span> <span class='ocrx_word' id='word_1_450' title='bbox 2599 3066 2865 3122; x_wconf 89' lang='lat' dir='ltr'><strong>unitatem</strong></span> <span class='ocrx_word' id='word_1_451' title='bbox 2910 3063 3077 3118; x_wconf 91' lang='lat' dir='ltr'><strong>semel</strong></span> <span class='ocrx_word' id='word_1_452' title='bbox 3111 3062 3222 3116; x_wconf 85' lang='lat' dir='ltr'><strong>fiat.</strong></span> <span class='ocrx_word' id='word_1_453' title='bbox 3250 3060 3308 3118; x_wconf 91' lang='lat' dir='ltr'><strong>Si</strong></span> <span class='ocrx_word' id='word_1_454' title='bbox 3336 3076 3461 3117; x_wconf 83' lang='lat' dir='ltr'><strong>vero</strong></span> <span class='ocrx_word' id='word_1_455' title='bbox 3484 3074 3677 3117; x_wconf 83' lang='lat' dir='ltr'><strong>rursus</strong></span> 
     </span>
    </p>
   </div>
   <div class='ocr_carea' id='block_1_63' title="bbox 380 3151 3676 3240">
    <p class='ocr_par' dir='ltr' id='par_1_63' title="bbox 380 3151 3676 3240">
     <span class='ocr_line' id='line_1_63' title="bbox 380 3151 3676 3240; baseline -0.002 -26"><span class='ocrx_word' id='word_1_456' title='bbox 380 3159 433 3215; x_wconf 90' lang='lat' dir='ltr'><strong>id</strong></span> <span class='ocrx_word' id='word_1_457' title='bbox 484 3168 568 3213; x_wconf 86' lang='lat' dir='ltr'><strong>est</strong></span> <span class='ocrx_word' id='word_1_458' title='bbox 606 3158 981 3240; x_wconf 83' lang='lat' dir='ltr'><strong>continentes,</strong></span> <span class='ocrx_word' id='word_1_459' title='bbox 1014 3154 1211 3225; x_wconf 87' lang='lat' dir='ltr'><strong>pariter</strong></span> <span class='ocrx_word' id='word_1_460' title='bbox 1258 3153 1497 3210; x_wconf 89' lang='lat' dir='ltr'><strong>declarat</strong></span> <span class='ocrx_word' id='word_1_461' title='bbox 1540 3151 1666 3223; x_wconf 89' lang='lat' dir='ltr'><strong>quid</strong></span> <span class='ocrx_word' id='word_1_462' title='bbox 1717 3167 1814 3208; x_wconf 93' lang='lat' dir='ltr'><strong>nos</strong></span> <span class='ocrx_word' id='word_1_463' title='bbox 1851 3166 1971 3209; x_wconf 88' lang='lat' dir='ltr'><strong>esse</strong></span> <span class='ocrx_word' id='word_1_464' title='bbox 1997 3177 2042 3240; x_wconf 71' lang='grc' dir='ltr'><strong>ρ</strong></span> <span class='ocrx_word' id='word_1_465' title='bbox 2074 3171 2168 3218; x_wconf 76' lang='lat' dir='ltr'><strong>aut</strong></span> <span class='ocrx_word' id='word_1_466' title='bbox 2192 3160 2423 3232; x_wconf 57' lang='lat' dir='ltr'><strong>sapius,</strong></span> <span class='ocrx_word' id='word_1_467' title='bbox 2448 3160 2560 3230; x_wconf 86' lang='lat' dir='ltr'><strong>jam</strong></span> <span class='ocrx_word' id='word_1_468' title='bbox 2605 3175 2710 3214; x_wconf 90' lang='lat' dir='ltr'><strong>una</strong></span> <span class='ocrx_word' id='word_1_469' title='bbox 2749 3172 2869 3215; x_wconf 90' lang='lat' dir='ltr'><strong>esse</strong></span> <span class='ocrx_word' id='word_1_470' title='bbox 2917 3157 3123 3221; x_wconf 88' lang='lat' dir='ltr'><strong>desiit;</strong></span> <span class='ocrx_word' id='word_1_471' title='bbox 3155 3163 3210 3212; x_wconf 90' lang='lat' dir='ltr'><strong>et</strong></span> <span class='ocrx_word' id='word_1_472' title='bbox 3234 3164 3397 3212; x_wconf 90' lang='lat' dir='ltr'><strong>erunt</strong></span> <span class='ocrx_word' id='word_1_473' title='bbox 3427 3168 3535 3209; x_wconf 93' lang='lat' dir='ltr'><strong>non</strong></span> <span class='ocrx_word' id='word_1_474' title='bbox 3565 3153 3676 3209; x_wconf 91' lang='lat' dir='ltr'><strong>duo</strong></span> 
     </span>
    </p>
   </div>
   <div class='ocr_carea' id='block_1_64' title="bbox 380 3237 1972 3320">
    <p class='ocr_par' dir='ltr' id='par_1_64' title="bbox 380 3237 1972 3320">
     <span class='ocr_line' id='line_1_64' title="bbox 380 3237 1972 3320; baseline -0.003 -13"><span class='ocrx_word' id='word_1_475' title='bbox 380 3251 532 3315; x_wconf 90' lang='lat' dir='ltr'><strong>nolit,</strong></span> <span class='ocrx_word' id='word_1_476' title='bbox 565 3251 613 3304; x_wconf 93' lang='lat' dir='ltr'><strong>id</strong></span> <span class='ocrx_word' id='word_1_477' title='bbox 643 3259 726 3306; x_wconf 90' lang='lat' dir='ltr'><strong>est</strong></span> <span class='ocrx_word' id='word_1_478' title='bbox 760 3237 1155 3305; x_wconf 82' lang='lat' dir='ltr'><strong>incontinentes</strong></span> <span class='ocrx_word' id='word_1_479' title='bbox 1185 3246 1286 3320; x_wconf 70' lang='grc' dir='ltr'><strong>(ὃ).</strong></span> <span class='ocrx_word' id='word_1_480' title='bbox 1343 3247 1420 3302; x_wconf 92' lang='lat' dir='ltr'><strong>lta</strong></span> <span class='ocrx_word' id='word_1_481' title='bbox 1451 3255 1503 3301; x_wconf 92' lang='lat' dir='ltr'><strong>ct</strong></span> <span class='ocrx_word' id='word_1_482' title='bbox 1535 3246 1647 3317; x_wconf 88' lang='lat' dir='ltr'><strong>ipse</strong></span> <span class='ocrx_word' id='word_1_483' title='bbox 1677 3260 1798 3301; x_wconf 90' lang='lat' dir='ltr'><strong>cum</strong></span> <span class='ocrx_word' id='word_1_484' title='bbox 1825 3246 1972 3302; x_wconf 88' lang='lat' dir='ltr'><strong>aliud</strong></span> 
     </span>
    </p>
   </div>
   <div class='ocr_carea' id='block_1_65' title="bbox 378 3340 1968 3415">
    <p class='ocr_par' dir='ltr' id='par_1_65' title="bbox 378 3340 1968 3415">
     <span class='ocr_line' id='line_1_65' title="bbox 378 3340 1968 3415; baseline -0.001 -19"><span class='ocrx_word' id='word_1_485' title='bbox 378 3345 494 3398; x_wconf 82' lang='lat' dir='ltr'><strong>\‘ttlt</strong></span> <span class='ocrx_word' id='word_1_486' title='bbox 514 3387 527 3408; x_wconf 86' lang='lat'><em>.</em></span> <span class='ocrx_word' id='word_1_487' title='bbox 557 3343 609 3400; x_wconf 93' lang='lat' dir='ltr'><strong>id</strong></span> <span class='ocrx_word' id='word_1_488' title='bbox 638 3343 779 3415; x_wconf 86' lang='lat' dir='ltr'><strong>quod</strong></span> <span class='ocrx_word' id='word_1_489' title='bbox 814 3358 919 3398; x_wconf 88' lang='lat' dir='ltr'><strong>non</strong></span> <span class='ocrx_word' id='word_1_490' title='bbox 950 3342 1063 3397; x_wconf 90' lang='lat' dir='ltr'><strong>vult</strong></span> <span class='ocrx_word' id='word_1_491' title='bbox 1091 3356 1189 3396; x_wconf 89' lang='lat' dir='ltr'><strong>nec</strong></span> <span class='ocrx_word' id='word_1_492' title='bbox 1216 3349 1408 3411; x_wconf 80' lang='lat' dir='ltr'><strong>Sponte</strong></span> <span class='ocrx_word' id='word_1_493' title='bbox 1447 3355 1547 3396; x_wconf 91' lang='lat' dir='ltr'><strong>nec</strong></span> <span class='ocrx_word' id='word_1_494' title='bbox 1586 3340 1814 3396; x_wconf 86' lang='lat' dir='ltr'><strong>veritate</strong></span> <span class='ocrx_word' id='word_1_495' title='bbox 1846 3356 1968 3411; x_wconf 86' lang='lat' dir='ltr'><strong>per-</strong></span> 
     </span>
    </p>
   </div>
   <div class='ocr_carea' id='block_1_66' title="bbox 380 3422 1975 3503">
    <p class='ocr_par' dir='ltr' id='par_1_66' title="bbox 380 3422 1975 3503">
     <span class='ocr_line' id='line_1_66' title="bbox 380 3422 1975 3503; baseline -0.003 -11"><span class='ocrx_word' id='word_1_496' title='bbox 380 3436 560 3492; x_wconf 78' lang='lat' dir='ltr'><strong>mittit.</strong></span> <span class='ocrx_word' id='word_1_497' title='bbox 592 3435 647 3491; x_wconf 90' lang='lat' dir='ltr'><strong>Si</strong></span> <span class='ocrx_word' id='word_1_498' title='bbox 691 3436 834 3490; x_wconf 84' lang='lat' dir='ltr'><strong>enim</strong></span> <span class='ocrx_word' id='word_1_499' title='bbox 878 3434 1066 3497; x_wconf 83' lang='lat' dir='ltr'><strong>vellet,</strong></span> <span class='ocrx_word' id='word_1_500' title='bbox 1100 3447 1210 3488; x_wconf 91' lang='lat' dir='ltr'><strong>non</strong></span> <span class='ocrx_word' id='word_1_501' title='bbox 1261 3432 1626 3502; x_wconf 89' lang='lat' dir='ltr'><strong>permisisset.</strong></span> <span class='ocrx_word' id='word_1_502' title='bbox 1656 3432 1765 3491; x_wconf 92' lang='lat' dir='ltr'><strong>imo</strong></span> <span class='ocrx_word' id='word_1_503' title='bbox 1805 3422 1975 3503; x_wconf 88' lang='lat' dir='ltr'><strong>impe-</strong></span> 
     </span>
    </p>
   </div>
   <div class='ocr_carea' id='block_1_67' title="bbox 377 3523 1971 3601">
    <p class='ocr_par' dir='ltr' id='par_1_67' title="bbox 377 3523 1971 3601">
     <span class='ocr_line' id='line_1_67' title="bbox 377 3523 1971 3601; baseline -0.003 -16"><span class='ocrx_word' id='word_1_504' title='bbox 377 3539 569 3585; x_wconf 86' lang='lat' dir='ltr'><strong>rasset.</strong></span> <span class='ocrx_word' id='word_1_505' title='bbox 612 3529 685 3601; x_wconf 72' lang='grc' dir='ltr'><strong>(ὁ)</strong></span> <span class='ocrx_word' id='word_1_506' title='bbox 729 3528 833 3584; x_wconf 90' lang='lat' dir='ltr'><strong>Sed</strong></span> <span class='ocrx_word' id='word_1_507' title='bbox 894 3542 1021 3583; x_wconf 89' lang='lat' dir='ltr'><strong>ecce</strong></span> <span class='ocrx_word' id='word_1_508' title='bbox 1079 3538 1264 3581; x_wconf 89' lang='lat' dir='ltr'><strong>rursus</strong></span> <span class='ocrx_word' id='word_1_509' title='bbox 1313 3523 1526 3595; x_wconf 85' lang='lat' dir='ltr'><strong>(lCor.</strong></span> <span class='ocrx_word' id='word_1_510' title='bbox 1560 3523 1728 3596; x_wconf 71' lang='lat' dir='ltr'><strong>VII),</strong></span> <span class='ocrx_word' id='word_1_511' title='bbox 1775 3525 1971 3581; x_wconf 90' lang='lat' dir='ltr'><strong>mulie-</strong></span> 
     </span>
    </p>
   </div>
   <div class='ocr_carea' id='block_1_68' title="bbox 378 3615 1966 3691">
    <p class='ocr_par' dir='ltr' id='par_1_68' title="bbox 378 3615 1966 3691">
     <span class='ocr_line' id='line_1_68' title="bbox 378 3615 1966 3691; baseline -0.004 -15"><span class='ocrx_word' id='word_1_512' title='bbox 378 3639 490 3676; x_wconf 85' lang='lat' dir='ltr'><strong>rem</strong></span> <span class='ocrx_word' id='word_1_513' title='bbox 534 3623 714 3676; x_wconf 87' lang='lat' dir='ltr'><strong>marito</strong></span> <span class='ocrx_word' id='word_1_514' title='bbox 743 3616 983 3691; x_wconf 63' lang='lat' dir='ltr'><strong>defuncto</strong></span> <span class='ocrx_word' id='word_1_515' title='bbox 1028 3619 1150 3672; x_wconf 81' lang='lat' dir='ltr'><strong>dicit</strong></span> <span class='ocrx_word' id='word_1_516' title='bbox 1194 3618 1379 3671; x_wconf 88' lang='lat' dir='ltr'><strong>nubere</strong></span> <span class='ocrx_word' id='word_1_517' title='bbox 1420 3632 1600 3689; x_wconf 77' lang='lat' dir='ltr'><strong>posse,</strong></span> <span class='ocrx_word' id='word_1_518' title='bbox 1626 3617 1670 3670; x_wconf 89' lang='lat' dir='ltr'><strong>si</strong></span> <span class='ocrx_word' id='word_1_519' title='bbox 1697 3617 1780 3671; x_wconf 87' lang='lat' dir='ltr'><strong>cui</strong></span> <span class='ocrx_word' id='word_1_520' title='bbox 1806 3615 1925 3670; x_wconf 77' lang='lat' dir='ltr'><strong>velit</strong></span> <span class='ocrx_word' id='word_1_521' title='bbox 1950 3658 1966 3683; x_wconf 93' lang='lat'><strong>,</strong></span> 
     </span>
    </p>
   </div>
   <div class='ocr_carea' id='block_1_69' title="bbox 379 3709 1972 3781">
    <p class='ocr_par' dir='ltr' id='par_1_69' title="bbox 379 3709 1972 3781">
     <span class='ocr_line' id='line_1_69' title="bbox 379 3709 1972 3781; baseline -0.001 -14"><span class='ocrx_word' id='word_1_522' title='bbox 379 3724 576 3768; x_wconf 85' lang='lat' dir='ltr'><strong>tantum</strong></span> <span class='ocrx_word' id='word_1_523' title='bbox 604 3714 658 3768; x_wconf 88' lang='lat' dir='ltr'><strong>in</strong></span> <span class='ocrx_word' id='word_1_524' title='bbox 687 3711 927 3767; x_wconf 86' lang='lat' dir='ltr'><strong>Domino.</strong></span> <span class='ocrx_word' id='word_1_525' title='bbox 956 3711 1019 3765; x_wconf 81' lang='lat' dir='ltr'><strong>At</strong></span> <span class='ocrx_word' id='word_1_526' title='bbox 1042 3712 1175 3765; x_wconf 89' lang='lat' dir='ltr'><strong>enim</strong></span> <span class='ocrx_word' id='word_1_527' title='bbox 1201 3709 1398 3781; x_wconf 76' lang='lat' dir='ltr'><strong>[elicior</strong></span> <span class='ocrx_word' id='word_1_528' title='bbox 1426 3710 1521 3763; x_wconf 85' lang='lat' dir='ltr'><strong>erit</strong></span> <span class='ocrx_word' id='word_1_529' title='bbox 1540 3751 1554 3774; x_wconf 85' lang='lat'><strong>,</strong></span> <span class='ocrx_word' id='word_1_530' title='bbox 1588 3709 1792 3779; x_wconf 92' lang='lat' dir='ltr'><strong>inquit,</strong></span> <span class='ocrx_word' id='word_1_531' title='bbox 1827 3711 1871 3763; x_wconf 90' lang='lat' dir='ltr'><strong>si</strong></span> <span class='ocrx_word' id='word_1_532' title='bbox 1900 3711 1972 3765; x_wconf 88' lang='lat' dir='ltr'><strong>sic</strong></span> 
     </span>
    </p>
   </div>
   <div class='ocr_carea' id='block_1_70' title="bbox 379 3799 1969 3876">
    <p class='ocr_par' dir='ltr' id='par_1_70' title="bbox 379 3799 1969 3876">
     <span class='ocr_line' id='line_1_70' title="bbox 379 3799 1969 3876; baseline -0.002 -17"><span class='ocrx_word' id='word_1_533' title='bbox 379 3804 712 3876; x_wconf 76' lang='lat' dir='ltr'><strong>permanserit</strong></span> <span class='ocrx_word' id='word_1_534' title='bbox 753 3803 1032 3859; x_wconf 82' lang='lat' dir='ltr'><strong>secundum</strong></span> <span class='ocrx_word' id='word_1_535' title='bbox 1078 3818 1244 3857; x_wconf 86' lang='lat' dir='ltr'><strong>meum</strong></span> <span class='ocrx_word' id='word_1_536' title='bbox 1281 3801 1571 3855; x_wconf 83' lang='lat' dir='ltr'><strong>consilium.</strong></span> <span class='ocrx_word' id='word_1_537' title='bbox 1603 3799 1738 3856; x_wconf 87' lang='lat' dir='ltr'><strong>Puto</strong></span> <span class='ocrx_word' id='word_1_538' title='bbox 1766 3812 1969 3870; x_wconf 86' lang='lat' dir='ltr'><strong>autem,</strong></span> 
     </span>
    </p>
   </div>
   <div class='ocr_carea' id='block_1_71' title="bbox 376 3893 1975 3970">
    <p class='ocr_par' dir='ltr' id='par_1_71' title="bbox 376 3893 1975 3970">
     <span class='ocr_line' id='line_1_71' title="bbox 376 3893 1975 3970; baseline 0.001 -18"><span class='ocrx_word' id='word_1_539' title='bbox 376 3909 422 3952; x_wconf 83' lang='lat' dir='ltr'><strong>et</strong></span> <span class='ocrx_word' id='word_1_540' title='bbox 450 3910 544 3970; x_wconf 71' lang='lat' dir='ltr'><strong>ego</strong></span> <span class='ocrx_word' id='word_1_541' title='bbox 571 3898 664 3953; x_wconf 87' lang='lat' dir='ltr'><strong>Dci</strong></span> <span class='ocrx_word' id='word_1_542' title='bbox 690 3899 924 3968; x_wconf 78' lang='lat' dir='ltr'><strong>spiritum</strong></span> <span class='ocrx_word' id='word_1_543' title='bbox 955 3897 1135 3951; x_wconf 86' lang='lat' dir='ltr'><strong>habeo.</strong></span> <span class='ocrx_word' id='word_1_544' title='bbox 1165 3894 1423 3951; x_wconf 80' lang='lat' dir='ltr'><strong>Videmus</strong></span> <span class='ocrx_word' id='word_1_545' title='bbox 1444 3893 1554 3950; x_wconf 88' lang='lat' dir='ltr'><strong>duo</strong></span> <span class='ocrx_word' id='word_1_546' title='bbox 1570 3894 1792 3950; x_wconf 78' lang='lat' dir='ltr'><strong>Consilia</strong></span> <span class='ocrx_word' id='word_1_547' title='bbox 1826 3936 1841 3961; x_wconf 95' lang='lat'><strong>,</strong></span> <span class='ocrx_word' id='word_1_548' title='bbox 1867 3910 1975 3966; x_wconf 87' lang='lat' dir='ltr'><strong>quo</strong></span> 
     </span>
    </p>
   </div>
   <div class='ocr_carea' id='block_1_72' title="bbox 378 3988 1976 4061">
    <p class='ocr_par' dir='ltr' id='par_1_72' title="bbox 378 3988 1976 4061">
     <span class='ocr_line' id='line_1_72' title="bbox 378 3988 1976 4061; baseline -0.001 -15"><span class='ocrx_word' id='word_1_549' title='bbox 378 4009 538 4061; x_wconf 80' lang='lat' dir='ltr'><strong>supra</strong></span> <span class='ocrx_word' id='word_1_550' title='bbox 562 3993 796 4047; x_wconf 87' lang='lat' dir='ltr'><strong>nubendi</strong></span> <span class='ocrx_word' id='word_1_551' title='bbox 830 3992 1038 4046; x_wconf 84' lang='lat' dir='ltr'><strong>veniam</strong></span> <span class='ocrx_word' id='word_1_552' title='bbox 1073 3989 1228 4053; x_wconf 87' lang='lat' dir='ltr'><strong>facit,</strong></span> <span class='ocrx_word' id='word_1_553' title='bbox 1263 3998 1319 4045; x_wconf 88' lang='lat' dir='ltr'><strong>et</strong></span> <span class='ocrx_word' id='word_1_554' title='bbox 1347 4004 1454 4060; x_wconf 88' lang='lat' dir='ltr'><strong>quo</strong></span> <span class='ocrx_word' id='word_1_555' title='bbox 1481 3988 1822 4058; x_wconf 87' lang='lat' dir='ltr'><strong>postmodum</strong></span> <span class='ocrx_word' id='word_1_556' title='bbox 1846 4003 1976 4046; x_wconf 86' lang='lat' dir='ltr'><strong>con-</strong></span> 
     </span>
    </p>
   </div>
   <div class='ocr_carea' id='block_1_73' title="bbox 377 4082 1977 4155">
    <p class='ocr_par' dir='ltr' id='par_1_73' title="bbox 377 4082 1977 4155">
     <span class='ocr_line' id='line_1_73' title="bbox 377 4082 1977 4155; baseline 0 -17"><span class='ocrx_word' id='word_1_557' title='bbox 377 4086 660 4141; x_wconf 87' lang='lat' dir='ltr'><strong>tinentiam</strong></span> <span class='ocrx_word' id='word_1_558' title='bbox 695 4086 930 4142; x_wconf 89' lang='lat' dir='ltr'><strong>nubendi</strong></span> <span class='ocrx_word' id='word_1_559' title='bbox 959 4084 1143 4140; x_wconf 77' lang='lat' dir='ltr'><strong>indicit</strong></span> <span class='ocrx_word' id='word_1_560' title='bbox 1174 4084 1280 4155; x_wconf 80' lang='lat'><strong>(6).</strong></span> <span class='ocrx_word' id='word_1_561' title='bbox 1316 4084 1418 4139; x_wconf 88' lang='lat' dir='ltr'><strong>Coi</strong></span> <span class='ocrx_word' id='word_1_562' title='bbox 1445 4098 1609 4155; x_wconf 87' lang='lat' dir='ltr'><strong>ergo,</strong></span> <span class='ocrx_word' id='word_1_563' title='bbox 1641 4083 1852 4155; x_wconf 88' lang='lat' dir='ltr'><strong>inquis.</strong></span> <span class='ocrx_word' id='word_1_564' title='bbox 1882 4082 1977 4138; x_wconf 55' lang='lat' dir='ltr'><strong>ad.</strong></span> 
     </span>
    </p>
   </div>
   <div class='ocr_carea' id='block_1_74' title="bbox 378 4175 1975 4249">
    <p class='ocr_par' dir='ltr' id='par_1_74' title="bbox 378 4175 1975 4249">
     <span class='ocr_line' id='line_1_74' title="bbox 378 4175 1975 4249; baseline -0.001 -16"><span class='ocrx_word' id='word_1_565' title='bbox 378 4181 760 4236; x_wconf 84' lang='lat' dir='ltr'><strong>sentahitnur?</strong></span> <span class='ocrx_word' id='word_1_566' title='bbox 803 4179 1112 4249; x_wconf 74' lang='lat' dir='ltr'><strong>lnSpice,ct</strong></span> <span class='ocrx_word' id='word_1_567' title='bbox 1176 4179 1313 4248; x_wconf 82' lang='lat' dir='ltr'><strong>lege.</strong></span> <span class='ocrx_word' id='word_1_568' title='bbox 1365 4176 1500 4232; x_wconf 85' lang='lat' dir='ltr'><strong>Cum</strong></span> <span class='ocrx_word' id='word_1_569' title='bbox 1559 4177 1768 4233; x_wconf 81' lang='lat' dir='ltr'><strong>veniam</strong></span> <span class='ocrx_word' id='word_1_570' title='bbox 1815 4175 1975 4245; x_wconf 86' lang='lat' dir='ltr'><strong>facit,</strong></span> 
     </span>
    </p>
   </div>
   <div class='ocr_carea' id='block_1_75' title="bbox 328 4266 1979 4351">
    <p class='ocr_par' dir='ltr' id='par_1_75' title="bbox 328 4266 1979 4351">
     <span class='ocr_line' id='line_1_75' title="bbox 328 4266 1979 4351; baseline 0 -26"><span class='ocrx_word' id='word_1_571' title='bbox 328 4346 334 4351; x_wconf 17' lang='grc' dir='ltr'><em>Α</em></span> <span class='ocrx_word' id='word_1_572' title='bbox 382 4270 614 4327; x_wconf 81' lang='lat' dir='ltr'><strong>hominis</strong></span> <span class='ocrx_word' id='word_1_573' title='bbox 662 4272 940 4344; x_wconf 88' lang='lat' dir='ltr'><strong>prudentis</strong></span> <span class='ocrx_word' id='word_1_574' title='bbox 988 4269 1270 4324; x_wconf 91' lang='lat' dir='ltr'><strong>consilium</strong></span> <span class='ocrx_word' id='word_1_575' title='bbox 1319 4268 1553 4339; x_wconf 84' lang='lat' dir='ltr'><strong>adlegat.</strong></span> <span class='ocrx_word' id='word_1_576' title='bbox 1609 4266 1743 4324; x_wconf 89' lang='lat' dir='ltr'><strong>Cum</strong></span> <span class='ocrx_word' id='word_1_577' title='bbox 1802 4269 1979 4325; x_wconf 88' lang='lat' dir='ltr'><strong>conti-</strong></span> 
     </span>
    </p>
   </div>
   <div class='ocr_carea' id='block_1_76' title="bbox 378 4359 1976 4434">
    <p class='ocr_par' dir='ltr' id='par_1_76' title="bbox 378 4359 1976 4434">
     <span class='ocr_line' id='line_1_76' title="bbox 378 4359 1976 4434; baseline -0.001 -16"><span class='ocrx_word' id='word_1_578' title='bbox 378 4366 614 4421; x_wconf 88' lang='lat' dir='ltr'><strong>nentiam</strong></span> <span class='ocrx_word' id='word_1_579' title='bbox 646 4365 865 4429; x_wconf 86' lang='lat' dir='ltr'><strong>indicit,</strong></span> <span class='ocrx_word' id='word_1_580' title='bbox 894 4363 1129 4434; x_wconf 82' lang='lat' dir='ltr'><strong>Spiritus</strong></span> <span class='ocrx_word' id='word_1_581' title='bbox 1184 4360 1369 4416; x_wconf 85' lang='lat' dir='ltr'><strong>Sancti</strong></span> <span class='ocrx_word' id='word_1_582' title='bbox 1409 4360 1694 4415; x_wconf 88' lang='lat' dir='ltr'><strong>consilium</strong></span> <span class='ocrx_word' id='word_1_583' title='bbox 1724 4359 1976 4417; x_wconf 91' lang='lat' dir='ltr'><strong>afﬁrmat.</strong></span> 
     </span>
    </p>
   </div>
   <div class='ocr_carea' id='block_1_77' title="bbox 382 4439 1975 4531">
    <p class='ocr_par' dir='ltr' id='par_1_77' title="bbox 382 4439 1975 4531">
     <span class='ocr_line' id='line_1_77' title="bbox 382 4439 1975 4531; baseline -0.004 -18"><span class='ocrx_word' id='word_1_584' title='bbox 382 4458 619 4531; x_wconf 83' lang='lat' dir='ltr'><strong>Sequere</strong></span> <span class='ocrx_word' id='word_1_585' title='bbox 682 4439 1104 4515; x_wconf 69' lang='lat' dir='ltr'><strong>admonitionem</strong></span> <span class='ocrx_word' id='word_1_586' title='bbox 1154 4458 1241 4510; x_wconf 92' lang='lat' dir='ltr'><strong>cui</strong></span> <span class='ocrx_word' id='word_1_587' title='bbox 1293 4451 1546 4509; x_wconf 87' lang='lat' dir='ltr'><strong>divinitas</strong></span> <span class='ocrx_word' id='word_1_588' title='bbox 1592 4453 1975 4523; x_wconf 87' lang='lat' dir='ltr'><strong>patrocinatur.</strong></span> 
     </span>
    </p>
   </div>
   <div class='ocr_carea' id='block_1_78' title="bbox 2075 3246 3673 3323">
    <p class='ocr_par' dir='ltr' id='par_1_78' title="bbox 2075 3246 3673 3323">
     <span class='ocr_line' id='line_1_78' title="bbox 2075 3246 3673 3323; baseline -0.008 -12"><span class='ocrx_word' id='word_1_589' title='bbox 2075 3255 2128 3311; x_wconf 91' lang='lat' dir='ltr'><strong>in</strong></span> <span class='ocrx_word' id='word_1_590' title='bbox 2169 3269 2330 3310; x_wconf 92' lang='lat' dir='ltr'><strong>uuam</strong></span> <span class='ocrx_word' id='word_1_591' title='bbox 2355 3268 2595 3318; x_wconf 89' lang='lat' dir='ltr'><strong>carnem,</strong></span> <span class='ocrx_word' id='word_1_592' title='bbox 2620 3252 2715 3307; x_wconf 89' lang='lat' dir='ltr'><strong>sed</strong></span> <span class='ocrx_word' id='word_1_593' title='bbox 2754 3266 2858 3307; x_wconf 83' lang='lat' dir='ltr'><strong>una</strong></span> <span class='ocrx_word' id='word_1_594' title='bbox 2888 3250 3047 3323; x_wconf 88' lang='lat' dir='ltr'><strong>plane</strong></span> <span class='ocrx_word' id='word_1_595' title='bbox 3072 3258 3219 3304; x_wconf 88' lang='lat' dir='ltr'><strong>costa</strong></span> <span class='ocrx_word' id='word_1_596' title='bbox 3249 3246 3363 3321; x_wconf 87' lang='lat' dir='ltr'><strong>(l7)</strong></span> <span class='ocrx_word' id='word_1_597' title='bbox 3392 3248 3443 3301; x_wconf 91' lang='lat' dir='ltr'><strong>in</strong></span> <span class='ocrx_word' id='word_1_598' title='bbox 3472 3247 3673 3317; x_wconf 90' lang='lat' dir='ltr'><strong>plures.</strong></span> 
     </span>
    </p>
   </div>
   <div class='ocr_carea' id='block_1_79' title="bbox 2075 3338 3677 3416">
    <p class='ocr_par' dir='ltr' id='par_1_79' title="bbox 2075 3338 3677 3416">
     <span class='ocr_line' id='line_1_79' title="bbox 2075 3338 3677 3416; baseline -0.005 -13"><span class='ocrx_word' id='word_1_599' title='bbox 2075 3348 2143 3403; x_wconf 83' lang='lat' dir='ltr'><strong>At</strong></span> <span class='ocrx_word' id='word_1_600' title='bbox 2190 3360 2347 3416; x_wconf 88' lang='lat' dir='ltr'><strong>quam</strong></span> <span class='ocrx_word' id='word_1_601' title='bbox 2392 3344 2680 3414; x_wconf 86' lang='lat' dir='ltr'><strong>Apostolus</strong></span> <span class='ocrx_word' id='word_1_602' title='bbox 2706 3344 2759 3399; x_wconf 90' lang='lat' dir='ltr'><strong>in</strong></span> <span class='ocrx_word' id='word_1_603' title='bbox 2791 3342 3088 3398; x_wconf 87' lang='lat' dir='ltr'><strong>Ecclesiam</strong></span> <span class='ocrx_word' id='word_1_604' title='bbox 3121 3350 3176 3395; x_wconf 91' lang='lat' dir='ltr'><strong>ct</strong></span> <span class='ocrx_word' id='word_1_605' title='bbox 3203 3339 3475 3396; x_wconf 88' lang='lat' dir='ltr'><strong>Christum</strong></span> <span class='ocrx_word' id='word_1_606' title='bbox 3506 3338 3677 3395; x_wconf 87' lang='lat' dir='ltr'><strong>inter-</strong></span> 
     </span>
    </p>
   </div>
   <div class='ocr_carea' id='block_1_80' title="bbox 2074 3433 3674 3511">
    <p class='ocr_par' dir='ltr' id='par_1_80' title="bbox 2074 3433 3674 3511">
     <span class='ocr_line' id='line_1_80' title="bbox 2074 3433 3674 3511; baseline -0.004 -16"><span class='ocrx_word' id='word_1_607' title='bbox 2074 3447 2332 3511; x_wconf 85' lang='lat' dir='ltr'><strong>pretatur.</strong></span> <span class='ocrx_word' id='word_1_608' title='bbox 2361 3447 2505 3493; x_wconf 84' lang='lat' dir='ltr'><strong>erunt</strong></span> <span class='ocrx_word' id='word_1_609' title='bbox 2534 3437 2639 3492; x_wconf 87' lang='lat' dir='ltr'><strong>duo</strong></span> <span class='ocrx_word' id='word_1_610' title='bbox 2668 3438 2720 3492; x_wconf 90' lang='lat' dir='ltr'><strong>in</strong></span> <span class='ocrx_word' id='word_1_611' title='bbox 2752 3452 2903 3491; x_wconf 88' lang='lat' dir='ltr'><strong>unam</strong></span> <span class='ocrx_word' id='word_1_612' title='bbox 2932 3452 3135 3489; x_wconf 82' lang='lat' dir='ltr'><strong>carnem</strong></span> <span class='ocrx_word' id='word_1_613' title='bbox 3161 3478 3174 3501; x_wconf 88' lang='lat'><strong>,</strong></span> <span class='ocrx_word' id='word_1_614' title='bbox 3213 3433 3511 3490; x_wconf 87' lang='lat' dir='ltr'><strong>secumlum</strong></span> <span class='ocrx_word' id='word_1_615' title='bbox 3557 3433 3674 3504; x_wconf 85' lang='lat' dir='ltr'><strong>spi-</strong></span> 
     </span>
    </p>
   </div>
   <div class='ocr_carea' id='block_1_81' title="bbox 2079 3525 3678 3602">
    <p class='ocr_par' dir='ltr' id='par_1_81' title="bbox 2079 3525 3678 3602">
     <span class='ocr_line' id='line_1_81' title="bbox 2079 3525 3678 3602; baseline -0.004 -15"><span class='ocrx_word' id='word_1_616' title='bbox 2079 3533 2267 3588; x_wconf 82' lang='lat' dir='ltr'><strong>ritales</strong></span> <span class='ocrx_word' id='word_1_617' title='bbox 2295 3532 2509 3602; x_wconf 89' lang='lat' dir='ltr'><strong>nuptias</strong></span> <span class='ocrx_word' id='word_1_618' title='bbox 2535 3530 2787 3587; x_wconf 73' lang='lat' dir='ltr'><strong>Ecclesia:</strong></span> <span class='ocrx_word' id='word_1_619' title='bbox 2815 3539 2869 3586; x_wconf 91' lang='lat' dir='ltr'><strong>et</strong></span> <span class='ocrx_word' id='word_1_620' title='bbox 2907 3528 3103 3584; x_wconf 87' lang='lat' dir='ltr'><strong>Christi</strong></span> <span class='ocrx_word' id='word_1_621' title='bbox 3156 3526 3318 3600; x_wconf 92' lang='lat' dir='ltr'><strong>(unus</strong></span> <span class='ocrx_word' id='word_1_622' title='bbox 3343 3527 3486 3582; x_wconf 88' lang='lat' dir='ltr'><strong>enim</strong></span> <span class='ocrx_word' id='word_1_623' title='bbox 3517 3525 3678 3581; x_wconf 78' lang='lat' dir='ltr'><strong>Chri-</strong></span> 
     </span>
    </p>
   </div>
   <div class='ocr_carea' id='block_1_82' title="bbox 2074 3619 3676 3696">
    <p class='ocr_par' dir='ltr' id='par_1_82' title="bbox 2074 3619 3676 3696">
     <span class='ocr_line' id='line_1_82' title="bbox 2074 3619 3676 3696; baseline -0.003 -16"><span class='ocrx_word' id='word_1_624' title='bbox 2074 3635 2188 3680; x_wconf 86' lang='lat' dir='ltr'><strong>stus</strong></span> <span class='ocrx_word' id='word_1_625' title='bbox 2212 3667 2226 3690; x_wconf 92' lang='lat'><strong>,</strong></span> <span class='ocrx_word' id='word_1_626' title='bbox 2258 3634 2311 3681; x_wconf 87' lang='lat' dir='ltr'><strong>et</strong></span> <span class='ocrx_word' id='word_1_627' title='bbox 2342 3640 2442 3679; x_wconf 92' lang='lat' dir='ltr'><strong>una</strong></span> <span class='ocrx_word' id='word_1_628' title='bbox 2470 3623 2585 3694; x_wconf 85' lang='lat' dir='ltr'><strong>ejus</strong></span> <span class='ocrx_word' id='word_1_629' title='bbox 2608 3621 2916 3696; x_wconf 82' lang='lat' dir='ltr'><strong>Ecclesia),</strong></span> <span class='ocrx_word' id='word_1_630' title='bbox 2946 3636 3239 3692; x_wconf 82' lang='lat' dir='ltr'><strong>agnoscere</strong></span> <span class='ocrx_word' id='word_1_631' title='bbox 3282 3620 3544 3676; x_wconf 79' lang='lat' dir='ltr'><strong>debemus</strong></span> <span class='ocrx_word' id='word_1_632' title='bbox 3570 3619 3676 3675; x_wconf 83' lang='lat' dir='ltr'><strong>du-</strong></span> 
     </span>
    </p>
   </div>
   <div class='ocr_carea' id='block_1_83' title="bbox 2077 3713 3680 3790">
    <p class='ocr_par' dir='ltr' id='par_1_83' title="bbox 2077 3713 3680 3790">
     <span class='ocr_line' id='line_1_83' title="bbox 2077 3713 3680 3790; baseline -0.002 -18"><span class='ocrx_word' id='word_1_633' title='bbox 2077 3718 2324 3790; x_wconf 85' lang='lat' dir='ltr'><strong>plicatam</strong></span> <span class='ocrx_word' id='word_1_634' title='bbox 2346 3727 2401 3773; x_wconf 89' lang='lat' dir='ltr'><strong>et</strong></span> <span class='ocrx_word' id='word_1_635' title='bbox 2420 3726 2792 3789; x_wconf 71' lang='lat' dir='ltr'><strong>exaggeratam</strong></span> <span class='ocrx_word' id='word_1_636' title='bbox 2831 3731 2953 3771; x_wconf 89' lang='lat' dir='ltr'><strong>esse</strong></span> <span class='ocrx_word' id='word_1_637' title='bbox 2980 3714 3137 3769; x_wconf 90' lang='lat' dir='ltr'><strong>nobis</strong></span> <span class='ocrx_word' id='word_1_638' title='bbox 3167 3714 3325 3769; x_wconf 91' lang='lat' dir='ltr'><strong>unius</strong></span> <span class='ocrx_word' id='word_1_639' title='bbox 3351 3713 3680 3769; x_wconf 88' lang='lat' dir='ltr'><strong>matrimonii</strong></span> 
     </span>
    </p>
   </div>
   <div class='ocr_carea' id='block_1_84' title="bbox 2078 3805 3681 3883">
    <p class='ocr_par' dir='ltr' id='par_1_84' title="bbox 2078 3805 3681 3883">
     <span class='ocr_line' id='line_1_84' title="bbox 2078 3805 3681 3883; baseline -0.003 -17"><span class='ocrx_word' id='word_1_640' title='bbox 2078 3809 2193 3883; x_wconf 88' lang='lat' dir='ltr'><strong>(l8)</strong></span> <span class='ocrx_word' id='word_1_641' title='bbox 2225 3808 2395 3880; x_wconf 84' lang='lat' dir='ltr'><strong>legem</strong></span> <span class='ocrx_word' id='word_1_642' title='bbox 2423 3852 2437 3876; x_wconf 92' lang='lat'><strong>,</strong></span> <span class='ocrx_word' id='word_1_643' title='bbox 2470 3819 2577 3864; x_wconf 89' lang='lat' dir='ltr'><strong>tam</strong></span> <span class='ocrx_word' id='word_1_644' title='bbox 2608 3808 2909 3865; x_wconf 89' lang='lat' dir='ltr'><strong>secundum</strong></span> <span class='ocrx_word' id='word_1_645' title='bbox 2959 3808 3179 3879; x_wconf 82' lang='lat' dir='ltr'><strong>generis</strong></span> <span class='ocrx_word' id='word_1_646' title='bbox 3230 3805 3633 3864; x_wconf 82' lang='lat' dir='ltr'><strong>fundamentum</strong></span> <span class='ocrx_word' id='word_1_647' title='bbox 3662 3847 3681 3872; x_wconf 90' lang='lat'><strong>,</strong></span> 
     </span>
    </p>
   </div>
   <div class='ocr_carea' id='block_1_85' title="bbox 2075 3897 3678 3972">
    <p class='ocr_par' dir='ltr' id='par_1_85' title="bbox 2075 3897 3678 3972">
     <span class='ocr_line' id='line_1_85' title="bbox 2075 3897 3678 3972; baseline -0.002 -16"><span class='ocrx_word' id='word_1_648' title='bbox 2075 3916 2233 3972; x_wconf 88' lang='lat' dir='ltr'><strong>quam</strong></span> <span class='ocrx_word' id='word_1_649' title='bbox 2272 3900 2565 3957; x_wconf 80' lang='lat' dir='ltr'><strong>secundum</strong></span> <span class='ocrx_word' id='word_1_650' title='bbox 2610 3900 2806 3957; x_wconf 87' lang='lat' dir='ltr'><strong>Christi</strong></span> <span class='ocrx_word' id='word_1_651' title='bbox 2854 3908 3270 3955; x_wconf 84' lang='lat' dir='ltr'><strong>sacramentum.</strong></span> <span class='ocrx_word' id='word_1_652' title='bbox 3301 3897 3379 3954; x_wconf 91' lang='lat' dir='ltr'><strong>De</strong></span> <span class='ocrx_word' id='word_1_653' title='bbox 3410 3912 3521 3953; x_wconf 90' lang='lat' dir='ltr'><strong>uno</strong></span> <span class='ocrx_word' id='word_1_654' title='bbox 3553 3913 3678 3952; x_wconf 86' lang='lat' dir='ltr'><strong>ma-</strong></span> 
     </span>
    </p>
   </div>
   <div class='ocr_carea' id='block_1_86' title="bbox 2078 3987 3679 4061">
    <p class='ocr_par' dir='ltr' id='par_1_86' title="bbox 2078 3987 3679 4061">
     <span class='ocr_line' id='line_1_86' title="bbox 2078 3987 3679 4061; baseline -0.004 -11"><span class='ocrx_word' id='word_1_655' title='bbox 2078 3994 2330 4050; x_wconf 90' lang='lat' dir='ltr'><strong>trimonio</strong></span> <span class='ocrx_word' id='word_1_656' title='bbox 2349 4007 2634 4048; x_wconf 88' lang='lat' dir='ltr'><strong>censemur</strong></span> <span class='ocrx_word' id='word_1_657' title='bbox 2654 3991 2937 4061; x_wconf 89' lang='lat' dir='ltr'><strong>utrobique</strong></span> <span class='ocrx_word' id='word_1_658' title='bbox 2961 4032 2976 4057; x_wconf 89' lang='lat'><strong>,</strong></span> <span class='ocrx_word' id='word_1_659' title='bbox 3006 4000 3059 4045; x_wconf 88' lang='lat' dir='ltr'><strong>et</strong></span> <span class='ocrx_word' id='word_1_660' title='bbox 3084 3989 3371 4045; x_wconf 88' lang='lat' dir='ltr'><strong>carnaliter</strong></span> <span class='ocrx_word' id='word_1_661' title='bbox 3399 3989 3452 4044; x_wconf 88' lang='lat' dir='ltr'><strong>in</strong></span> <span class='ocrx_word' id='word_1_662' title='bbox 3480 3987 3679 4055; x_wconf 81' lang='lat' dir='ltr'><strong>Adam,</strong></span> 
     </span>
    </p>
   </div>
   <div class='ocr_carea' id='block_1_87' title="bbox 2079 4083 3685 4159">
    <p class='ocr_par' dir='ltr' id='par_1_87' title="bbox 2079 4083 3685 4159">
     <span class='ocr_line' id='line_1_87' title="bbox 2079 4083 3685 4159; baseline -0.004 -14"><span class='ocrx_word' id='word_1_663' title='bbox 2079 4098 2135 4146; x_wconf 88' lang='lat' dir='ltr'><strong>et</strong></span> <span class='ocrx_word' id='word_1_664' title='bbox 2160 4086 2472 4159; x_wconf 89' lang='lat' dir='ltr'><strong>spiritaliter</strong></span> <span class='ocrx_word' id='word_1_665' title='bbox 2494 4086 2546 4141; x_wconf 91' lang='lat' dir='ltr'><strong>in</strong></span> <span class='ocrx_word' id='word_1_666' title='bbox 2573 4085 2810 4141; x_wconf 88' lang='lat' dir='ltr'><strong>Christo.</strong></span> <span class='ocrx_word' id='word_1_667' title='bbox 2866 4085 3099 4140; x_wconf 87' lang='lat' dir='ltr'><strong>Duarum</strong></span> <span class='ocrx_word' id='word_1_668' title='bbox 3149 4083 3484 4140; x_wconf 88' lang='lat' dir='ltr'><strong>nativitatum</strong></span> <span class='ocrx_word' id='word_1_669' title='bbox 3514 4099 3685 4139; x_wconf 87' lang='lat' dir='ltr'><strong>unttm</strong></span> 
     </span>
    </p>
   </div>
   <div class='ocr_carea' id='block_1_88' title="bbox 2082 4174 3688 4249">
    <p class='ocr_par' dir='ltr' id='par_1_88' title="bbox 2082 4174 3688 4249">
     <span class='ocr_line' id='line_1_88' title="bbox 2082 4174 3688 4249; baseline -0.002 -14"><span class='ocrx_word' id='word_1_670' title='bbox 2082 4189 2165 4236; x_wconf 87' lang='lat' dir='ltr'><strong>est</strong></span> <span class='ocrx_word' id='word_1_671' title='bbox 2213 4181 2563 4249; x_wconf 71' lang='lat' dir='ltr'><strong>monogamia:</strong></span> <span class='ocrx_word' id='word_1_672' title='bbox 2612 4176 3008 4249; x_wconf 72' lang='lat' dir='ltr'><strong>prtescriptum.</strong></span> <span class='ocrx_word' id='word_1_673' title='bbox 3060 4176 3117 4231; x_wconf 95' lang='lat' dir='ltr'><strong>ln</strong></span> <span class='ocrx_word' id='word_1_674' title='bbox 3173 4185 3401 4247; x_wconf 71' lang='lat' dir='ltr'><strong>utraque</strong></span> <span class='ocrx_word' id='word_1_675' title='bbox 3446 4174 3688 4248; x_wconf 76' lang='lat' dir='ltr'><strong>degene-</strong></span> 
     </span>
    </p>
   </div>
   <div class='ocr_carea' id='block_1_89' title="bbox 2083 4265 3682 4340">
    <p class='ocr_par' dir='ltr' id='par_1_89' title="bbox 2083 4265 3682 4340">
     <span class='ocr_line' id='line_1_89' title="bbox 2083 4265 3682 4340; baseline 0 -18"><span class='ocrx_word' id='word_1_676' title='bbox 2083 4275 2170 4322; x_wconf 89' lang='lat' dir='ltr'><strong>rat</strong></span> <span class='ocrx_word' id='word_1_677' title='bbox 2189 4310 2202 4333; x_wconf 85' lang='lat'><strong>,</strong></span> <span class='ocrx_word' id='word_1_678' title='bbox 2225 4269 2314 4340; x_wconf 91' lang='lat' dir='ltr'><strong>qui</strong></span> <span class='ocrx_word' id='word_1_679' title='bbox 2338 4269 2406 4325; x_wconf 89' lang='lat' dir='ltr'><strong>de</strong></span> <span class='ocrx_word' id='word_1_680' title='bbox 2426 4269 2761 4340; x_wconf 85' lang='lat' dir='ltr'><strong>monogamia</strong></span> <span class='ocrx_word' id='word_1_681' title='bbox 2784 4266 3070 4331; x_wconf 80' lang='lat' dir='ltr'><strong>exorbitat.</strong></span> <span class='ocrx_word' id='word_1_682' title='bbox 3098 4265 3365 4322; x_wconf 83' lang='lat' dir='ltr'><strong>Numerus</strong></span> <span class='ocrx_word' id='word_1_683' title='bbox 3392 4266 3682 4322; x_wconf 82' lang='lat' dir='ltr'><strong>matrimo—</strong></span> 
     </span>
    </p>
   </div>
   <div class='ocr_carea' id='block_1_90' title="bbox 2086 4358 3687 4433">
    <p class='ocr_par' dir='ltr' id='par_1_90' title="bbox 2086 4358 3687 4433">
     <span class='ocr_line' id='line_1_90' title="bbox 2086 4358 3687 4433; baseline -0.001 -15"><span class='ocrx_word' id='word_1_684' title='bbox 2086 4362 2160 4418; x_wconf 89' lang='lat' dir='ltr'><strong>nii</strong></span> <span class='ocrx_word' id='word_1_685' title='bbox 2189 4378 2219 4418; x_wconf 89' lang='lat' dir='ltr'><strong>a</strong></span> <span class='ocrx_word' id='word_1_686' title='bbox 2247 4364 2528 4420; x_wconf 91' lang='lat' dir='ltr'><strong>maledicto</strong></span> <span class='ocrx_word' id='word_1_687' title='bbox 2559 4364 2674 4418; x_wconf 91' lang='lat' dir='ltr'><strong>viro</strong></span> <span class='ocrx_word' id='word_1_688' title='bbox 2717 4362 2902 4433; x_wconf 71' lang='lat' dir='ltr'><strong>erepit.</strong></span> <span class='ocrx_word' id='word_1_689' title='bbox 2932 4361 3146 4418; x_wconf 85' lang='lat' dir='ltr'><strong>Primus</strong></span> <span class='ocrx_word' id='word_1_690' title='bbox 3192 4359 3445 4428; x_wconf 84' lang='lat' dir='ltr'><strong>Lamech,</strong></span> <span class='ocrx_word' id='word_1_691' title='bbox 3474 4358 3687 4416; x_wconf 83' lang='lat' dir='ltr'><strong>duabus</strong></span> 
     </span>
    </p>
   </div>
   <div class='ocr_carea' id='block_1_91' title="bbox 2088 4450 3268 4521">
    <p class='ocr_par' dir='ltr' id='par_1_91' title="bbox 2088 4450 3268 4521">
     <span class='ocr_line' id='line_1_91' title="bbox 2088 4450 3268 4521; baseline -0.002 -11"><span class='ocrx_word' id='word_1_692' title='bbox 2088 4455 2365 4510; x_wconf 82' lang='lat' dir='ltr'><strong>maritatas</strong></span> <span class='ocrx_word' id='word_1_693' title='bbox 2383 4497 2399 4521; x_wconf 93' lang='lat'><strong>,</strong></span> <span class='ocrx_word' id='word_1_694' title='bbox 2426 4466 2535 4512; x_wconf 87' lang='lat' dir='ltr'><strong>tres</strong></span> <span class='ocrx_word' id='word_1_695' title='bbox 2557 4455 2609 4510; x_wconf 92' lang='lat' dir='ltr'><strong>in</strong></span> <span class='ocrx_word' id='word_1_696' title='bbox 2637 4470 2795 4510; x_wconf 90' lang='lat' dir='ltr'><strong>uuam</strong></span> <span class='ocrx_word' id='word_1_697' title='bbox 2823 4468 3040 4510; x_wconf 89' lang='lat' dir='ltr'><strong>carnem</strong></span> <span class='ocrx_word' id='word_1_698' title='bbox 3073 4450 3268 4508; x_wconf 81' lang='lat' dir='ltr'><strong>effecit.</strong></span> 
     </span>
    </p>
   </div>
   <div class='ocr_carea' id='block_1_92' title="bbox 1618 4542 2464 4605">
    <p class='ocr_par' dir='ltr' id='par_1_92' title="bbox 1618 4542 2464 4605">
     <span class='ocr_line' id='line_1_92' title="bbox 1618 4542 2464 4605; baseline 0.002 -5"><span class='ocrx_word' id='word_1_699' title='bbox 1618 4542 2006 4603; x_wconf 83' lang='lat' dir='ltr'><strong>LECTIONES</strong></span> <span class='ocrx_word' id='word_1_700' title='bbox 2048 4546 2464 4605; x_wconf 74' lang='lat' dir='ltr'><strong>VARIANTES.</strong></span> 
     </span>
    </p>
   </div>
   <div class='ocr_carea' id='block_1_93' title="bbox 440 4635 1368 4710">
    <p class='ocr_par' dir='ltr' id='par_1_93' title="bbox 440 4635 1368 4710">
     <span class='ocr_line' id='line_1_93' title="bbox 440 4635 1368 4710; baseline -0.014 -11"><span class='ocrx_word' id='word_1_701' title='bbox 440 4647 456 4699; x_wconf 82' lang='lat' dir='ltr'><strong>f</strong></span> <span class='ocrx_word' id='word_1_702' title='bbox 468 4646 513 4710; x_wconf 72' lang='lat' dir='ltr'><strong>li</strong></span> <span class='ocrx_word' id='word_1_703' title='bbox 546 4645 742 4710; x_wconf 65' lang='lat' dir='ltr'><strong>l‘luptos</strong></span> <span class='ocrx_word' id='word_1_704' title='bbox 763 4641 1005 4710; x_wconf 69' lang='lat' dir='ltr'><strong>etviduas</strong></span> <span class='ocrx_word' id='word_1_705' title='bbox 1027 4638 1180 4693; x_wconf 83' lang='lat' dir='ltr'><strong>Rhea.</strong></span> <span class='ocrx_word' id='word_1_706' title='bbox 1214 4635 1368 4691; x_wconf 86' lang='lat' dir='ltr'><strong>Seml.</strong></span> 
     </span>
    </p>
   </div>
   <div class='ocr_carea' id='block_1_94' title="bbox 438 4706 927 4757">
    <p class='ocr_par' dir='ltr' id='par_1_94' title="bbox 438 4706 927 4757">
     <span class='ocr_line' id='line_1_94' title="bbox 438 4706 927 4757; baseline -0.008 0"><span class='ocrx_word' id='word_1_707' title='bbox 438 4710 453 4757; x_wconf 83' lang='lat' dir='ltr'><strong>l</strong></span> <span class='ocrx_word' id='word_1_708' title='bbox 462 4709 511 4757; x_wconf 71' lang='grc' dir='ltr'><strong>Ξ)</strong></span> <span class='ocrx_word' id='word_1_709' title='bbox 545 4706 927 4756; x_wconf 75' lang='lat' dir='ltr'><strong>Nttmerandam.</strong></span> 
     </span>
    </p>
   </div>
   <div class='ocr_carea' id='block_1_95' title="bbox 436 4759 1554 4832">
    <p class='ocr_par' dir='ltr' id='par_1_95' title="bbox 436 4759 1554 4832">
     <span class='ocr_line' id='line_1_95' title="bbox 436 4759 1554 4832; baseline -0.007 -16"><span class='ocrx_word' id='word_1_710' title='bbox 436 4770 509 4832; x_wconf 59' lang='lat' dir='ltr'><strong>(fi)</strong></span> <span class='ocrx_word' id='word_1_711' title='bbox 537 4770 589 4832; x_wconf 87' lang='lat' dir='ltr'><strong>lu</strong></span> <span class='ocrx_word' id='word_1_712' title='bbox 613 4770 820 4819; x_wconf 82' lang='lat' dir='ltr'><strong>collecto</strong></span> <span class='ocrx_word' id='word_1_713' title='bbox 844 4766 993 4832; x_wconf 55' lang='lat' dir='ltr'><strong>Illum:</strong></span> <span class='ocrx_word' id='word_1_714' title='bbox 1012 4759 1164 4816; x_wconf 84' lang='lat' dir='ltr'><strong>Seml.</strong></span> <span class='ocrx_word' id='word_1_715' title='bbox 1192 4765 1332 4832; x_wconf 56' lang='lat' dir='ltr'><strong>fam:</strong></span> <span class='ocrx_word' id='word_1_716' title='bbox 1451 4827 1461 4832; x_wconf 87' lang='lat'>_</span> <span class='ocrx_word' id='word_1_717' title='bbox 1491 4817 1522 4832; x_wconf 51' lang='grc' dir='ltr'><strong>η</strong></span> <span class='ocrx_word' id='word_1_718' title='bbox 1541 4816 1554 4830; x_wconf 81' lang='lat'>_</span> 
     </span>
    </p>
   </div>
   <div class='ocr_carea' id='block_1_96' title="bbox 437 4820 1608 4894">
    <p class='ocr_par' dir='ltr' id='par_1_96' title="bbox 437 4820 1608 4894">
     <span class='ocr_line' id='line_1_96' title="bbox 437 4820 1608 4894; baseline -0.009 -14"><span class='ocrx_word' id='word_1_719' title='bbox 437 4820 511 4894; x_wconf 71' lang='grc'><strong>(1)</strong></span> <span class='ocrx_word' id='word_1_720' title='bbox 539 4831 598 4881; x_wconf 72' lang='lat' dir='ltr'><strong>lit</strong></span> <span class='ocrx_word' id='word_1_721' title='bbox 620 4833 951 4894; x_wconf 81' lang='lat' dir='ltr'><strong>innuptornm,</strong></span> <span class='ocrx_word' id='word_1_722' title='bbox 975 4827 1090 4894; x_wconf 68' lang='lat' dir='ltr'><strong>(nec</strong></span> <span class='ocrx_word' id='word_1_723' title='bbox 1105 4824 1249 4894; x_wconf 74' lang='lat' dir='ltr'><strong>verba</strong></span> <span class='ocrx_word' id='word_1_724' title='bbox 1290 4822 1469 4894; x_wconf 40' lang='lat' dir='ltr'><strong>des-nat.</strong></span> <span class='ocrx_word' id='word_1_725' title='bbox 1485 4820 1608 4871; x_wconf 81' lang='lat' dir='ltr'><strong>ibid.</strong></span> 
     </span>
    </p>
   </div>
   <div class='ocr_carea' id='block_1_97' title="bbox 437 4880 1790 4993">
    <p class='ocr_par' dir='ltr' id='par_1_97' title="bbox 437 4880 1790 4993">
     <span class='ocr_line' id='line_1_97' title="bbox 437 4880 1790 4967; baseline -0.007 -26"><span class='ocrx_word' id='word_1_726' title='bbox 437 4880 511 4957; x_wconf 65' lang='grc' dir='ltr'><em>ἰ</em></span> <span class='ocrx_word' id='word_1_727' title='bbox 537 4880 660 4944; x_wconf 61' lang='lat' dir='ltr'><strong>Hcce</strong></span> <span class='ocrx_word' id='word_1_728' title='bbox 682 4880 852 4967; x_wconf 66' lang='lat' dir='ltr'><strong>adimo</strong></span> <span class='ocrx_word' id='word_1_729' title='bbox 888 4880 1034 4941; x_wconf 71' lang='lat' dir='ltr'><strong>verba</strong></span> <span class='ocrx_word' id='word_1_730' title='bbox 1058 4887 1229 4939; x_wconf 85' lang='lat' dir='ltr'><strong>desunt</strong></span> <span class='ocrx_word' id='word_1_731' title='bbox 1253 4883 1387 4949; x_wconf 84' lang='lat' dir='ltr'><strong>apud</strong></span> <span class='ocrx_word' id='word_1_732' title='bbox 1409 4882 1561 4935; x_wconf 78' lang='lat' dir='ltr'><strong>Rhea.</strong></span> <span class='ocrx_word' id='word_1_733' title='bbox 1581 4888 1627 4934; x_wconf 89' lang='lat' dir='ltr'><strong>et</strong></span> <span class='ocrx_word' id='word_1_734' title='bbox 1645 4880 1790 4935; x_wconf 83' lang='lat' dir='ltr'><strong>Seml.</strong></span> 
     </span>
     <span class='ocr_line' id='line_1_98' title="bbox 437 4954 875 4993; baseline 0 0"><span class='ocrx_word' id='word_1_735' title='bbox 437 4954 506 4993; x_wconf 78' lang='lat' dir='ltr'><strong>llll</strong></span> <span class='ocrx_word' id='word_1_736' title='bbox 532 4955 716 4993; x_wconf 79' lang='lat' dir='ltr'><strong>lmlnmt</strong></span> <span class='ocrx_word' id='word_1_737' title='bbox 741 4955 875 4993; x_wconf 64' lang='lat' dir='ltr'><strong>alme</strong></span> 
     </span>
    </p>
   </div>
   <div class='ocr_carea' id='block_1_98' title="bbox 434 4954 1621 5087">
    <p class='ocr_par' dir='ltr' id='par_1_98' title="bbox 434 4954 1621 5087">
     <span class='ocr_line' id='line_1_99' title="bbox 434 4954 879 5015; baseline 0 -11"><span class='ocrx_word' id='word_1_738' title='bbox 434 4954 506 5015; x_wconf 67' lang='lat' dir='ltr'><strong>lli)</strong></span> <span class='ocrx_word' id='word_1_739' title='bbox 532 4955 720 5006; x_wconf 83' lang='lat' dir='ltr'><strong>inducit</strong></span> <span class='ocrx_word' id='word_1_740' title='bbox 741 4954 879 5005; x_wconf 82' lang='lat' dir='ltr'><strong>alios.</strong></span> 
     </span>
     <span class='ocr_line' id='line_1_100' title="bbox 434 5005 1621 5087; baseline -0.009 -18"><span class='ocrx_word' id='word_1_741' title='bbox 434 5018 509 5087; x_wconf 59' lang='grc' dir='ltr'><strong>(Ξ)</strong></span> <span class='ocrx_word' id='word_1_742' title='bbox 535 5019 672 5087; x_wconf 84' lang='lat' dir='ltr'><strong>Quod</strong></span> <span class='ocrx_word' id='word_1_743' title='bbox 698 5016 893 5087; x_wconf 79' lang='lat' dir='ltr'><strong>ﬁdelem</strong></span> <span class='ocrx_word' id='word_1_744' title='bbox 915 5014 1099 5087; x_wconf 78' lang='lat' dir='ltr'><strong>dixerit</strong></span> <span class='ocrx_word' id='word_1_745' title='bbox 1120 5010 1273 5087; x_wconf 47' lang='lat' dir='ltr'><strong>I‘ilien.</strong></span> <span class='ocrx_word' id='word_1_746' title='bbox 1302 5012 1444 5087; x_wconf 65' lang='lat' dir='ltr'><strong>Pam.</strong></span> <span class='ocrx_word' id='word_1_747' title='bbox 1469 5005 1621 5059; x_wconf 86' lang='lat' dir='ltr'><strong>Seml.</strong></span> 
     </span>
    </p>
   </div>
   <div class='ocr_carea' id='block_1_99' title="bbox 435 5074 1374 5207">
    <p class='ocr_par' dir='ltr' id='par_1_99' title="bbox 435 5074 1374 5207">
     <span class='ocr_line' id='line_1_101' title="bbox 435 5074 1374 5143; baseline -0.014 -8"><span class='ocrx_word' id='word_1_748' title='bbox 435 5074 507 5139; x_wconf 56' lang='lat'><strong>(3&#39;)</strong></span> <span class='ocrx_word' id='word_1_749' title='bbox 533 5074 696 5143; x_wconf 58' lang='lat' dir='ltr'><strong>Atque</strong></span> <span class='ocrx_word' id='word_1_750' title='bbox 717 5079 1118 5128; x_wconf 86' lang='lat' dir='ltr'><strong>documentorum</strong></span> <span class='ocrx_word' id='word_1_751' title='bbox 1136 5074 1374 5138; x_wconf 84' lang='lat' dir='ltr'><strong>linguam.</strong></span> 
     </span>
     <span class='ocr_line' id='line_1_102' title="bbox 435 5138 1016 5207; baseline -0.007 -15"><span class='ocrx_word' id='word_1_752' title='bbox 435 5141 509 5207; x_wconf 81' lang='grc'><strong>(9)</strong></span> <span class='ocrx_word' id='word_1_753' title='bbox 531 5142 680 5202; x_wconf 87' lang='lat' dir='ltr'><strong>Quasi</strong></span> <span class='ocrx_word' id='word_1_754' title='bbox 702 5139 842 5192; x_wconf 81' lang='lat' dir='ltr'><strong>addit</strong></span> <span class='ocrx_word' id='word_1_755' title='bbox 863 5138 1016 5190; x_wconf 79' lang='grc' dir='ltr'><strong>ιυιεη.</strong></span> 
     </span>
    </p>
   </div>
   <div class='ocr_carea' id='block_1_100' title="bbox 576 5155 1016 5192">
    <p class='ocr_par' dir='ltr' id='par_1_100' title="bbox 576 5155 1016 5192">
     <span class='ocr_line' id='line_1_103' title="bbox 576 5155 1016 5192; baseline -0.009 0"><span class='ocrx_word' id='word_1_756' title='bbox 576 5155 680 5192; x_wconf 68' lang='lat' dir='ltr'><strong>uas:</strong></span> <span class='ocrx_word' id='word_1_757' title='bbox 702 5155 842 5192; x_wconf 84' lang='lat' dir='ltr'><strong>aaau</strong></span> <span class='ocrx_word' id='word_1_758' title='bbox 863 5155 1016 5190; x_wconf 72' lang='lat' dir='ltr'><strong>tmen.</strong></span> 
     </span>
    </p>
   </div>
   <div class='ocr_carea' id='block_1_101' title="bbox 2170 4701 2999 4766">
    <p class='ocr_par' dir='ltr' id='par_1_101' title="bbox 2170 4701 2999 4766">
     <span class='ocr_line' id='line_1_104' title="bbox 2170 4701 2999 4766; baseline 0.001 -15"><span class='ocrx_word' id='word_1_759' title='bbox 2170 4701 2245 4766; x_wconf 82' lang='grc'><strong>11)</strong></span> <span class='ocrx_word' id='word_1_760' title='bbox 2270 4701 2484 4766; x_wconf 82' lang='lat' dir='ltr'><strong>Dirigam</strong></span> <span class='ocrx_word' id='word_1_761' title='bbox 2509 4706 2654 4753; x_wconf 87' lang='lat' dir='ltr'><strong>Pam.</strong></span> <span class='ocrx_word' id='word_1_762' title='bbox 2681 4702 2825 4754; x_wconf 75' lang='lat' dir='ltr'><strong>(then.</strong></span> <span class='ocrx_word' id='word_1_763' title='bbox 2846 4702 2999 4755; x_wconf 84' lang='lat' dir='ltr'><strong>Seml.</strong></span> 
     </span>
    </p>
   </div>
   <div class='ocr_carea' id='block_1_102' title="bbox 2139 4763 2613 4823">
    <p class='ocr_par' dir='ltr' id='par_1_102' title="bbox 2139 4763 2613 4823">
     <span class='ocr_line' id='line_1_105' title="bbox 2139 4763 2613 4823; baseline 0.004 -9"><span class='ocrx_word' id='word_1_764' title='bbox 2139 4763 2613 4823; x_wconf 69' lang='lat' dir='ltr'><strong>(12)A|)iiiitioiid.</strong></span> 
     </span>
    </p>
   </div>
   <div class='ocr_carea' id='block_1_103' title="bbox 2139 4824 2736 4891">
    <p class='ocr_par' dir='ltr' id='par_1_103' title="bbox 2139 4824 2736 4891">
     <span class='ocr_line' id='line_1_106' title="bbox 2139 4824 2736 4891; baseline 0 -14"><span class='ocrx_word' id='word_1_765' title='bbox 2139 4824 2244 4891; x_wconf 76' lang='lat'><strong>([3)</strong></span> <span class='ocrx_word' id='word_1_766' title='bbox 2270 4826 2736 4891; x_wconf 63' lang='lat' dir='ltr'><strong>Becemenalumal.</strong></span> 
     </span>
    </p>
   </div>
   <div class='ocr_carea' id='block_1_104' title="bbox 2170 4889 2901 4953">
    <p class='ocr_par' dir='ltr' id='par_1_104' title="bbox 2170 4889 2901 4953">
     <span class='ocr_line' id='line_1_107' title="bbox 2170 4889 2901 4953; baseline 0.005 -16"><span class='ocrx_word' id='word_1_767' title='bbox 2170 4891 2181 4938; x_wconf 93' lang='lat' dir='ltr'><strong>I</strong></span> <span class='ocrx_word' id='word_1_768' title='bbox 2196 4889 2245 4953; x_wconf 72' lang='grc'><strong>1)</strong></span> <span class='ocrx_word' id='word_1_769' title='bbox 2266 4889 2548 4953; x_wconf 59' lang='lat' dir='ltr'><strong>lf‘igulasset</strong></span> <span class='ocrx_word' id='word_1_770' title='bbox 2569 4889 2656 4942; x_wconf 82' lang='lat' dir='ltr'><strong>alii</strong></span> <span class='ocrx_word' id='word_1_771' title='bbox 2669 4890 2901 4942; x_wconf 78' lang='lat' dir='ltr'><strong>scribtuu.</strong></span> 
     </span>
    </p>
   </div>
   <div class='ocr_carea' id='block_1_105' title="bbox 2169 4947 3585 5016">
    <p class='ocr_par' dir='ltr' id='par_1_105' title="bbox 2169 4947 3585 5016">
     <span class='ocr_line' id='line_1_108' title="bbox 2169 4947 3585 5016; baseline 0 -17"><span class='ocrx_word' id='word_1_772' title='bbox 2264 4947 2454 5016; x_wconf 54' lang='lat' dir='ltr'><strong>lfu&#39;ptiis</strong></span> <span class='ocrx_word' id='word_1_773' title='bbox 2471 4952 2617 5004; x_wconf 82' lang='lat' dir='ltr'><strong>functi</strong></span> <span class='ocrx_word' id='word_1_774' title='bbox 2645 4953 2843 5002; x_wconf 78' lang='lat' dir='ltr'><strong>formant</strong></span> <span class='ocrx_word' id='word_1_775' title='bbox 2868 4950 3143 5016; x_wconf 76' lang='lat' dir='ltr'><strong>hominibus</strong></span> <span class='ocrx_word' id='word_1_776' title='bbox 3164 4948 3279 5016; x_wconf 76' lang='lat' dir='ltr'><strong>Dei,</strong></span> <span class='ocrx_word' id='word_1_777' title='bbox 3303 4955 3401 5016; x_wconf 75' lang='lat' dir='ltr'><strong>etc.</strong></span> <span class='ocrx_word' id='word_1_778' title='bbox 3426 4947 3585 5013; x_wconf 73' lang='lat' dir='ltr'><strong>Rigal.</strong></span> 
     </span>
    </p>
   </div>
   <div class='ocr_carea' id='block_1_106' title="bbox 2137 5013 3684 5130">
    <p class='ocr_par' dir='ltr' id='par_1_106' title="bbox 2137 5013 3684 5130">
     <span class='ocr_line' id='line_1_109' title="bbox 2137 5013 3684 5130; baseline -0.001 -66"><span class='ocrx_word' id='word_1_779' title='bbox 2137 5013 2243 5130; x_wconf 76' lang='grc'><strong>(16)</strong></span> <span class='ocrx_word' id='word_1_780' title='bbox 2264 5013 2370 5063; x_wconf 64' lang='lat' dir='ltr'><strong>tam</strong></span> <span class='ocrx_word' id='word_1_781' title='bbox 2395 5028 2489 5065; x_wconf 90' lang='lat' dir='ltr'><strong>non</strong></span> <span class='ocrx_word' id='word_1_782' title='bbox 2515 5030 2607 5064; x_wconf 85' lang='lat' dir='ltr'><strong>una</strong></span> <span class='ocrx_word' id='word_1_783' title='bbox 2630 5027 2744 5066; x_wconf 84' lang='lat' dir='ltr'><strong>raro</strong></span> <span class='ocrx_word' id='word_1_784' title='bbox 2766 5022 2883 5065; x_wconf 84' lang='lat' dir='ltr'><strong>tunc</strong></span> <span class='ocrx_word' id='word_1_785' title='bbox 2900 5019 3065 5071; x_wconf 84' lang='lat' dir='ltr'><strong>erunt,</strong></span> <span class='ocrx_word' id='word_1_786' title='bbox 3081 5014 3123 5064; x_wconf 91' lang='lat' dir='ltr'><strong>si</strong></span> <span class='ocrx_word' id='word_1_787' title='bbox 3147 5013 3542 5076; x_wconf 87' lang='lat' dir='ltr'><strong>conjunctio,ctc.</strong></span> <span class='ocrx_word' id='word_1_788' title='bbox 3563 5020 3684 5063; x_wconf 78' lang='lat' dir='ltr'><strong>Jun.</strong></span> 
     </span>
     <span class='ocr_line' id='line_1_110' title="bbox 2168 5075 2736 5130; baseline -0.002 -4"><span class='ocrx_word' id='word_1_789' title='bbox 2168 5076 2218 5126; x_wconf 91' lang='lat' dir='ltr'><strong>l7</strong></span> <span class='ocrx_word' id='word_1_790' title='bbox 2239 5076 2381 5130; x_wconf 84' lang='lat' dir='ltr'><strong>)Caro</strong></span> <span class='ocrx_word' id='word_1_791' title='bbox 2403 5075 2556 5128; x_wconf 88' lang='lat' dir='ltr'><strong>Seml.</strong></span> <span class='ocrx_word' id='word_1_792' title='bbox 2586 5076 2736 5129; x_wconf 79' lang='lat' dir='ltr'><strong>Rhea.</strong></span> 
     </span>
    </p>
   </div>
   <div class='ocr_carea' id='block_1_107' title="bbox 2168 5075 2736 5141">
    <p class='ocr_par' dir='ltr' id='par_1_107' title="bbox 2168 5075 2736 5141">
     <span class='ocr_line' id='line_1_111' title="bbox 2168 5075 2736 5141; baseline -0.002 -15"><span class='ocrx_word' id='word_1_793' title='bbox 2168 5075 2381 5141; x_wconf 37' lang='lat' dir='ltr'><strong>l7:)(_Iaro</strong></span> <span class='ocrx_word' id='word_1_794' title='bbox 2403 5075 2556 5141; x_wconf 80' lang='lat' dir='ltr'><strong>Seml.</strong></span> <span class='ocrx_word' id='word_1_795' title='bbox 2586 5076 2736 5129; x_wconf 83' lang='lat' dir='ltr'><strong>Rheu.</strong></span> 
     </span>
    </p>
   </div>
   <div class='ocr_carea' id='block_1_108' title="bbox 2136 5135 3182 5205">
    <p class='ocr_par' dir='ltr' id='par_1_108' title="bbox 2136 5135 3182 5205">
     <span class='ocr_line' id='line_1_112' title="bbox 2136 5135 3182 5205; baseline -0.002 -17"><span class='ocrx_word' id='word_1_796' title='bbox 2136 5135 2244 5205; x_wconf 72' lang='lat'><strong>(18)</strong></span> <span class='ocrx_word' id='word_1_797' title='bbox 2265 5138 2450 5202; x_wconf 84' lang='lat' dir='ltr'><strong>Legem</strong></span> <span class='ocrx_word' id='word_1_798' title='bbox 2471 5140 2605 5191; x_wconf 85' lang='lat' dir='ltr'><strong>obest</strong></span> <span class='ocrx_word' id='word_1_799' title='bbox 2624 5154 2654 5190; x_wconf 89' lang='lat' dir='ltr'><strong>a</strong></span> <span class='ocrx_word' id='word_1_800' title='bbox 2676 5142 2820 5192; x_wconf 88' lang='lat' dir='ltr'><strong>Pam.</strong></span> <span class='ocrx_word' id='word_1_801' title='bbox 2852 5136 3006 5191; x_wconf 81' lang='lat' dir='ltr'><strong>Rhen.</strong></span> <span class='ocrx_word' id='word_1_802' title='bbox 3029 5135 3182 5188; x_wconf 85' lang='lat' dir='ltr'><strong>Seml.</strong></span> 
     </span>
    </p>
   </div>
   <div class='ocr_carea' id='block_1_109' title="bbox 1997 4637 3117 4830">
    <p class='ocr_par' dir='ltr' id='par_1_109' title="bbox 1997 4637 3117 4830">
     <span class='ocr_line' id='line_1_113' title="bbox 1997 4637 3117 4830; baseline -0.004 -72"><span class='ocrx_word' id='word_1_803' title='bbox 1997 4659 2049 4720; x_wconf 77' lang='grc' dir='ltr'>υ</span> <span class='ocrx_word' id='word_1_804' title='bbox 2139 4637 2246 4830; x_wconf 55' lang='lat' dir='ltr'><strong>ita</strong></span> <span class='ocrx_word' id='word_1_805' title='bbox 2266 4640 2654 4778; x_wconf 56' lang='lat' dir='ltr'><strong>marrae</strong></span> <span class='ocrx_word' id='word_1_806' title='bbox 2673 4638 3117 4755; x_wconf 50' lang='lat' dir='ltr'><strong>eaeam-am-</strong></span> 
     </span>
     <span class='ocr_line' id='line_1_114' title="bbox 2139 4763 2716 4830; baseline 0.003 -16"><span class='ocrx_word' id='word_1_807' title='bbox 2139 4763 2225 4830; x_wconf 59' lang='grc' dir='ltr'><strong>(Β</strong></span> <span class='ocrx_word' id='word_1_808' title='bbox 2269 4766 2613 4830; x_wconf 52' lang='lat' dir='ltr'><strong>glutntmud.</strong></span> <span class='ocrx_word' id='word_1_809' title='bbox 2707 4827 2716 4830; x_wconf 93' lang='lat'><em>_</em></span> 
     </span>
    </p>
   </div>
   <div class='ocr_carea' id='block_1_110' title="bbox 1747 5214 2310 5280">
    <p class='ocr_par' dir='ltr' id='par_1_110' title="bbox 1747 5214 2310 5280">
     <span class='ocr_line' id='line_1_115' title="bbox 1747 5214 2310 5280; baseline 0.016 -8"><span class='ocrx_word' id='word_1_810' title='bbox 1747 5214 2310 5280; x_wconf 66' lang='lat' dir='ltr'><strong>COMMENTARIUS.</strong></span> 
     </span>
    </p>
   </div>
   <div class='ocr_carea' id='block_1_111' title="bbox 368 5311 1965 5388">
    <p class='ocr_par' dir='ltr' id='par_1_111' title="bbox 368 5311 1965 5388">
     <span class='ocr_line' id='line_1_116' title="bbox 368 5311 1965 5388; baseline -0.003 -16"><span class='ocrx_word' id='word_1_811' title='bbox 368 5327 532 5374; x_wconf 85' lang='lat' dir='ltr'><strong>tatem</strong></span> <span class='ocrx_word' id='word_1_812' title='bbox 553 5328 608 5376; x_wconf 91' lang='lat' dir='ltr'><strong>et</strong></span> <span class='ocrx_word' id='word_1_813' title='bbox 634 5321 846 5385; x_wconf 84' lang='lat' dir='ltr'><strong>nuptias</strong></span> <span class='ocrx_word' id='word_1_814' title='bbox 861 5316 973 5388; x_wconf 90' lang='lat' dir='ltr'><strong>pari</strong></span> <span class='ocrx_word' id='word_1_815' title='bbox 1016 5314 1209 5372; x_wconf 88' lang='lat' dir='ltr'><strong>merito</strong></span> <span class='ocrx_word' id='word_1_816' title='bbox 1239 5312 1462 5388; x_wconf 81' lang='lat' dir='ltr'><strong>donaret</strong></span> <span class='ocrx_word' id='word_1_817' title='bbox 1484 5352 1498 5374; x_wconf 89' lang='lat'><strong>.</strong></span> <span class='ocrx_word' id='word_1_818' title='bbox 1527 5325 1646 5367; x_wconf 87' lang='lat' dir='ltr'><strong>eam</strong></span> <span class='ocrx_word' id='word_1_819' title='bbox 1678 5311 1965 5388; x_wconf 79' lang='lat' dir='ltr'><strong>aliquando</strong></span> 
     </span>
    </p>
   </div>
   <div class='ocr_carea' id='block_1_112' title="bbox 368 5381 1955 5459">
    <p class='ocr_par' dir='ltr' id='par_1_112' title="bbox 368 5381 1955 5459">
     <span class='ocr_line' id='line_1_117' title="bbox 368 5381 1955 5459; baseline -0.003 -17"><span class='ocrx_word' id='word_1_820' title='bbox 368 5392 519 5459; x_wconf 87' lang='lat' dir='ltr'><strong>sequi</strong></span> <span class='ocrx_word' id='word_1_821' title='bbox 570 5381 780 5446; x_wconf 83' lang='lat' dir='ltr'><strong>videtur</strong></span> <span class='ocrx_word' id='word_1_822' title='bbox 825 5381 981 5458; x_wconf 80' lang='lat' dir='ltr'><strong>hujus</strong></span> <span class='ocrx_word' id='word_1_823' title='bbox 1037 5384 1317 5458; x_wconf 76' lang='lat' dir='ltr'><strong>scriptoris</strong></span> <span class='ocrx_word' id='word_1_824' title='bbox 1358 5390 1624 5459; x_wconf 79' lang='lat' dir='ltr'><strong>mentem;</strong></span> <span class='ocrx_word' id='word_1_825' title='bbox 1682 5381 1725 5437; x_wconf 92' lang='lat' dir='ltr'><strong>is</strong></span> <span class='ocrx_word' id='word_1_826' title='bbox 1776 5393 1955 5459; x_wconf 82' lang='lat' dir='ltr'><strong>tamen</strong></span> 
     </span>
    </p>
   </div>
   <div class='ocr_carea' id='block_1_113' title="bbox 369 5454 1962 5532">
    <p class='ocr_par' dir='ltr' id='par_1_113' title="bbox 369 5454 1962 5532">
     <span class='ocr_line' id='line_1_118' title="bbox 369 5454 1962 5532; baseline -0.006 -16"><span class='ocrx_word' id='word_1_827' title='bbox 369 5454 528 5531; x_wconf 82' lang='lat' dir='ltr'><strong>epist.</strong></span> <span class='ocrx_word' id='word_1_828' title='bbox 577 5462 644 5515; x_wconf 88' lang='lat' dir='ltr'><strong>de</strong></span> <span class='ocrx_word' id='word_1_829' title='bbox 696 5454 912 5532; x_wconf 48' lang='lat' dir='ltr'><strong>monogl</strong></span> <span class='ocrx_word' id='word_1_830' title='bbox 951 5459 1017 5516; x_wconf 87' lang='lat' dir='ltr'><strong>ad</strong></span> <span class='ocrx_word' id='word_1_831' title='bbox 1049 5454 1403 5532; x_wconf 80' lang='lat' dir='ltr'><strong>Ageruchiam</strong></span> <span class='ocrx_word' id='word_1_832' title='bbox 1447 5455 1642 5532; x_wconf 68' lang='lat' dir='ltr'><strong>tinetur</strong></span> <span class='ocrx_word' id='word_1_833' title='bbox 1669 5454 1962 5532; x_wconf 68' lang='lat' dir='ltr'><strong>secundas,</strong></span> 
     </span>
    </p>
   </div>
   <div class='ocr_carea' id='block_1_114' title="bbox 371 5526 1954 5605">
    <p class='ocr_par' dir='ltr' id='par_1_114' title="bbox 371 5526 1954 5605">
     <span class='ocr_line' id='line_1_119' title="bbox 371 5526 1954 5605; baseline -0.003 -21"><span class='ocrx_word' id='word_1_834' title='bbox 371 5526 531 5605; x_wconf 78' lang='lat' dir='ltr'><strong>atque</strong></span> <span class='ocrx_word' id='word_1_835' title='bbox 556 5533 627 5589; x_wconf 89' lang='lat' dir='ltr'><strong>eti</strong></span> <span class='ocrx_word' id='word_1_836' title='bbox 646 5551 712 5587; x_wconf 88' lang='lat' dir='ltr'><strong>un</strong></span> <span class='ocrx_word' id='word_1_837' title='bbox 745 5526 928 5587; x_wconf 40' lang='lat' dir='ltr'><strong>tertiV-s</strong></span> <span class='ocrx_word' id='word_1_838' title='bbox 959 5526 1171 5605; x_wconf 74' lang='lat' dir='ltr'><strong>nuptias</strong></span> <span class='ocrx_word' id='word_1_839' title='bbox 1199 5572 1213 5595; x_wconf 92' lang='lat'><strong>,</strong></span> <span class='ocrx_word' id='word_1_840' title='bbox 1237 5530 1282 5605; x_wconf 80' lang='lat' dir='ltr'><strong>si</strong></span> <span class='ocrx_word' id='word_1_841' title='bbox 1311 5540 1532 5605; x_wconf 72' lang='lat' dir='ltr'><strong>necesse</strong></span> <span class='ocrx_word' id='word_1_842' title='bbox 1535 5526 1752 5605; x_wconf 40' lang='lat' dir='ltr'><strong>“forent,</strong></span> <span class='ocrx_word' id='word_1_843' title='bbox 1785 5526 1855 5580; x_wconf 86' lang='lat' dir='ltr'><strong>ab</strong></span> <span class='ocrx_word' id='word_1_844' title='bbox 1880 5527 1954 5580; x_wconf 82' lang='grc' dir='ltr'><strong>Λ-</strong></span> 
     </span>
    </p>
   </div>
   <div class='ocr_carea' id='block_1_115' title="bbox 365 5595 1629 5676">
    <p class='ocr_par' dir='ltr' id='par_1_115' title="bbox 365 5595 1629 5676">
     <span class='ocr_line' id='line_1_120' title="bbox 365 5595 1629 5676; baseline -0.007 -20"><span class='ocrx_word' id='word_1_845' title='bbox 365 5595 575 5676; x_wconf 63' lang='grc' dir='ltr'><strong>ριιέιοιο</strong></span> <span class='ocrx_word' id='word_1_846' title='bbox 617 5619 902 5676; x_wconf 75' lang='lat' dir='ltr'><strong>concessas</strong></span> <span class='ocrx_word' id='word_1_847' title='bbox 925 5595 1395 5676; x_wconf 75' lang='lat' dir='ltr'><strong>incontinentittus.</strong></span> <span class='ocrx_word' id='word_1_848' title='bbox 1421 5599 1500 5676; x_wconf 56' lang='lat' dir='ltr'><strong>In:</strong></span> <span class='ocrx_word' id='word_1_849' title='bbox 1535 5595 1629 5650; x_wconf 81' lang='lat' dir='ltr'><strong>Pu.</strong></span> 
     </span>
    </p>
   </div>
   <div class='ocr_carea' id='block_1_116' title="bbox 437 5667 1957 5748">
    <p class='ocr_par' dir='ltr' id='par_1_116' title="bbox 437 5667 1957 5748">
     <span class='ocr_line' id='line_1_121' title="bbox 437 5667 1957 5748; baseline -0.006 -17"><span class='ocrx_word' id='word_1_850' title='bbox 437 5676 589 5731; x_wconf 76' lang='lat' dir='ltr'><strong>CAP.</strong></span> <span class='ocrx_word' id='word_1_851' title='bbox 618 5675 709 5748; x_wconf 72' lang='lat' dir='ltr'><strong>1v.</strong></span> <span class='ocrx_word' id='word_1_852' title='bbox 733 5673 1059 5748; x_wconf 17' lang='lat' dir='ltr'><strong>—A—(a)ACum_</strong></span> <span class='ocrx_word' id='word_1_853' title='bbox 1085 5689 1207 5748; x_wconf 67' lang='lat' dir='ltr'><strong>pero</strong></span> <span class='ocrx_word' id='word_1_854' title='bbox 1245 5687 1337 5727; x_wconf 86' lang='lat' dir='ltr'><strong>nos</strong></span> <span class='ocrx_word' id='word_1_855' title='bbox 1385 5670 1456 5724; x_wconf 84' lang='lat' dir='ltr'><strong>ad</strong></span> <span class='ocrx_word' id='word_1_856' title='bbox 1499 5667 1957 5748; x_wconf 40' lang='lat' dir='ltr'><strong>exeat-plurumum</strong></span> 
     </span>
    </p>
   </div>
   <div class='ocr_carea' id='block_1_117' title="bbox 363 5738 1946 5813">
    <p class='ocr_par' dir='ltr' id='par_1_117' title="bbox 363 5738 1946 5813">
     <span class='ocr_line' id='line_1_122' title="bbox 363 5738 1946 5813; baseline -0.003 -15"><span class='ocrx_word' id='word_1_857' title='bbox 363 5746 614 5802; x_wconf 85' lang='lat' dir='ltr'><strong>hortatur.</strong></span> <span class='ocrx_word' id='word_1_858' title='bbox 648 5738 998 5802; x_wconf 53' lang='lat' dir='ltr'><strong>Facit‘e&#39;tiam</strong></span> <span class='ocrx_word' id='word_1_859' title='bbox 1045 5743 1134 5799; x_wconf 88' lang='lat' dir='ltr'><strong>hic</strong></span> <span class='ocrx_word' id='word_1_860' title='bbox 1179 5744 1330 5798; x_wconf 90' lang='lat' dir='ltr'><strong>locus</strong></span> <span class='ocrx_word' id='word_1_861' title='bbox 1373 5756 1470 5813; x_wconf 86' lang='lat' dir='ltr'><strong>pro</strong></span> <span class='ocrx_word' id='word_1_862' title='bbox 1505 5738 1828 5796; x_wconf 86' lang='lat' dir='ltr'><strong>continentia</strong></span> <span class='ocrx_word' id='word_1_863' title='bbox 1884 5739 1946 5794; x_wconf 83' lang='lat' dir='ltr'><strong>B.</strong></span> 
     </span>
    </p>
   </div>
   <div class='ocr_carea' id='block_1_118' title="bbox 361 5815 1251 5888">
    <p class='ocr_par' dir='ltr' id='par_1_118' title="bbox 361 5815 1251 5888">
     <span class='ocr_line' id='line_1_123' title="bbox 361 5815 1251 5888; baseline -0.002 -17"><span class='ocrx_word' id='word_1_864' title='bbox 361 5816 603 5888; x_wconf 75' lang='lat' dir='ltr'><strong>Apostoli</strong></span> <span class='ocrx_word' id='word_1_865' title='bbox 629 5817 779 5874; x_wconf 72' lang='lat' dir='ltr'><strong>Pauli</strong></span> <span class='ocrx_word' id='word_1_866' title='bbox 803 5833 834 5872; x_wconf 86' lang='lat' dir='ltr'><strong>a</strong></span> <span class='ocrx_word' id='word_1_867' title='bbox 865 5815 1082 5886; x_wconf 84' lang='lat' dir='ltr'><strong>nuptiis.</strong></span> <span class='ocrx_word' id='word_1_868' title='bbox 1115 5815 1251 5870; x_wconf 71' lang='lat' dir='ltr'><strong>Pw.</strong></span> 
     </span>
    </p>
   </div>
   <div class='ocr_carea' id='block_1_119' title="bbox 2146 5313 3689 5391">
    <p class='ocr_par' dir='ltr' id='par_1_119' title="bbox 2146 5313 3689 5391">
     <span class='ocr_line' id='line_1_124' title="bbox 2146 5313 3689 5391; baseline -0.004 -15"><span class='ocrx_word' id='word_1_869' title='bbox 2146 5317 2227 5391; x_wconf 85' lang='lat' dir='ltr'><strong>(h)</strong></span> <span class='ocrx_word' id='word_1_870' title='bbox 2270 5318 2375 5375; x_wconf 86' lang='lat' dir='ltr'><strong>Sed</strong></span> <span class='ocrx_word' id='word_1_871' title='bbox 2413 5336 2525 5375; x_wconf 85' lang='lat' dir='ltr'><strong>ecce</strong></span> <span class='ocrx_word' id='word_1_872' title='bbox 2562 5336 2770 5391; x_wconf 81' lang='lat' dir='ltr'><strong>rursus,</strong></span> <span class='ocrx_word' id='word_1_873' title='bbox 2807 5318 3068 5391; x_wconf 78' lang='lat' dir='ltr'><strong>mulierem</strong></span> <span class='ocrx_word' id='word_1_874' title='bbox 3112 5317 3355 5391; x_wconf 75' lang='lat' dir='ltr'><strong>defuncto</strong></span> <span class='ocrx_word' id='word_1_875' title='bbox 3387 5313 3573 5391; x_wconf 70' lang='lat' dir='ltr'><strong>marito</strong></span> <span class='ocrx_word' id='word_1_876' title='bbox 3599 5315 3689 5370; x_wconf 80' lang='lat' dir='ltr'><strong>di-</strong></span> 
     </span>
    </p>
   </div>
   <div class='ocr_carea' id='block_1_120' title="bbox 2073 5387 3681 5457">
    <p class='ocr_par' dir='ltr' id='par_1_120' title="bbox 2073 5387 3681 5457">
     <span class='ocr_line' id='line_1_125' title="bbox 2073 5387 3681 5457; baseline -0.001 -13"><span class='ocrx_word' id='word_1_877' title='bbox 2073 5387 2353 5446; x_wconf 51' lang='lat' dir='ltr'><strong>eit‘nhbere</strong></span> <span class='ocrx_word' id='word_1_878' title='bbox 2378 5408 2539 5457; x_wconf 82' lang='lat' dir='ltr'><strong>posse.</strong></span> <span class='ocrx_word' id='word_1_879' title='bbox 2567 5390 2661 5447; x_wconf 84' lang='lat' dir='ltr'><strong>Hic</strong></span> <span class='ocrx_word' id='word_1_880' title='bbox 2678 5391 2851 5444; x_wconf 88' lang='lat' dir='ltr'><strong>adlmc</strong></span> <span class='ocrx_word' id='word_1_881' title='bbox 2872 5389 3001 5444; x_wconf 87' lang='lat' dir='ltr'><strong>satis</strong></span> <span class='ocrx_word' id='word_1_882' title='bbox 3024 5387 3298 5443; x_wconf 86' lang='lat' dir='ltr'><strong>moderate</strong></span> <span class='ocrx_word' id='word_1_883' title='bbox 3324 5388 3429 5457; x_wconf 84' lang='lat' dir='ltr'><strong>agit</strong></span> <span class='ocrx_word' id='word_1_884' title='bbox 3450 5388 3681 5457; x_wconf 77' lang='lat' dir='ltr'><strong>Auctor,</strong></span> 
     </span>
    </p>
   </div>
   <div class='ocr_carea' id='block_1_121' title="bbox 2075 5457 3683 5532">
    <p class='ocr_par' dir='ltr' id='par_1_121' title="bbox 2075 5457 3683 5532">
     <span class='ocr_line' id='line_1_126' title="bbox 2075 5457 3683 5532; baseline -0.002 -18"><span class='ocrx_word' id='word_1_885' title='bbox 2075 5478 2179 5532; x_wconf 84' lang='lat' dir='ltr'><strong>non</strong></span> <span class='ocrx_word' id='word_1_886' title='bbox 2201 5477 2419 5532; x_wconf 72' lang='lat' dir='ltr'><strong>prorsus</strong></span> <span class='ocrx_word' id='word_1_887' title='bbox 2448 5462 2735 5531; x_wconf 80' lang='lat' dir='ltr'><strong>prohibens</strong></span> <span class='ocrx_word' id='word_1_888' title='bbox 2755 5461 3041 5531; x_wconf 73' lang='lat' dir='ltr'><strong>digamiam</strong></span> <span class='ocrx_word' id='word_1_889' title='bbox 3069 5457 3200 5532; x_wconf 74' lang='lat' dir='ltr'><strong>.__sed</strong></span> <span class='ocrx_word' id='word_1_890' title='bbox 3225 5457 3522 5532; x_wconf 73' lang='lat' dir='ltr'><strong>feliciorem</strong></span> <span class='ocrx_word' id='word_1_891' title='bbox 3548 5472 3683 5527; x_wconf 83' lang='lat' dir='ltr'><strong>pro-</strong></span> 
     </span>
    </p>
   </div>
   <div class='ocr_carea' id='block_1_122' title="bbox 2070 5529 3670 5603">
    <p class='ocr_par' dir='ltr' id='par_1_122' title="bbox 2070 5529 3670 5603">
     <span class='ocr_line' id='line_1_127' title="bbox 2070 5529 3670 5603; baseline 0.001 -19"><span class='ocrx_word' id='word_1_892' title='bbox 2070 5529 2623 5603; x_wconf 70' lang='lat' dir='ltr'><strong>bansmouogamiam</strong></span> <span class='ocrx_word' id='word_1_893' title='bbox 2656 5552 2668 5588; x_wconf 90' lang='lat'>:</span> <span class='ocrx_word' id='word_1_894' title='bbox 2698 5529 2865 5601; x_wconf 84' lang='lat' dir='ltr'><strong>quare</strong></span> <span class='ocrx_word' id='word_1_895' title='bbox 2896 5542 2949 5603; x_wconf 87' lang='lat' dir='ltr'><strong>et</strong></span> <span class='ocrx_word' id='word_1_896' title='bbox 2980 5533 3033 5584; x_wconf 75' lang='grc'><strong>11.</strong></span> <span class='ocrx_word' id='word_1_897' title='bbox 3071 5530 3431 5603; x_wconf 77' lang='lat' dir='ltr'><strong>Hieronymus</strong></span> <span class='ocrx_word' id='word_1_898' title='bbox 3460 5529 3670 5585; x_wconf 85' lang='lat' dir='ltr'><strong>fatetur</strong></span> 
     </span>
    </p>
   </div>
   <div class='ocr_carea' id='block_1_123' title="bbox 2066 5600 3657 5674">
    <p class='ocr_par' dir='ltr' id='par_1_123' title="bbox 2066 5600 3657 5674">
     <span class='ocr_line' id='line_1_128' title="bbox 2066 5600 3657 5674; baseline 0 -19"><span class='ocrx_word' id='word_1_899' title='bbox 2066 5601 2150 5656; x_wconf 85' lang='lat' dir='ltr'><strong>his</strong></span> <span class='ocrx_word' id='word_1_900' title='bbox 2173 5606 2348 5659; x_wconf 86' lang='lat' dir='ltr'><strong>verbis</strong></span> <span class='ocrx_word' id='word_1_901' title='bbox 2375 5600 2687 5674; x_wconf 61' lang='lat' dir='ltr'><strong>Xpostolum</strong></span> <span class='ocrx_word' id='word_1_902' title='bbox 2711 5600 2975 5659; x_wconf 73' lang='lat' dir='ltr'><strong>Secundus</strong></span> <span class='ocrx_word' id='word_1_903' title='bbox 3003 5611 3057 5658; x_wconf 89' lang='lat' dir='ltr'><strong>et</strong></span> <span class='ocrx_word' id='word_1_904' title='bbox 3078 5601 3260 5656; x_wconf 82' lang='lat' dir='ltr'><strong>tertias</strong></span> <span class='ocrx_word' id='word_1_905' title='bbox 3285 5600 3499 5670; x_wconf 86' lang='lat' dir='ltr'><strong>nuptias</strong></span> <span class='ocrx_word' id='word_1_906' title='bbox 3523 5616 3657 5656; x_wconf 84' lang='lat' dir='ltr'><strong>eon-</strong></span> 
     </span>
    </p>
   </div>
   <div class='ocr_carea' id='block_1_124' title="bbox 2061 5674 3458 5731">
    <p class='ocr_par' dir='ltr' id='par_1_124' title="bbox 2061 5674 3458 5731">
     <span class='ocr_line' id='line_1_129' title="bbox 2061 5674 3458 5731; baseline 0 -1"><span class='ocrx_word' id='word_1_907' title='bbox 2061 5674 2254 5731; x_wconf 85' lang='lat' dir='ltr'><strong>cedere</strong></span> <span class='ocrx_word' id='word_1_908' title='bbox 2281 5677 2330 5730; x_wconf 90' lang='lat' dir='ltr'><strong>in</strong></span> <span class='ocrx_word' id='word_1_909' title='bbox 2359 5676 2605 5731; x_wconf 90' lang='lat' dir='ltr'><strong>Domino.</strong></span> <span class='ocrx_word' id='word_1_910' title='bbox 2637 5675 2775 5730; x_wconf 71' lang='lat' dir='ltr'><strong>Pu.</strong></span> <span class='ocrx_word' id='word_1_911' title='bbox 3438 5686 3458 5697; x_wconf 85' lang='grc'><em>“</em></span> 
     </span>
    </p>
   </div>
  </div>
