  <div class='ocr_page' id='page_1' title='image "/cluster/home/n/w/nwhite01/storage/ocr_20150623/2/uva.x000669815/466.png"; bbox 0 0 4052 6286; ppageno 0'>
   <div class='ocr_carea' id='block_1_1' title="bbox 488 312 595 372">
    <p class='ocr_par' dir='ltr' id='par_1_1' title="bbox 488 312 595 372">
     <span class='ocr_line' id='line_1_1' title="bbox 488 312 595 372; baseline 0.019 -2"><span class='ocrx_word' id='word_1_1' title='bbox 488 312 595 372; x_wconf 67' lang='grc'>921</span> 
     </span>
    </p>
   </div>
   <div class='ocr_carea' id='block_1_2' title="bbox 1117 429 1474 488">
    <p class='ocr_par' dir='ltr' id='par_1_2' title="bbox 1117 429 1474 488">
     <span class='ocr_line' id='line_1_2' title="bbox 1117 429 1474 488; baseline -0.008 -1"><span class='ocrx_word' id='word_1_2' title='bbox 1117 429 1347 488; x_wconf 73' lang='lat' dir='ltr'><strong>CAPUT</strong></span> <span class='ocrx_word' id='word_1_3' title='bbox 1387 429 1474 487; x_wconf 85' lang='lat' dir='ltr'><strong>Vl.</strong></span> 
     </span>
    </p>
   </div>
   <div class='ocr_carea' id='block_1_3' title="bbox 570 521 2093 599">
    <p class='ocr_par' dir='ltr' id='par_1_3' title="bbox 570 521 2093 599">
     <span class='ocr_line' id='line_1_3' title="bbox 570 521 2093 599; baseline -0.001 -22"><span class='ocrx_word' id='word_1_4' title='bbox 570 524 675 580; x_wconf 75' lang='lat' dir='ltr'><strong>Sed</strong></span> <span class='ocrx_word' id='word_1_5' title='bbox 700 524 777 599; x_wconf 91' lang='lat' dir='ltr'>(a)</span> <span class='ocrx_word' id='word_1_6' title='bbox 806 533 861 582; x_wconf 92' lang='lat' dir='ltr'><strong>et</strong></span> <span class='ocrx_word' id='word_1_7' title='bbox 882 521 1170 591; x_wconf 93' lang='lat' dir='ltr'><strong>benedicti,</strong></span> <span class='ocrx_word' id='word_1_8' title='bbox 1204 525 1400 596; x_wconf 91' lang='lat' dir='ltr'><strong>inquis,</strong></span> <span class='ocrx_word' id='word_1_9' title='bbox 1432 524 1759 580; x_wconf 79' lang='lat' dir='ltr'><strong>Patriarclue</strong></span> <span class='ocrx_word' id='word_1_10' title='bbox 1801 539 1907 580; x_wconf 93' lang='lat' dir='ltr'><strong>non</strong></span> <span class='ocrx_word' id='word_1_11' title='bbox 1928 524 2093 578; x_wconf 84' lang='lat' dir='ltr'><strong>modo</strong></span> 
     </span>
    </p>
   </div>
   <div class='ocr_carea' id='block_1_4' title="bbox 497 617 2093 692">
    <p class='ocr_par' dir='ltr' id='par_1_4' title="bbox 497 617 2093 692">
     <span class='ocr_line' id='line_1_4' title="bbox 497 617 2093 692; baseline -0.001 -19"><span class='ocrx_word' id='word_1_12' title='bbox 497 622 743 692; x_wconf 79' lang='lat' dir='ltr'><strong>pluribus</strong></span> <span class='ocrx_word' id='word_1_13' title='bbox 775 620 1032 675; x_wconf 81' lang='lat' dir='ltr'><strong>uxorib’us</strong></span> <span class='ocrx_word' id='word_1_14' title='bbox 1056 661 1071 686; x_wconf 94' lang='lat'><strong>,</strong></span> <span class='ocrx_word' id='word_1_15' title='bbox 1103 633 1287 675; x_wconf 83' lang='lat' dir='ltr'><strong>verum</strong></span> <span class='ocrx_word' id='word_1_16' title='bbox 1316 618 1476 674; x_wconf 73' lang='lat' dir='ltr'><strong>etiam</strong></span> <span class='ocrx_word' id='word_1_17' title='bbox 1505 617 1822 674; x_wconf 83' lang='lat' dir='ltr'><strong>concubinis</strong></span> <span class='ocrx_word' id='word_1_18' title='bbox 1846 617 2093 688; x_wconf 78' lang='lat' dir='ltr'><strong>conjugia</strong></span> 
     </span>
    </p>
   </div>
   <div class='ocr_carea' id='block_1_5' title="bbox 496 709 2095 783">
    <p class='ocr_par' dir='ltr' id='par_1_5' title="bbox 496 709 2095 783">
     <span class='ocr_line' id='line_1_5' title="bbox 496 709 2095 783; baseline -0.002 -16"><span class='ocrx_word' id='word_1_19' title='bbox 496 714 849 768; x_wconf 86' lang='lat' dir='ltr'><strong>tttiscueruut.</strong></span> <span class='ocrx_word' id='word_1_20' title='bbox 882 711 1026 782; x_wconf 76' lang='lat' dir='ltr'><strong>Ergo</strong></span> <span class='ocrx_word' id='word_1_21' title='bbox 1055 720 1337 782; x_wconf 73' lang='lat' dir='ltr'><strong>propterea</strong></span> <span class='ocrx_word' id='word_1_22' title='bbox 1366 709 1521 766; x_wconf 91' lang='lat' dir='ltr'><strong>nobis</strong></span> <span class='ocrx_word' id='word_1_23' title='bbox 1548 725 1763 783; x_wconf 88' lang='lat' dir='ltr'><strong>quoque</strong></span> <span class='ocrx_word' id='word_1_24' title='bbox 1790 710 1972 768; x_wconf 90' lang='lat' dir='ltr'><strong>licebit</strong></span> <span class='ocrx_word' id='word_1_25' title='bbox 2021 712 2095 781; x_wconf 89' lang='lat' dir='ltr'>(b)</span> 
     </span>
    </p>
   </div>
   <div class='ocr_carea' id='block_1_6' title="bbox 497 801 2093 875">
    <p class='ocr_par' dir='ltr' id='par_1_6' title="bbox 497 801 2093 875">
     <span class='ocr_line' id='line_1_6' title="bbox 497 801 2093 875; baseline -0.003 -15"><span class='ocrx_word' id='word_1_26' title='bbox 497 805 838 860; x_wconf 88' lang='lat' dir='ltr'><strong>innumerum</strong></span> <span class='ocrx_word' id='word_1_27' title='bbox 868 804 1070 860; x_wconf 88' lang='lat' dir='ltr'><strong>nubere</strong></span> <span class='ocrx_word' id='word_1_28' title='bbox 1095 802 1120 856; x_wconf 86' lang='lat'><strong>?</strong></span> <span class='ocrx_word' id='word_1_29' title='bbox 1146 801 1290 859; x_wconf 83' lang='lat' dir='ltr'><strong>Sane</strong></span> <span class='ocrx_word' id='word_1_30' title='bbox 1337 802 1555 869; x_wconf 90' lang='lat' dir='ltr'><strong>licebit,</strong></span> <span class='ocrx_word' id='word_1_31' title='bbox 1586 804 1662 875; x_wconf 91' lang='lat' dir='ltr'>(c)</span> <span class='ocrx_word' id='word_1_32' title='bbox 1706 804 1751 859; x_wconf 90' lang='lat' dir='ltr'><strong>si</strong></span> <span class='ocrx_word' id='word_1_33' title='bbox 1782 803 1957 860; x_wconf 85' lang='lat' dir='ltr'><strong>adhuc</strong></span> <span class='ocrx_word' id='word_1_34' title='bbox 1987 803 2093 874; x_wconf 81' lang='lat' dir='ltr'><strong>typi</strong></span> 
     </span>
    </p>
   </div>
   <div class='ocr_carea' id='block_1_7' title="bbox 497 897 2096 969">
    <p class='ocr_par' dir='ltr' id='par_1_7' title="bbox 497 897 2096 969">
     <span class='ocr_line' id='line_1_7' title="bbox 497 897 2096 969; baseline -0.002 -15"><span class='ocrx_word' id='word_1_35' title='bbox 497 898 665 954; x_wconf 76' lang='lat' dir='ltr'><strong>futuri</strong></span> <span class='ocrx_word' id='word_1_36' title='bbox 712 897 940 968; x_wconf 77' lang='lat' dir='ltr'><strong>alicujus</strong></span> <span class='ocrx_word' id='word_1_37' title='bbox 974 905 1315 952; x_wconf 83' lang='lat' dir='ltr'><strong>sacramenta</strong></span> <span class='ocrx_word' id='word_1_38' title='bbox 1359 905 1685 967; x_wconf 83' lang='lat' dir='ltr'><strong>supersunt,</strong></span> <span class='ocrx_word' id='word_1_39' title='bbox 1712 912 1847 969; x_wconf 90' lang='lat' dir='ltr'><strong>quos</strong></span> <span class='ocrx_word' id='word_1_40' title='bbox 1897 897 2096 968; x_wconf 71' lang='lat' dir='ltr'><strong>nuptiae</strong></span> 
     </span>
    </p>
   </div>
   <div class='ocr_carea' id='block_1_8' title="bbox 500 988 2094 1061">
    <p class='ocr_par' dir='ltr' id='par_1_8' title="bbox 500 988 2094 1061">
     <span class='ocr_line' id='line_1_8' title="bbox 500 988 2094 1061; baseline -0.001 -16"><span class='ocrx_word' id='word_1_41' title='bbox 500 1001 607 1046; x_wconf 82' lang='lat' dir='ltr'><strong>tua:</strong></span> <span class='ocrx_word' id='word_1_42' title='bbox 630 991 858 1061; x_wconf 79' lang='lat' dir='ltr'><strong>ligurem</strong></span> <span class='ocrx_word' id='word_1_43' title='bbox 883 1006 898 1054; x_wconf 92' lang='lat'>;</span> <span class='ocrx_word' id='word_1_44' title='bbox 924 989 1009 1044; x_wconf 89' lang='lat' dir='ltr'><strong>vel</strong></span> <span class='ocrx_word' id='word_1_45' title='bbox 1034 990 1078 1043; x_wconf 90' lang='lat' dir='ltr'><strong>si</strong></span> <span class='ocrx_word' id='word_1_46' title='bbox 1100 989 1264 1044; x_wconf 88' lang='lat' dir='ltr'><strong>etiam</strong></span> <span class='ocrx_word' id='word_1_47' title='bbox 1292 1003 1434 1044; x_wconf 91' lang='lat' dir='ltr'><strong>nunc</strong></span> <span class='ocrx_word' id='word_1_48' title='bbox 1456 988 1605 1045; x_wconf 90' lang='lat' dir='ltr'><strong>locus</strong></span> <span class='ocrx_word' id='word_1_49' title='bbox 1629 997 1714 1044; x_wconf 86' lang='lat' dir='ltr'><strong>est</strong></span> <span class='ocrx_word' id='word_1_50' title='bbox 1737 989 1886 1044; x_wconf 90' lang='lat' dir='ltr'><strong>vocis</strong></span> <span class='ocrx_word' id='word_1_51' title='bbox 1912 988 2055 1044; x_wconf 85' lang='lat' dir='ltr'><strong>illius</strong></span> <span class='ocrx_word' id='word_1_52' title='bbox 2079 1006 2094 1043; x_wconf 87' lang='lat'><strong>:</strong></span> 
     </span>
    </p>
   </div>
   <div class='ocr_carea' id='block_1_9' title="bbox 499 1079 2097 1152">
    <p class='ocr_par' dir='ltr' id='par_1_9' title="bbox 499 1079 2097 1152">
     <span class='ocr_line' id='line_1_9' title="bbox 499 1079 2097 1152; baseline -0.001 -14"><span class='ocrx_word' id='word_1_53' title='bbox 499 1084 707 1138; x_wconf 83' lang='lat' dir='ltr'><strong>crcscite</strong></span> <span class='ocrx_word' id='word_1_54' title='bbox 733 1091 782 1136; x_wconf 89' lang='lat' dir='ltr'><strong>et</strong></span> <span class='ocrx_word' id='word_1_55' title='bbox 806 1081 1221 1152; x_wconf 79' lang='lat' dir='ltr'><strong>multiplicamini</strong></span> <span class='ocrx_word' id='word_1_56' title='bbox 1244 1122 1258 1146; x_wconf 89' lang='lat'><strong>,</strong></span> <span class='ocrx_word' id='word_1_57' title='bbox 1288 1079 1340 1136; x_wconf 93' lang='lat' dir='ltr'><strong>id</strong></span> <span class='ocrx_word' id='word_1_58' title='bbox 1370 1090 1453 1136; x_wconf 88' lang='lat' dir='ltr'><strong>est</strong></span> <span class='ocrx_word' id='word_1_59' title='bbox 1476 1122 1491 1146; x_wconf 87' lang='lat'><strong>,</strong></span> <span class='ocrx_word' id='word_1_60' title='bbox 1520 1081 1567 1137; x_wconf 89' lang='lat' dir='ltr'><strong>si</strong></span> <span class='ocrx_word' id='word_1_61' title='bbox 1606 1080 1841 1137; x_wconf 88' lang='lat' dir='ltr'><strong>nondum</strong></span> <span class='ocrx_word' id='word_1_62' title='bbox 1869 1080 1969 1135; x_wconf 87' lang='lat' dir='ltr'><strong>alia</strong></span> <span class='ocrx_word' id='word_1_63' title='bbox 1996 1095 2097 1136; x_wconf 79' lang='lat' dir='ltr'><strong>vox</strong></span> 
     </span>
    </p>
   </div>
   <div class='ocr_carea' id='block_1_10' title="bbox 501 1174 2100 1246">
    <p class='ocr_par' dir='ltr' id='par_1_10' title="bbox 501 1174 2100 1246">
     <span class='ocr_line' id='line_1_10' title="bbox 501 1174 2100 1246; baseline -0.002 -15"><span class='ocrx_word' id='word_1_64' title='bbox 501 1176 839 1246; x_wconf 74' lang='lat' dir='ltr'><strong>supervenit,</strong></span> <span class='ocrx_word' id='word_1_65' title='bbox 873 1183 1067 1245; x_wconf 85' lang='lat' dir='ltr'><strong>tempus</strong></span> <span class='ocrx_word' id='word_1_66' title='bbox 1096 1174 1212 1245; x_wconf 82' lang='lat' dir='ltr'><strong>jam</strong></span> <span class='ocrx_word' id='word_1_67' title='bbox 1263 1175 1317 1228; x_wconf 89' lang='lat' dir='ltr'><strong>in</strong></span> <span class='ocrx_word' id='word_1_68' title='bbox 1365 1174 1575 1229; x_wconf 86' lang='lat' dir='ltr'><strong>collecto</strong></span> <span class='ocrx_word' id='word_1_69' title='bbox 1627 1190 1735 1229; x_wconf 88' lang='lat' dir='ltr'><strong>esse</strong></span> <span class='ocrx_word' id='word_1_70' title='bbox 1761 1214 1776 1238; x_wconf 91' lang='lat'><strong>,</strong></span> <span class='ocrx_word' id='word_1_71' title='bbox 1809 1183 2001 1229; x_wconf 84' lang='lat' dir='ltr'><strong>restare</strong></span> <span class='ocrx_word' id='word_1_72' title='bbox 2045 1185 2100 1228; x_wconf 87' lang='lat' dir='ltr'><strong>ut</strong></span> 
     </span>
    </p>
   </div>
   <div class='ocr_carea' id='block_1_11' title="bbox 503 1266 2102 1338">
    <p class='ocr_par' dir='ltr' id='par_1_11' title="bbox 503 1266 2102 1338">
     <span class='ocr_line' id='line_1_11' title="bbox 503 1266 2102 1338; baseline -0.001 -16"><span class='ocrx_word' id='word_1_73' title='bbox 503 1278 549 1322; x_wconf 87' lang='lat' dir='ltr'><strong>et</strong></span> <span class='ocrx_word' id='word_1_74' title='bbox 602 1268 688 1335; x_wconf 82' lang='lat' dir='ltr'><strong>qui</strong></span> <span class='ocrx_word' id='word_1_75' title='bbox 736 1283 923 1323; x_wconf 73' lang='lat' dir='ltr'><strong>uxores</strong></span> <span class='ocrx_word' id='word_1_76' title='bbox 965 1266 1170 1333; x_wconf 78' lang='lat' dir='ltr'><strong>habent,</strong></span> <span class='ocrx_word' id='word_1_77' title='bbox 1224 1276 1465 1335; x_wconf 83' lang='lat' dir='ltr'><strong>tanquam</strong></span> <span class='ocrx_word' id='word_1_78' title='bbox 1508 1283 1609 1322; x_wconf 89' lang='lat' dir='ltr'><strong>non</strong></span> <span class='ocrx_word' id='word_1_79' title='bbox 1641 1266 1876 1322; x_wconf 87' lang='lat' dir='ltr'><strong>habentes</strong></span> <span class='ocrx_word' id='word_1_80' title='bbox 1901 1275 2102 1338; x_wconf 85' lang='lat' dir='ltr'><strong>agant;</strong></span> 
     </span>
    </p>
   </div>
   <div class='ocr_carea' id='block_1_12' title="bbox 506 1359 2103 1432">
    <p class='ocr_par' dir='ltr' id='par_1_12' title="bbox 506 1359 2103 1432">
     <span class='ocr_line' id='line_1_12' title="bbox 506 1359 2103 1432; baseline -0.001 -15"><span class='ocrx_word' id='word_1_81' title='bbox 506 1362 686 1432; x_wconf 81' lang='lat' dir='ltr'><strong>utique</strong></span> <span class='ocrx_word' id='word_1_82' title='bbox 732 1360 875 1416; x_wconf 87' lang='lat' dir='ltr'><strong>enim</strong></span> <span class='ocrx_word' id='word_1_83' title='bbox 925 1360 1319 1416; x_wconf 89' lang='lat' dir='ltr'><strong>continentiam</strong></span> <span class='ocrx_word' id='word_1_84' title='bbox 1365 1359 1643 1427; x_wconf 79' lang='lat' dir='ltr'><strong>indicens,</strong></span> <span class='ocrx_word' id='word_1_85' title='bbox 1676 1369 1731 1416; x_wconf 88' lang='lat' dir='ltr'><strong>et</strong></span> <span class='ocrx_word' id='word_1_86' title='bbox 1756 1374 2103 1430; x_wconf 86' lang='lat' dir='ltr'><strong>compescens</strong></span> 
     </span>
    </p>
   </div>
   <div class='ocr_carea' id='block_1_13' title="bbox 505 1451 2104 1525">
    <p class='ocr_par' dir='ltr' id='par_1_13' title="bbox 505 1451 2104 1525">
     <span class='ocr_line' id='line_1_13' title="bbox 505 1451 2104 1525; baseline -0.001 -15"><span class='ocrx_word' id='word_1_87' title='bbox 505 1454 867 1520; x_wconf 87' lang='lat' dir='ltr'><strong>concubitum,</strong></span> <span class='ocrx_word' id='word_1_88' title='bbox 898 1451 1245 1508; x_wconf 82' lang='lat' dir='ltr'><strong>seminarium</strong></span> <span class='ocrx_word' id='word_1_89' title='bbox 1297 1453 1538 1525; x_wconf 76' lang='lat' dir='ltr'><strong>generis,</strong></span> <span class='ocrx_word' id='word_1_90' title='bbox 1567 1451 1852 1508; x_wconf 84' lang='lat' dir='ltr'><strong>abolel‘ecit</strong></span> <span class='ocrx_word' id='word_1_91' title='bbox 1881 1453 1960 1523; x_wconf 84' lang='grc'><strong>(1)</strong></span> <span class='ocrx_word' id='word_1_92' title='bbox 1989 1468 2104 1508; x_wconf 85' lang='lat' dir='ltr'><strong>cre-</strong></span> 
     </span>
    </p>
   </div>
   <div class='ocr_carea' id='block_1_14' title="bbox 510 1543 2108 1616">
    <p class='ocr_par' dir='ltr' id='par_1_14' title="bbox 510 1543 2108 1616">
     <span class='ocr_line' id='line_1_14' title="bbox 510 1543 2108 1616; baseline 0 -16"><span class='ocrx_word' id='word_1_93' title='bbox 510 1548 630 1600; x_wconf 87' lang='lat' dir='ltr'><strong>scite</strong></span> <span class='ocrx_word' id='word_1_94' title='bbox 657 1544 783 1601; x_wconf 88' lang='lat' dir='ltr'><strong>illud</strong></span> <span class='ocrx_word' id='word_1_95' title='bbox 813 1554 869 1602; x_wconf 83' lang='lat' dir='ltr'><strong>et</strong></span> <span class='ocrx_word' id='word_1_96' title='bbox 898 1545 1329 1616; x_wconf 81' lang='lat' dir='ltr'><strong>multiplicamini.</strong></span> <span class='ocrx_word' id='word_1_97' title='bbox 1362 1544 1432 1601; x_wconf 90' lang='lat' dir='ltr'><strong>Ut</strong></span> <span class='ocrx_word' id='word_1_98' title='bbox 1481 1544 1675 1616; x_wconf 85' lang='lat' dir='ltr'><strong>opinor</strong></span> <span class='ocrx_word' id='word_1_99' title='bbox 1703 1553 1907 1609; x_wconf 85' lang='lat' dir='ltr'><strong>autem,</strong></span> <span class='ocrx_word' id='word_1_100' title='bbox 1951 1543 2108 1600; x_wconf 90' lang='lat' dir='ltr'><strong>unius</strong></span> 
     </span>
    </p>
   </div>
   <div class='ocr_carea' id='block_1_15' title="bbox 512 1637 2106 1710">
    <p class='ocr_par' dir='ltr' id='par_1_15' title="bbox 512 1637 2106 1710">
     <span class='ocr_line' id='line_1_15' title="bbox 512 1637 2106 1710; baseline -0.002 -14"><span class='ocrx_word' id='word_1_101' title='bbox 512 1651 566 1696; x_wconf 92' lang='lat' dir='ltr'><strong>et</strong></span> <span class='ocrx_word' id='word_1_102' title='bbox 592 1639 828 1709; x_wconf 90' lang='lat' dir='ltr'><strong>ejusdem</strong></span> <span class='ocrx_word' id='word_1_103' title='bbox 854 1639 946 1694; x_wconf 89' lang='lat' dir='ltr'><strong>Dei</strong></span> <span class='ocrx_word' id='word_1_104' title='bbox 975 1649 1197 1710; x_wconf 89' lang='lat' dir='ltr'><strong>utraque</strong></span> <span class='ocrx_word' id='word_1_105' title='bbox 1228 1637 1587 1708; x_wconf 89' lang='lat' dir='ltr'><strong>pronuntiatio</strong></span> <span class='ocrx_word' id='word_1_106' title='bbox 1601 1645 1656 1694; x_wconf 91' lang='lat' dir='ltr'><strong>et</strong></span> <span class='ocrx_word' id='word_1_107' title='bbox 1678 1637 1958 1708; x_wconf 77' lang='lat' dir='ltr'><strong>dispositio</strong></span> <span class='ocrx_word' id='word_1_108' title='bbox 1984 1645 2067 1693; x_wconf 89' lang='lat' dir='ltr'><strong>est</strong></span> <span class='ocrx_word' id='word_1_109' title='bbox 2091 1654 2106 1694; x_wconf 89' lang='lat'><strong>:</strong></span> 
     </span>
    </p>
   </div>
   <div class='ocr_carea' id='block_1_16' title="bbox 513 1729 2109 1804">
    <p class='ocr_par' dir='ltr' id='par_1_16' title="bbox 513 1729 2109 1804">
     <span class='ocr_line' id='line_1_16' title="bbox 513 1729 2109 1804; baseline -0.003 -17"><span class='ocrx_word' id='word_1_110' title='bbox 513 1733 601 1804; x_wconf 89' lang='lat' dir='ltr'><strong>qui</strong></span> <span class='ocrx_word' id='word_1_111' title='bbox 632 1741 739 1786; x_wconf 90' lang='lat' dir='ltr'><strong>tum</strong></span> <span class='ocrx_word' id='word_1_112' title='bbox 765 1729 978 1802; x_wconf 87' lang='lat' dir='ltr'><strong>quidem</strong></span> <span class='ocrx_word' id='word_1_113' title='bbox 1011 1732 1062 1785; x_wconf 94' lang='lat' dir='ltr'><strong>in</strong></span> <span class='ocrx_word' id='word_1_114' title='bbox 1092 1730 1388 1800; x_wconf 89' lang='lat' dir='ltr'><strong>primordio</strong></span> <span class='ocrx_word' id='word_1_115' title='bbox 1408 1738 1706 1786; x_wconf 87' lang='lat' dir='ltr'><strong>sementem</strong></span> <span class='ocrx_word' id='word_1_116' title='bbox 1737 1729 1953 1800; x_wconf 81' lang='lat' dir='ltr'><strong>generis</strong></span> <span class='ocrx_word' id='word_1_117' title='bbox 1977 1729 2109 1784; x_wconf 90' lang='lat' dir='ltr'><strong>etni-</strong></span> 
     </span>
    </p>
   </div>
   <div class='ocr_carea' id='block_1_17' title="bbox 1367 288 2822 376">
    <p class='ocr_par' dir='ltr' id='par_1_17' title="bbox 1367 288 2822 376">
     <span class='ocr_line' id='line_1_17' title="bbox 1367 288 2822 376; baseline 0.003 -6"><span class='ocrx_word' id='word_1_118' title='bbox 1367 311 1379 324; x_wconf 87' lang='grc'><strong>’</strong></span> <span class='ocrx_word' id='word_1_119' title='bbox 1441 312 1662 376; x_wconf 76' lang='lat' dir='ltr'><strong>LIBER.</strong></span> <span class='ocrx_word' id='word_1_120' title='bbox 1695 312 1784 370; x_wconf 85' lang='lat' dir='ltr'><strong>DE</strong></span> <span class='ocrx_word' id='word_1_121' title='bbox 1813 312 2358 372; x_wconf 83' lang='lat' dir='ltr'><strong>EXIIORTATIONE</strong></span> <span class='ocrx_word' id='word_1_122' title='bbox 2397 288 2822 375; x_wconf 73' lang='lat' dir='ltr'><strong>CASTITATIS.</strong></span> 
     </span>
    </p>
   </div>
   <div class='ocr_carea' id='block_1_18' title="bbox 3696 318 3804 377">
    <p class='ocr_par' dir='ltr' id='par_1_18' title="bbox 3696 318 3804 377">
     <span class='ocr_line' id='line_1_18' title="bbox 3696 318 3804 377; baseline -0.019 0"><span class='ocrx_word' id='word_1_123' title='bbox 3696 318 3804 377; x_wconf 72' lang='lat'><strong>922</strong></span> 
     </span>
    </p>
   </div>
   <div class='ocr_carea' id='block_1_19' title="bbox 2128 432 3800 515">
    <p class='ocr_par' dir='ltr' id='par_1_19' title="bbox 2128 432 3800 515">
     <span class='ocr_line' id='line_1_19' title="bbox 2128 432 3800 515; baseline 0.005 -31"><span class='ocrx_word' id='word_1_124' title='bbox 2128 432 2179 490; x_wconf 87' lang='grc' dir='ltr'><strong>Λ</strong></span> <span class='ocrx_word' id='word_1_125' title='bbox 2208 446 2487 515; x_wconf 74' lang='lat' dir='ltr'><strong>noscamus</strong></span> <span class='ocrx_word' id='word_1_126' title='bbox 2505 476 2518 496; x_wconf 93' lang='lat'><strong>,</strong></span> <span class='ocrx_word' id='word_1_127' title='bbox 2554 450 2673 505; x_wconf 71' lang='lat' dir='ltr'><strong>qua:</strong></span> <span class='ocrx_word' id='word_1_128' title='bbox 2703 450 2822 490; x_wconf 92' lang='lat' dir='ltr'><strong>cum</strong></span> <span class='ocrx_word' id='word_1_129' title='bbox 2852 432 3238 505; x_wconf 81' lang='lat' dir='ltr'><strong>posterioribus</strong></span> <span class='ocrx_word' id='word_1_130' title='bbox 3268 433 3349 507; x_wconf 81' lang='lat'>(5)</span> <span class='ocrx_word' id='word_1_131' title='bbox 3377 435 3800 506; x_wconf 90' lang='lat' dir='ltr'><strong>communicant,</strong></span> 
     </span>
    </p>
   </div>
   <div class='ocr_carea' id='block_1_20' title="bbox 2198 523 3797 593">
    <p class='ocr_par' dir='ltr' id='par_1_20' title="bbox 2198 523 3797 593">
     <span class='ocr_line' id='line_1_20' title="bbox 2198 523 3797 593; baseline 0.005 -16"><span class='ocrx_word' id='word_1_132' title='bbox 2198 523 2264 579; x_wconf 91' lang='lat' dir='ltr'><strong>de</strong></span> <span class='ocrx_word' id='word_1_133' title='bbox 2293 524 2578 593; x_wconf 75' lang='lat' dir='ltr'><strong>disciplina</strong></span> <span class='ocrx_word' id='word_1_134' title='bbox 2609 537 2661 582; x_wconf 91' lang='lat' dir='ltr'><strong>ct</strong></span> <span class='ocrx_word' id='word_1_135' title='bbox 2686 525 2859 583; x_wconf 81' lang='lat' dir='ltr'><strong>forma</strong></span> <span class='ocrx_word' id='word_1_136' title='bbox 2894 528 3172 583; x_wconf 81' lang='lat' dir='ltr'><strong>vetuStatis</strong></span> <span class='ocrx_word' id='word_1_137' title='bbox 3206 527 3271 583; x_wconf 89' lang='lat' dir='ltr'><strong>ad</strong></span> <span class='ocrx_word' id='word_1_138' title='bbox 3303 529 3593 585; x_wconf 83' lang='lat' dir='ltr'><strong>novitatem</strong></span> <span class='ocrx_word' id='word_1_139' title='bbox 3623 538 3797 585; x_wconf 83' lang='lat' dir='ltr'><strong>trans-</strong></span> 
     </span>
    </p>
   </div>
   <div class='ocr_carea' id='block_1_21' title="bbox 2198 616 3799 689">
    <p class='ocr_par' dir='ltr' id='par_1_21' title="bbox 2198 616 3799 689">
     <span class='ocr_line' id='line_1_21' title="bbox 2198 616 3799 689; baseline 0.004 -18"><span class='ocrx_word' id='word_1_140' title='bbox 2198 616 2458 671; x_wconf 86' lang='lat' dir='ltr'><strong>mittunt?</strong></span> <span class='ocrx_word' id='word_1_141' title='bbox 2487 617 2625 674; x_wconf 87' lang='lat' dir='ltr'><strong>Ecce</strong></span> <span class='ocrx_word' id='word_1_142' title='bbox 2658 618 2799 673; x_wconf 87' lang='lat' dir='ltr'><strong>enim</strong></span> <span class='ocrx_word' id='word_1_143' title='bbox 2838 617 2892 674; x_wconf 92' lang='lat' dir='ltr'><strong>in</strong></span> <span class='ocrx_word' id='word_1_144' title='bbox 2933 620 3098 675; x_wconf 86' lang='lat' dir='ltr'><strong>veteri</strong></span> <span class='ocrx_word' id='word_1_145' title='bbox 3138 620 3253 689; x_wconf 76' lang='lat' dir='ltr'><strong>lege</strong></span> <span class='ocrx_word' id='word_1_146' title='bbox 3281 620 3652 677; x_wconf 82' lang='lat' dir='ltr'><strong>animadverto</strong></span> <span class='ocrx_word' id='word_1_147' title='bbox 3680 636 3799 677; x_wconf 81' lang='lat' dir='ltr'><strong>eas-</strong></span> 
     </span>
    </p>
   </div>
   <div class='ocr_carea' id='block_1_22' title="bbox 2199 707 3798 781">
    <p class='ocr_par' dir='ltr' id='par_1_22' title="bbox 2199 707 3798 781">
     <span class='ocr_line' id='line_1_22' title="bbox 2199 707 3798 781; baseline 0.003 -18"><span class='ocrx_word' id='word_1_148' title='bbox 2199 717 2389 764; x_wconf 86' lang='lat' dir='ltr'><strong>tratam</strong></span> <span class='ocrx_word' id='word_1_149' title='bbox 2418 708 2690 766; x_wconf 81' lang='lat' dir='ltr'><strong>licentiam</strong></span> <span class='ocrx_word' id='word_1_150' title='bbox 2710 710 2906 781; x_wconf 71' lang='lat' dir='ltr'><strong>smpius</strong></span> <span class='ocrx_word' id='word_1_151' title='bbox 2933 709 3188 766; x_wconf 86' lang='lat' dir='ltr'><strong>nubendi.</strong></span> <span class='ocrx_word' id='word_1_152' title='bbox 3211 707 3435 767; x_wconf 86' lang='lat' dir='ltr'><strong>Cautum</strong></span> <span class='ocrx_word' id='word_1_153' title='bbox 3458 711 3510 767; x_wconf 90' lang='lat' dir='ltr'><strong>in</strong></span> <span class='ocrx_word' id='word_1_154' title='bbox 3526 711 3798 768; x_wconf 80' lang='lat' dir='ltr'><strong>Levitico:</strong></span> 
     </span>
    </p>
   </div>
   <div class='ocr_carea' id='block_1_23' title="bbox 2200 800 3800 877">
    <p class='ocr_par' dir='ltr' id='par_1_23' title="bbox 2200 800 3800 877">
     <span class='ocr_line' id='line_1_23' title="bbox 2200 800 3800 877; baseline 0.002 -21"><span class='ocrx_word' id='word_1_155' title='bbox 2200 800 2501 856; x_wconf 84' lang='lat' dir='ltr'><strong>Sacerdotes</strong></span> <span class='ocrx_word' id='word_1_156' title='bbox 2528 803 2626 857; x_wconf 85' lang='lat' dir='ltr'><strong>mei</strong></span> <span class='ocrx_word' id='word_1_157' title='bbox 2675 818 2777 857; x_wconf 90' lang='lat' dir='ltr'><strong>non</strong></span> <span class='ocrx_word' id='word_1_158' title='bbox 2824 803 2938 872; x_wconf 89' lang='lat' dir='ltr'><strong>plus</strong></span> <span class='ocrx_word' id='word_1_159' title='bbox 2990 802 3177 857; x_wconf 79' lang='lat' dir='ltr'><strong>nubent</strong></span> <span class='ocrx_word' id='word_1_160' title='bbox 3210 801 3351 876; x_wconf 79' lang='lat' dir='ltr'><strong>(Leu.</strong></span> <span class='ocrx_word' id='word_1_161' title='bbox 3387 803 3546 871; x_wconf 78' lang='lat' dir='ltr'><strong>XXI,</strong></span> <span class='ocrx_word' id='word_1_162' title='bbox 3577 803 3690 874; x_wconf 75' lang='grc'>14).</span> <span class='ocrx_word' id='word_1_163' title='bbox 3717 804 3800 877; x_wconf 88' lang='lat' dir='ltr'>(d)</span> 
     </span>
    </p>
   </div>
   <div class='ocr_carea' id='block_1_24' title="bbox 2201 893 3800 975">
    <p class='ocr_par' dir='ltr' id='par_1_24' title="bbox 2201 893 3800 975">
     <span class='ocr_line' id='line_1_24' title="bbox 2201 893 3800 975; baseline 0.003 -26"><span class='ocrx_word' id='word_1_164' title='bbox 2201 893 2424 950; x_wconf 85' lang='lat' dir='ltr'><strong>Possunt</strong></span> <span class='ocrx_word' id='word_1_165' title='bbox 2445 894 2661 975; x_wconf 72' lang='lat' dir='ltr'><strong>dicere,</strong></span> <span class='ocrx_word' id='word_1_166' title='bbox 2691 895 2850 951; x_wconf 91' lang='lat' dir='ltr'><strong>etiam</strong></span> <span class='ocrx_word' id='word_1_167' title='bbox 2875 895 3005 951; x_wconf 89' lang='lat' dir='ltr'><strong>illud</strong></span> <span class='ocrx_word' id='word_1_168' title='bbox 3039 896 3157 967; x_wconf 88' lang='lat' dir='ltr'><strong>plus</strong></span> <span class='ocrx_word' id='word_1_169' title='bbox 3187 911 3308 952; x_wconf 87' lang='lat' dir='ltr'><strong>esse</strong></span> <span class='ocrx_word' id='word_1_170' title='bbox 3337 896 3478 968; x_wconf 89' lang='lat' dir='ltr'><strong>quod</strong></span> <span class='ocrx_word' id='word_1_171' title='bbox 3503 897 3670 953; x_wconf 88' lang='lat' dir='ltr'><strong>semel</strong></span> <span class='ocrx_word' id='word_1_172' title='bbox 3693 912 3800 954; x_wconf 90' lang='lat' dir='ltr'><strong>non</strong></span> 
     </span>
    </p>
   </div>
   <div class='ocr_carea' id='block_1_25' title="bbox 2199 987 3799 1061">
    <p class='ocr_par' dir='ltr' id='par_1_25' title="bbox 2199 987 3799 1061">
     <span class='ocr_line' id='line_1_25' title="bbox 2199 987 3799 1061; baseline 0.001 -16"><span class='ocrx_word' id='word_1_173' title='bbox 2199 997 2304 1045; x_wconf 89' lang='lat' dir='ltr'><strong>est.</strong></span> <span class='ocrx_word' id='word_1_174' title='bbox 2355 987 2508 1056; x_wconf 88' lang='lat' dir='ltr'><strong>Quod</strong></span> <span class='ocrx_word' id='word_1_175' title='bbox 2553 1003 2659 1044; x_wconf 90' lang='lat' dir='ltr'><strong>non</strong></span> <span class='ocrx_word' id='word_1_176' title='bbox 2709 1005 2873 1045; x_wconf 90' lang='lat' dir='ltr'><strong>unum</strong></span> <span class='ocrx_word' id='word_1_177' title='bbox 2923 996 3044 1055; x_wconf 90' lang='lat' dir='ltr'><strong>est,</strong></span> <span class='ocrx_word' id='word_1_178' title='bbox 3075 1004 3330 1046; x_wconf 90' lang='lat' dir='ltr'><strong>numerus</strong></span> <span class='ocrx_word' id='word_1_179' title='bbox 3377 999 3479 1045; x_wconf 90' lang='lat' dir='ltr'><strong>est.</strong></span> <span class='ocrx_word' id='word_1_180' title='bbox 3528 989 3799 1061; x_wconf 85' lang='lat' dir='ltr'><strong>Denique,</strong></span> 
     </span>
    </p>
   </div>
   <div class='ocr_carea' id='block_1_26' title="bbox 2201 1083 3803 1156">
    <p class='ocr_par' dir='ltr' id='par_1_26' title="bbox 2201 1083 3803 1156">
     <span class='ocr_line' id='line_1_26' title="bbox 2201 1083 3803 1156; baseline -0.001 -16"><span class='ocrx_word' id='word_1_181' title='bbox 2201 1094 2324 1156; x_wconf 81' lang='lat' dir='ltr'><strong>post</strong></span> <span class='ocrx_word' id='word_1_182' title='bbox 2353 1099 2515 1139; x_wconf 90' lang='lat' dir='ltr'><strong>unum</strong></span> <span class='ocrx_word' id='word_1_183' title='bbox 2548 1084 2732 1156; x_wconf 89' lang='lat' dir='ltr'><strong>incipit</strong></span> <span class='ocrx_word' id='word_1_184' title='bbox 2775 1088 3046 1142; x_wconf 81' lang='lat' dir='ltr'><strong>numerus.</strong></span> <span class='ocrx_word' id='word_1_185' title='bbox 3075 1083 3253 1142; x_wconf 89' lang='lat' dir='ltr'><strong>Unum</strong></span> <span class='ocrx_word' id='word_1_186' title='bbox 3280 1095 3461 1141; x_wconf 87' lang='lat' dir='ltr'><strong>autem</strong></span> <span class='ocrx_word' id='word_1_187' title='bbox 3488 1092 3571 1140; x_wconf 84' lang='lat' dir='ltr'><strong>est</strong></span> <span class='ocrx_word' id='word_1_188' title='bbox 3590 1126 3605 1151; x_wconf 95' lang='lat'><strong>,</strong></span> <span class='ocrx_word' id='word_1_189' title='bbox 3642 1098 3803 1139; x_wconf 85' lang='lat' dir='ltr'><strong>omne</strong></span> 
     </span>
    </p>
   </div>
   <div class='ocr_carea' id='block_1_27' title="bbox 2204 1175 3803 1251">
    <p class='ocr_par' dir='ltr' id='par_1_27' title="bbox 2204 1175 3803 1251">
     <span class='ocr_line' id='line_1_27' title="bbox 2204 1175 3803 1251; baseline 0.001 -18"><span class='ocrx_word' id='word_1_190' title='bbox 2204 1179 2347 1251; x_wconf 92' lang='lat' dir='ltr'><strong>quod</strong></span> <span class='ocrx_word' id='word_1_191' title='bbox 2378 1178 2546 1235; x_wconf 89' lang='lat' dir='ltr'><strong>semel</strong></span> <span class='ocrx_word' id='word_1_192' title='bbox 2575 1187 2678 1234; x_wconf 91' lang='lat' dir='ltr'><strong>est.</strong></span> <span class='ocrx_word' id='word_1_193' title='bbox 2711 1177 2819 1234; x_wconf 90' lang='lat' dir='ltr'><strong>Sed</strong></span> <span class='ocrx_word' id='word_1_194' title='bbox 2846 1175 3061 1234; x_wconf 84' lang='lat' dir='ltr'><strong>Christo</strong></span> <span class='ocrx_word' id='word_1_195' title='bbox 3093 1177 3172 1250; x_wconf 86' lang='lat'>(6)</span> <span class='ocrx_word' id='word_1_196' title='bbox 3204 1178 3516 1235; x_wconf 83' lang='lat' dir='ltr'><strong>servabatur</strong></span> <span class='ocrx_word' id='word_1_197' title='bbox 3536 1221 3551 1246; x_wconf 94' lang='lat'><strong>,</strong></span> <span class='ocrx_word' id='word_1_198' title='bbox 3582 1179 3718 1233; x_wconf 86' lang='lat' dir='ltr'><strong>sicut</strong></span> <span class='ocrx_word' id='word_1_199' title='bbox 3750 1178 3803 1234; x_wconf 92' lang='lat' dir='ltr'><strong>in</strong></span> 
     </span>
    </p>
   </div>
   <div class='ocr_carea' id='block_1_28' title="bbox 2204 1268 3804 1342">
    <p class='ocr_par' dir='ltr' id='par_1_28' title="bbox 2204 1268 3804 1342">
     <span class='ocr_line' id='line_1_28' title="bbox 2204 1268 3804 1342; baseline -0.003 -14"><span class='ocrx_word' id='word_1_200' title='bbox 2204 1271 2442 1335; x_wconf 71' lang='lat' dir='ltr'><strong>cmteris,</strong></span> <span class='ocrx_word' id='word_1_201' title='bbox 2477 1272 2549 1326; x_wconf 91' lang='lat' dir='ltr'><strong>ita</strong></span> <span class='ocrx_word' id='word_1_202' title='bbox 2573 1270 2626 1325; x_wconf 92' lang='lat' dir='ltr'><strong>in</strong></span> <span class='ocrx_word' id='word_1_203' title='bbox 2675 1269 2781 1325; x_wconf 91' lang='lat' dir='ltr'><strong>isto</strong></span> <span class='ocrx_word' id='word_1_204' title='bbox 2810 1284 3024 1342; x_wconf 89' lang='lat' dir='ltr'><strong>quoque</strong></span> <span class='ocrx_word' id='word_1_205' title='bbox 3057 1269 3188 1341; x_wconf 81' lang='lat' dir='ltr'><strong>legis</strong></span> <span class='ocrx_word' id='word_1_206' title='bbox 3215 1269 3513 1341; x_wconf 89' lang='lat' dir='ltr'><strong>plenitudo.</strong></span> <span class='ocrx_word' id='word_1_207' title='bbox 3545 1268 3676 1325; x_wconf 87' lang='lat' dir='ltr'><strong>lude</strong></span> <span class='ocrx_word' id='word_1_208' title='bbox 3702 1269 3804 1341; x_wconf 83' lang='lat' dir='ltr'><strong>igi-</strong></span> 
     </span>
    </p>
   </div>
   <div class='ocr_carea' id='block_1_29' title="bbox 2208 1360 3805 1434">
    <p class='ocr_par' dir='ltr' id='par_1_29' title="bbox 2208 1360 3805 1434">
     <span class='ocr_line' id='line_1_29' title="bbox 2208 1360 3805 1434; baseline -0.001 -16"><span class='ocrx_word' id='word_1_209' title='bbox 2208 1372 2295 1418; x_wconf 87' lang='lat' dir='ltr'><strong>tur</strong></span> <span class='ocrx_word' id='word_1_210' title='bbox 2319 1361 2457 1434; x_wconf 89' lang='lat' dir='ltr'><strong>apud</strong></span> <span class='ocrx_word' id='word_1_211' title='bbox 2497 1375 2596 1418; x_wconf 90' lang='lat' dir='ltr'><strong>nos</strong></span> <span class='ocrx_word' id='word_1_212' title='bbox 2626 1361 2836 1432; x_wconf 88' lang='lat' dir='ltr'><strong>plenius</strong></span> <span class='ocrx_word' id='word_1_213' title='bbox 2861 1371 3022 1433; x_wconf 89' lang='lat' dir='ltr'><strong>atque</strong></span> <span class='ocrx_word' id='word_1_214' title='bbox 3051 1362 3362 1418; x_wconf 90' lang='lat' dir='ltr'><strong>instructius</strong></span> <span class='ocrx_word' id='word_1_215' title='bbox 3388 1363 3468 1434; x_wconf 87' lang='grc'><strong>(7)</strong></span> <span class='ocrx_word' id='word_1_216' title='bbox 3499 1360 3805 1434; x_wconf 61' lang='grc' dir='ltr'><strong>ρτωδοτίὺί-</strong></span> 
     </span>
    </p>
   </div>
   <div class='ocr_carea' id='block_1_30' title="bbox 2209 1454 3806 1527">
    <p class='ocr_par' dir='ltr' id='par_1_30' title="bbox 2209 1454 3806 1527">
     <span class='ocr_line' id='line_1_30' title="bbox 2209 1454 3806 1527; baseline -0.001 -15"><span class='ocrx_word' id='word_1_217' title='bbox 2209 1467 2317 1519; x_wconf 88' lang='lat' dir='ltr'><strong>tur.</strong></span> <span class='ocrx_word' id='word_1_218' title='bbox 2345 1455 2506 1514; x_wconf 85' lang='lat' dir='ltr'><strong>unius</strong></span> <span class='ocrx_word' id='word_1_219' title='bbox 2553 1455 2884 1512; x_wconf 89' lang='lat' dir='ltr'><strong>matrimonii</strong></span> <span class='ocrx_word' id='word_1_220' title='bbox 2933 1470 3056 1513; x_wconf 89' lang='lat' dir='ltr'><strong>esse</strong></span> <span class='ocrx_word' id='word_1_221' title='bbox 3107 1466 3358 1525; x_wconf 82' lang='lat' dir='ltr'><strong>Oportere</strong></span> <span class='ocrx_word' id='word_1_222' title='bbox 3388 1455 3514 1526; x_wconf 83' lang='lat' dir='ltr'><strong>(Tit.</strong></span> <span class='ocrx_word' id='word_1_223' title='bbox 3541 1454 3563 1510; x_wconf 88' lang='lat' dir='ltr'><strong>l</strong></span> <span class='ocrx_word' id='word_1_224' title='bbox 3589 1498 3605 1522; x_wconf 91' lang='lat'><strong>,</strong></span> <span class='ocrx_word' id='word_1_225' title='bbox 3633 1454 3691 1527; x_wconf 89' lang='lat'><strong>6)</strong></span> <span class='ocrx_word' id='word_1_226' title='bbox 3717 1456 3806 1527; x_wconf 89' lang='lat' dir='ltr'><strong>qui</strong></span> 
     </span>
    </p>
   </div>
   <div class='ocr_carea' id='block_1_31' title="bbox 2209 1548 3809 1621">
    <p class='ocr_par' dir='ltr' id='par_1_31' title="bbox 2209 1548 3809 1621">
     <span class='ocr_line' id='line_1_31' title="bbox 2209 1548 3809 1621; baseline 0 -16"><span class='ocrx_word' id='word_1_227' title='bbox 2209 1550 2512 1620; x_wconf 78' lang='lat' dir='ltr'><strong>alleguntur</strong></span> <span class='ocrx_word' id='word_1_228' title='bbox 2541 1548 2618 1621; x_wconf 87' lang='lat'><strong>(8)</strong></span> <span class='ocrx_word' id='word_1_229' title='bbox 2663 1550 2715 1606; x_wconf 94' lang='lat' dir='ltr'><strong>in</strong></span> <span class='ocrx_word' id='word_1_230' title='bbox 2741 1548 2984 1606; x_wconf 89' lang='lat' dir='ltr'><strong>ordinem</strong></span> <span class='ocrx_word' id='word_1_231' title='bbox 3015 1548 3424 1607; x_wconf 84' lang='lat' dir='ltr'><strong>sacerdotalem.</strong></span> <span class='ocrx_word' id='word_1_232' title='bbox 3468 1549 3649 1620; x_wconf 88' lang='lat' dir='ltr'><strong>Usque</strong></span> <span class='ocrx_word' id='word_1_233' title='bbox 3672 1549 3809 1605; x_wconf 88' lang='lat' dir='ltr'><strong>adeo</strong></span> 
     </span>
    </p>
   </div>
   <div class='ocr_carea' id='block_1_32' title="bbox 2210 1640 3805 1714">
    <p class='ocr_par' dir='ltr' id='par_1_32' title="bbox 2210 1640 3805 1714">
     <span class='ocr_line' id='line_1_32' title="bbox 2210 1640 3805 1714; baseline -0.001 -18"><span class='ocrx_word' id='word_1_234' title='bbox 2210 1641 2470 1714; x_wconf 90' lang='lat' dir='ltr'><strong>quosdam</strong></span> <span class='ocrx_word' id='word_1_235' title='bbox 2515 1642 2732 1698; x_wconf 90' lang='lat' dir='ltr'><strong>memini</strong></span> <span class='ocrx_word' id='word_1_236' title='bbox 2780 1641 3023 1713; x_wconf 77' lang='lat' dir='ltr'><strong>digatnos</strong></span> <span class='ocrx_word' id='word_1_237' title='bbox 3050 1642 3169 1698; x_wconf 84' lang='lat' dir='ltr'><strong>loco</strong></span> <span class='ocrx_word' id='word_1_238' title='bbox 3196 1640 3454 1711; x_wconf 85' lang='lat' dir='ltr'><strong>dejectos.</strong></span> <span class='ocrx_word' id='word_1_239' title='bbox 3486 1640 3590 1698; x_wconf 88' lang='lat' dir='ltr'><strong>Sed</strong></span> <span class='ocrx_word' id='word_1_240' title='bbox 3619 1640 3764 1696; x_wconf 88' lang='lat' dir='ltr'><strong>dices</strong></span> <span class='ocrx_word' id='word_1_241' title='bbox 3791 1657 3805 1695; x_wconf 90' lang='lat'>:</span> 
     </span>
    </p>
   </div>
   <div class='ocr_carea' id='block_1_33' title="bbox 2217 1734 3812 1809">
    <p class='ocr_par' dir='ltr' id='par_1_33' title="bbox 2217 1734 3812 1809">
     <span class='ocr_line' id='line_1_33' title="bbox 2217 1734 3812 1809; baseline 0.001 -19"><span class='ocrx_word' id='word_1_242' title='bbox 2217 1736 2356 1807; x_wconf 82' lang='lat' dir='ltr'><strong>Ergo</strong></span> <span class='ocrx_word' id='word_1_243' title='bbox 2378 1734 2589 1792; x_wconf 70' lang='lat' dir='ltr'><strong>ctcteris</strong></span> <span class='ocrx_word' id='word_1_244' title='bbox 2631 1735 2757 1791; x_wconf 89' lang='lat' dir='ltr'><strong>licet</strong></span> <span class='ocrx_word' id='word_1_245' title='bbox 2801 1749 2935 1806; x_wconf 92' lang='lat' dir='ltr'><strong>quos</strong></span> <span class='ocrx_word' id='word_1_246' title='bbox 2973 1734 3172 1809; x_wconf 75' lang='lat' dir='ltr'><strong>excipit</strong></span> <span class='ocrx_word' id='word_1_247' title='bbox 3204 1734 3303 1807; x_wconf 86' lang='lat'>(9).</span> <span class='ocrx_word' id='word_1_248' title='bbox 3341 1734 3472 1790; x_wconf 79' lang='lat' dir='ltr'><strong>Vani</strong></span> <span class='ocrx_word' id='word_1_249' title='bbox 3496 1734 3698 1791; x_wconf 87' lang='lat' dir='ltr'><strong>erimus</strong></span> <span class='ocrx_word' id='word_1_250' title='bbox 3721 1777 3734 1799; x_wconf 94' lang='lat'><strong>,</strong></span> <span class='ocrx_word' id='word_1_251' title='bbox 3765 1736 3812 1791; x_wconf 80' lang='lat' dir='ltr'><strong>si</strong></span> 
     </span>
    </p>
   </div>
   <div class='ocr_carea' id='block_1_34' title="bbox 513 1824 3813 1910">
    <p class='ocr_par' dir='ltr' id='par_1_34' title="bbox 513 1824 3813 1910">
     <span class='ocr_line' id='line_1_34' title="bbox 513 1824 3813 1910; baseline 0 -30"><span class='ocrx_word' id='word_1_252' title='bbox 513 1827 602 1891; x_wconf 88' lang='lat' dir='ltr'><strong>sit,</strong></span> <span class='ocrx_word' id='word_1_253' title='bbox 637 1825 854 1881; x_wconf 88' lang='lat' dir='ltr'><strong>indultis</strong></span> <span class='ocrx_word' id='word_1_254' title='bbox 881 1825 1251 1897; x_wconf 83' lang='lat' dir='ltr'><strong>c0njugiorum</strong></span> <span class='ocrx_word' id='word_1_255' title='bbox 1282 1824 1527 1893; x_wconf 87' lang='lat' dir='ltr'><strong>habenis,</strong></span> <span class='ocrx_word' id='word_1_256' title='bbox 1558 1825 1734 1882; x_wconf 90' lang='lat' dir='ltr'><strong>donec</strong></span> <span class='ocrx_word' id='word_1_257' title='bbox 1761 1825 1990 1880; x_wconf 86' lang='lat' dir='ltr'><strong>mundus</strong></span> <span class='ocrx_word' id='word_1_258' title='bbox 2018 1840 2108 1880; x_wconf 91' lang='lat' dir='ltr'><strong>re-</strong></span> <span class='ocrx_word' id='word_1_259' title='bbox 2138 1849 2187 1910; x_wconf 77' lang='grc' dir='ltr'><strong>Β</strong></span> <span class='ocrx_word' id='word_1_260' title='bbox 2217 1827 2578 1900; x_wconf 84' lang='lat' dir='ltr'><strong>putaverimus</strong></span> <span class='ocrx_word' id='word_1_261' title='bbox 2619 1825 2761 1899; x_wconf 89' lang='lat' dir='ltr'><strong>quod</strong></span> <span class='ocrx_word' id='word_1_262' title='bbox 2806 1827 3175 1884; x_wconf 87' lang='lat' dir='ltr'><strong>sacerdotibus</strong></span> <span class='ocrx_word' id='word_1_263' title='bbox 3216 1842 3321 1882; x_wconf 92' lang='lat' dir='ltr'><strong>non</strong></span> <span class='ocrx_word' id='word_1_264' title='bbox 3350 1827 3506 1882; x_wconf 85' lang='lat' dir='ltr'><strong>liceat</strong></span> <span class='ocrx_word' id='word_1_265' title='bbox 3528 1869 3543 1894; x_wconf 94' lang='lat'><strong>,</strong></span> <span class='ocrx_word' id='word_1_266' title='bbox 3570 1825 3723 1892; x_wconf 85' lang='lat' dir='ltr'><strong>laicis</strong></span> <span class='ocrx_word' id='word_1_267' title='bbox 3750 1825 3813 1880; x_wconf 88' lang='lat' dir='ltr'><strong>li-</strong></span> 
     </span>
    </p>
   </div>
   <div class='ocr_carea' id='block_1_35' title="bbox 511 1916 2105 1989">
    <p class='ocr_par' dir='ltr' id='par_1_35' title="bbox 511 1916 2105 1989">
     <span class='ocr_line' id='line_1_35' title="bbox 511 1916 2105 1989; baseline 0.002 -18"><span class='ocrx_word' id='word_1_268' title='bbox 511 1918 769 1988; x_wconf 88' lang='lat' dir='ltr'><strong>pleretur.</strong></span> <span class='ocrx_word' id='word_1_269' title='bbox 799 1916 969 1973; x_wconf 87' lang='lat' dir='ltr'><strong>donec</strong></span> <span class='ocrx_word' id='word_1_270' title='bbox 1006 1933 1158 1972; x_wconf 82' lang='lat' dir='ltr'><strong>nova:</strong></span> <span class='ocrx_word' id='word_1_271' title='bbox 1200 1916 1497 1987; x_wconf 77' lang='lat' dir='ltr'><strong>disciplina:</strong></span> <span class='ocrx_word' id='word_1_272' title='bbox 1535 1918 1755 1973; x_wconf 87' lang='lat' dir='ltr'><strong>materia</strong></span> <span class='ocrx_word' id='word_1_273' title='bbox 1785 1918 2105 1989; x_wconf 88' lang='lat' dir='ltr'><strong>proliceret;</strong></span> 
     </span>
    </p>
   </div>
   <div class='ocr_carea' id='block_1_36' title="bbox 512 2008 2111 2080">
    <p class='ocr_par' dir='ltr' id='par_1_36' title="bbox 512 2008 2111 2080">
     <span class='ocr_line' id='line_1_36' title="bbox 512 2008 2111 2080; baseline -0.001 -15"><span class='ocrx_word' id='word_1_274' title='bbox 512 2025 654 2065; x_wconf 90' lang='lat' dir='ltr'><strong>nunc</strong></span> <span class='ocrx_word' id='word_1_275' title='bbox 686 2024 815 2064; x_wconf 91' lang='lat' dir='ltr'><strong>vero</strong></span> <span class='ocrx_word' id='word_1_276' title='bbox 855 2008 957 2065; x_wconf 86' lang='lat' dir='ltr'><strong>sub</strong></span> <span class='ocrx_word' id='word_1_277' title='bbox 999 2008 1424 2064; x_wconf 81' lang='lat' dir='ltr'><strong>extremitatibus</strong></span> <span class='ocrx_word' id='word_1_278' title='bbox 1451 2018 1751 2078; x_wconf 89' lang='lat' dir='ltr'><strong>temporum</strong></span> <span class='ocrx_word' id='word_1_279' title='bbox 1791 2008 2111 2080; x_wconf 82' lang='lat' dir='ltr'><strong>compressit</strong></span> 
     </span>
    </p>
   </div>
   <div class='ocr_carea' id='block_1_37' title="bbox 513 2100 2108 2175">
    <p class='ocr_par' dir='ltr' id='par_1_37' title="bbox 513 2100 2108 2175">
     <span class='ocr_line' id='line_1_37' title="bbox 513 2100 2108 2175; baseline -0.001 -17"><span class='ocrx_word' id='word_1_280' title='bbox 513 2103 655 2175; x_wconf 87' lang='lat' dir='ltr'><strong>quod</strong></span> <span class='ocrx_word' id='word_1_281' title='bbox 701 2102 984 2166; x_wconf 84' lang='lat' dir='ltr'><strong>emiserat,</strong></span> <span class='ocrx_word' id='word_1_282' title='bbox 1025 2111 1081 2157; x_wconf 94' lang='lat' dir='ltr'><strong>et</strong></span> <span class='ocrx_word' id='word_1_283' title='bbox 1125 2102 1392 2157; x_wconf 78' lang='lat' dir='ltr'><strong>revocavit</strong></span> <span class='ocrx_word' id='word_1_284' title='bbox 1439 2100 1579 2172; x_wconf 89' lang='lat' dir='ltr'><strong>quod</strong></span> <span class='ocrx_word' id='word_1_285' title='bbox 1631 2101 1966 2168; x_wconf 79' lang='lat' dir='ltr'><strong>indulserat,</strong></span> <span class='ocrx_word' id='word_1_286' title='bbox 2003 2117 2108 2156; x_wconf 91' lang='lat' dir='ltr'><strong>non</strong></span> 
     </span>
    </p>
   </div>
   <div class='ocr_carea' id='block_1_38' title="bbox 514 2192 2110 2267">
    <p class='ocr_par' dir='ltr' id='par_1_38' title="bbox 514 2192 2110 2267">
     <span class='ocr_line' id='line_1_38' title="bbox 514 2192 2110 2267; baseline -0.005 -13"><span class='ocrx_word' id='word_1_287' title='bbox 514 2192 632 2254; x_wconf 79' lang='lat' dir='ltr'><strong>sine</strong></span> <span class='ocrx_word' id='word_1_288' title='bbox 672 2197 875 2252; x_wconf 87' lang='lat' dir='ltr'><strong>ratione</strong></span> <span class='ocrx_word' id='word_1_289' title='bbox 906 2195 1300 2267; x_wconf 79' lang='lat' dir='ltr'><strong>prorogationis</strong></span> <span class='ocrx_word' id='word_1_290' title='bbox 1338 2195 1389 2250; x_wconf 93' lang='lat' dir='ltr'><strong>in</strong></span> <span class='ocrx_word' id='word_1_291' title='bbox 1438 2193 1767 2267; x_wconf 90' lang='lat' dir='ltr'><strong>primordio,</strong></span> <span class='ocrx_word' id='word_1_292' title='bbox 1797 2203 1852 2251; x_wconf 90' lang='lat' dir='ltr'><strong>et</strong></span> <span class='ocrx_word' id='word_1_293' title='bbox 1879 2193 2110 2263; x_wconf 86' lang='lat' dir='ltr'><strong>pastina-</strong></span> 
     </span>
    </p>
   </div>
   <div class='ocr_carea' id='block_1_39' title="bbox 513 2285 2112 2365">
    <p class='ocr_par' dir='ltr' id='par_1_39' title="bbox 513 2285 2112 2365">
     <span class='ocr_line' id='line_1_39' title="bbox 513 2285 2112 2365; baseline -0.004 -17"><span class='ocrx_word' id='word_1_294' title='bbox 513 2292 674 2348; x_wconf 86' lang='lat' dir='ltr'><strong>tionis</strong></span> <span class='ocrx_word' id='word_1_295' title='bbox 702 2289 781 2365; x_wconf 75' lang='grc' dir='ltr'><strong>(Ξ)</strong></span> <span class='ocrx_word' id='word_1_296' title='bbox 808 2289 860 2345; x_wconf 90' lang='lat' dir='ltr'><strong>in</strong></span> <span class='ocrx_word' id='word_1_297' title='bbox 894 2289 1100 2344; x_wconf 90' lang='lat' dir='ltr'><strong>ultimo.</strong></span> <span class='ocrx_word' id='word_1_298' title='bbox 1120 2287 1346 2359; x_wconf 87' lang='lat' dir='ltr'><strong>Semper</strong></span> <span class='ocrx_word' id='word_1_299' title='bbox 1362 2287 1511 2342; x_wconf 85' lang='lat' dir='ltr'><strong>initia</strong></span> <span class='ocrx_word' id='word_1_300' title='bbox 1537 2286 1802 2352; x_wconf 77' lang='lat' dir='ltr'><strong>laxantur,</strong></span> <span class='ocrx_word' id='word_1_301' title='bbox 1825 2285 1959 2341; x_wconf 87' lang='lat' dir='ltr'><strong>lines</strong></span> <span class='ocrx_word' id='word_1_302' title='bbox 1983 2300 2112 2341; x_wconf 82' lang='lat' dir='ltr'><strong>con-</strong></span> 
     </span>
    </p>
   </div>
   <div class='ocr_carea' id='block_1_40' title="bbox 514 2379 2113 2456">
    <p class='ocr_par' dir='ltr' id='par_1_40' title="bbox 514 2379 2113 2456">
     <span class='ocr_line' id='line_1_40' title="bbox 514 2379 2113 2456; baseline -0.004 -16"><span class='ocrx_word' id='word_1_303' title='bbox 514 2384 797 2440; x_wconf 77' lang='lat' dir='ltr'><strong>trahuntur</strong></span> <span class='ocrx_word' id='word_1_304' title='bbox 842 2381 943 2456; x_wconf 79' lang='grc'>(5).</span> <span class='ocrx_word' id='word_1_305' title='bbox 998 2381 1282 2452; x_wconf 81' lang='lat' dir='ltr'><strong>Propterea</strong></span> <span class='ocrx_word' id='word_1_306' title='bbox 1334 2379 1537 2453; x_wconf 87' lang='lat' dir='ltr'><strong>sylvam</strong></span> <span class='ocrx_word' id='word_1_307' title='bbox 1587 2380 1706 2450; x_wconf 87' lang='lat' dir='ltr'><strong>quis</strong></span> <span class='ocrx_word' id='word_1_308' title='bbox 1756 2379 2027 2446; x_wconf 90' lang='lat' dir='ltr'><strong>instituit,</strong></span> <span class='ocrx_word' id='word_1_309' title='bbox 2059 2388 2113 2434; x_wconf 89' lang='lat' dir='ltr'><strong>et</strong></span> 
     </span>
    </p>
   </div>
   <div class='ocr_carea' id='block_1_41' title="bbox 514 2456 2113 2551">
    <p class='ocr_par' dir='ltr' id='par_1_41' title="bbox 514 2456 2113 2551">
     <span class='ocr_line' id='line_1_41' title="bbox 514 2456 2113 2551; baseline -0.003 -20"><span class='ocrx_word' id='word_1_310' title='bbox 514 2456 761 2531; x_wconf 62' lang='lat' dir='ltr'><strong>crescere</strong></span> <span class='ocrx_word' id='word_1_311' title='bbox 803 2474 931 2531; x_wconf 88' lang='lat' dir='ltr'><strong>siuit</strong></span> <span class='ocrx_word' id='word_1_312' title='bbox 953 2515 968 2542; x_wconf 95' lang='lat'><strong>,</strong></span> <span class='ocrx_word' id='word_1_313' title='bbox 1002 2482 1058 2528; x_wconf 90' lang='lat' dir='ltr'><strong>ut</strong></span> <span class='ocrx_word' id='word_1_314' title='bbox 1099 2483 1338 2551; x_wconf 88' lang='lat' dir='ltr'><strong>tempore</strong></span> <span class='ocrx_word' id='word_1_315' title='bbox 1367 2486 1466 2527; x_wconf 91' lang='lat' dir='ltr'><strong>suo</strong></span> <span class='ocrx_word' id='word_1_316' title='bbox 1490 2469 1682 2526; x_wconf 74' lang='lat' dir='ltr'><strong>cmdat.</strong></span> <span class='ocrx_word' id='word_1_317' title='bbox 1716 2470 1875 2544; x_wconf 84' lang='lat' dir='ltr'><strong>Sylva</strong></span> <span class='ocrx_word' id='word_1_318' title='bbox 1900 2471 2003 2526; x_wconf 89' lang='lat' dir='ltr'><strong>erit</strong></span> <span class='ocrx_word' id='word_1_319' title='bbox 2024 2486 2113 2527; x_wconf 86' lang='lat' dir='ltr'><strong>ve-</strong></span> 
     </span>
    </p>
   </div>
   <div class='ocr_carea' id='block_1_42' title="bbox 521 2564 2111 2639">
    <p class='ocr_par' dir='ltr' id='par_1_42' title="bbox 521 2564 2111 2639">
     <span class='ocr_line' id='line_1_42' title="bbox 521 2564 2111 2639; baseline -0.003 -14"><span class='ocrx_word' id='word_1_320' title='bbox 521 2580 605 2625; x_wconf 91' lang='lat' dir='ltr'><strong>tus</strong></span> <span class='ocrx_word' id='word_1_321' title='bbox 636 2568 920 2639; x_wconf 87' lang='lat' dir='ltr'><strong>dispositio</strong></span> <span class='ocrx_word' id='word_1_322' title='bbox 940 2609 954 2631; x_wconf 93' lang='lat'><strong>,</strong></span> <span class='ocrx_word' id='word_1_323' title='bbox 984 2582 1105 2638; x_wconf 79' lang='lat' dir='ltr'><strong>quae</strong></span> <span class='ocrx_word' id='word_1_324' title='bbox 1134 2566 1200 2621; x_wconf 89' lang='lat' dir='ltr'><strong>ab</strong></span> <span class='ocrx_word' id='word_1_325' title='bbox 1227 2565 1515 2637; x_wconf 85' lang='lat' dir='ltr'><strong>Evangelio</strong></span> <span class='ocrx_word' id='word_1_326' title='bbox 1543 2579 1681 2621; x_wconf 92' lang='lat' dir='ltr'><strong>novo</strong></span> <span class='ocrx_word' id='word_1_327' title='bbox 1721 2564 2025 2636; x_wconf 87' lang='lat' dir='ltr'><strong>deputatur,</strong></span> <span class='ocrx_word' id='word_1_328' title='bbox 2059 2565 2111 2622; x_wconf 92' lang='lat' dir='ltr'><strong>in</strong></span> 
     </span>
    </p>
   </div>
   <div class='ocr_carea' id='block_1_43' title="bbox 514 2657 2114 2733">
    <p class='ocr_par' dir='ltr' id='par_1_43' title="bbox 514 2657 2114 2733">
     <span class='ocr_line' id='line_1_43' title="bbox 514 2657 2114 2733; baseline -0.003 -17"><span class='ocrx_word' id='word_1_329' title='bbox 514 2678 621 2733; x_wconf 92' lang='lat' dir='ltr'><strong>quo</strong></span> <span class='ocrx_word' id='word_1_330' title='bbox 665 2672 718 2717; x_wconf 88' lang='lat' dir='ltr'><strong>et</strong></span> <span class='ocrx_word' id='word_1_331' title='bbox 748 2673 766 2733; x_wconf 90' lang='lat'><strong>(</strong></span> <span class='ocrx_word' id='word_1_332' title='bbox 802 2660 989 2715; x_wconf 79' lang='lat' dir='ltr'><strong>Matth.</strong></span> <span class='ocrx_word' id='word_1_333' title='bbox 1033 2658 1179 2727; x_wconf 78' lang='lat' dir='ltr'><strong>XXI)</strong></span> <span class='ocrx_word' id='word_1_334' title='bbox 1221 2658 1409 2713; x_wconf 84' lang='lat' dir='ltr'><strong>securis</strong></span> <span class='ocrx_word' id='word_1_335' title='bbox 1442 2657 1510 2712; x_wconf 89' lang='lat' dir='ltr'><strong>ad</strong></span> <span class='ocrx_word' id='word_1_336' title='bbox 1550 2657 1747 2713; x_wconf 87' lang='lat' dir='ltr'><strong>radices</strong></span> <span class='ocrx_word' id='word_1_337' title='bbox 1785 2658 1980 2712; x_wconf 87' lang='lat' dir='ltr'><strong>arboris</strong></span> <span class='ocrx_word' id='word_1_338' title='bbox 2022 2673 2114 2728; x_wconf 86' lang='lat' dir='ltr'><strong>po-</strong></span> 
     </span>
    </p>
   </div>
   <div class='ocr_carea' id='block_1_44' title="bbox 515 2750 2110 2826">
    <p class='ocr_par' dir='ltr' id='par_1_44' title="bbox 515 2750 2110 2826">
     <span class='ocr_line' id='line_1_44' title="bbox 515 2750 2110 2826; baseline -0.004 -15"><span class='ocrx_word' id='word_1_339' title='bbox 515 2756 612 2811; x_wconf 85' lang='lat' dir='ltr'><strong>sita</strong></span> <span class='ocrx_word' id='word_1_340' title='bbox 655 2763 747 2808; x_wconf 80' lang='lat' dir='ltr'><strong>est.</strong></span> <span class='ocrx_word' id='word_1_341' title='bbox 770 2754 861 2809; x_wconf 84' lang='lat' dir='ltr'><strong>Sic</strong></span> <span class='ocrx_word' id='word_1_342' title='bbox 900 2761 956 2810; x_wconf 90' lang='lat' dir='ltr'><strong>ct</strong></span> <span class='ocrx_word' id='word_1_343' title='bbox 978 2752 1197 2826; x_wconf 55' lang='lat' dir='ltr'><strong>‘oqulttm</strong></span> <span class='ocrx_word' id='word_1_344' title='bbox 1219 2767 1312 2821; x_wconf 88' lang='lat' dir='ltr'><strong>pro</strong></span> <span class='ocrx_word' id='word_1_345' title='bbox 1335 2750 1482 2806; x_wconf 85' lang='lat' dir='ltr'><strong>oculo</strong></span> <span class='ocrx_word' id='word_1_346' title='bbox 1500 2793 1514 2816; x_wconf 93' lang='lat'><strong>,</strong></span> <span class='ocrx_word' id='word_1_347' title='bbox 1539 2761 1585 2805; x_wconf 89' lang='lat' dir='ltr'><strong>et</strong></span> <span class='ocrx_word' id='word_1_348' title='bbox 1607 2750 1805 2806; x_wconf 85' lang='lat' dir='ltr'><strong>dentem</strong></span> <span class='ocrx_word' id='word_1_349' title='bbox 1830 2767 1925 2821; x_wconf 86' lang='lat' dir='ltr'><strong>pro</strong></span> <span class='ocrx_word' id='word_1_350' title='bbox 1942 2750 2110 2818; x_wconf 87' lang='lat' dir='ltr'><strong>dente,</strong></span> 
     </span>
    </p>
   </div>
   <div class='ocr_carea' id='block_1_45' title="bbox 512 2842 2115 2920">
    <p class='ocr_par' dir='ltr' id='par_1_45' title="bbox 512 2842 2115 2920">
     <span class='ocr_line' id='line_1_45' title="bbox 512 2842 2115 2920; baseline 0.001 -20"><span class='ocrx_word' id='word_1_351' title='bbox 512 2848 621 2920; x_wconf 88' lang='lat' dir='ltr'><strong>jam</strong></span> <span class='ocrx_word' id='word_1_352' title='bbox 641 2847 837 2915; x_wconf 89' lang='lat' dir='ltr'><strong>senuit,</strong></span> <span class='ocrx_word' id='word_1_353' title='bbox 862 2863 926 2902; x_wconf 81' lang='lat' dir='ltr'><strong>ex</strong></span> <span class='ocrx_word' id='word_1_354' title='bbox 949 2862 1054 2918; x_wconf 84' lang='lat' dir='ltr'><strong>quo</strong></span> <span class='ocrx_word' id='word_1_355' title='bbox 1070 2845 1311 2915; x_wconf 88' lang='lat' dir='ltr'><strong>juvenuit</strong></span> <span class='ocrx_word' id='word_1_356' title='bbox 1340 2842 1514 2917; x_wconf 82' lang='lat' dir='ltr'><strong>(Ilum.</strong></span> <span class='ocrx_word' id='word_1_357' title='bbox 1552 2842 1670 2911; x_wconf 80' lang='lat' dir='ltr'><strong>XII,</strong></span> <span class='ocrx_word' id='word_1_358' title='bbox 1704 2844 1794 2914; x_wconf 85' lang='lat' dir='ltr'><strong>l7)</strong></span> <span class='ocrx_word' id='word_1_359' title='bbox 1813 2845 2003 2899; x_wconf 88' lang='lat' dir='ltr'><strong>malum</strong></span> <span class='ocrx_word' id='word_1_360' title='bbox 2023 2862 2115 2915; x_wconf 87' lang='lat' dir='ltr'><strong>pro</strong></span> 
     </span>
    </p>
   </div>
   <div class='ocr_carea' id='block_1_46' title="bbox 518 2937 2117 2996">
    <p class='ocr_par' dir='ltr' id='par_1_46' title="bbox 518 2937 2117 2996">
     <span class='ocr_line' id='line_1_46' title="bbox 518 2937 2117 2996; baseline -0.001 0"><span class='ocrx_word' id='word_1_361' title='bbox 518 2942 655 2996; x_wconf 88' lang='lat' dir='ltr'><strong>malo</strong></span> <span class='ocrx_word' id='word_1_362' title='bbox 671 2957 815 2996; x_wconf 88' lang='lat' dir='ltr'><strong>nemo</strong></span> <span class='ocrx_word' id='word_1_363' title='bbox 827 2939 1168 2996; x_wconf 86' lang='lat' dir='ltr'><strong>reddat.Puto</strong></span> <span class='ocrx_word' id='word_1_364' title='bbox 1185 2949 1362 2996; x_wconf 89' lang='lat' dir='ltr'><strong>autem</strong></span> <span class='ocrx_word' id='word_1_365' title='bbox 1382 2939 1542 2996; x_wconf 88' lang='lat' dir='ltr'><strong>etiam</strong></span> <span class='ocrx_word' id='word_1_366' title='bbox 1562 2939 1615 2993; x_wconf 93' lang='lat' dir='ltr'><strong>in</strong></span> <span class='ocrx_word' id='word_1_367' title='bbox 1639 2937 1899 2994; x_wconf 89' lang='lat' dir='ltr'><strong>humanas</strong></span> <span class='ocrx_word' id='word_1_368' title='bbox 1915 2939 2117 2994; x_wconf 84' lang='lat' dir='ltr'><strong>consli-</strong></span> 
     </span>
    </p>
   </div>
   <div class='ocr_carea' id='block_1_47' title="bbox 523 3015 2119 3106">
    <p class='ocr_par' dir='ltr' id='par_1_47' title="bbox 523 3015 2119 3106">
     <span class='ocr_line' id='line_1_47' title="bbox 523 3015 2119 3106; baseline -0.001 -18"><span class='ocrx_word' id='word_1_369' title='bbox 523 3015 756 3089; x_wconf 83' lang='lat' dir='ltr'><strong>tutioncs</strong></span> <span class='ocrx_word' id='word_1_370' title='bbox 780 3042 941 3105; x_wconf 87' lang='lat' dir='ltr'><strong>atque</strong></span> <span class='ocrx_word' id='word_1_371' title='bbox 969 3032 1184 3089; x_wconf 90' lang='lat' dir='ltr'><strong>decreta</strong></span> <span class='ocrx_word' id='word_1_372' title='bbox 1211 3031 1504 3102; x_wconf 88' lang='lat' dir='ltr'><strong>posteriora</strong></span> <span class='ocrx_word' id='word_1_373' title='bbox 1535 3030 1615 3106; x_wconf 75' lang='grc'>(4)</span> <span class='ocrx_word' id='word_1_374' title='bbox 1640 3031 1877 3103; x_wconf 86' lang='lat' dir='ltr'><strong>pristinis</strong></span> <span class='ocrx_word' id='word_1_375' title='bbox 1916 3047 2119 3103; x_wconf 69' lang='lat' dir='ltr'><strong>praeva-</strong></span> 
     </span>
    </p>
   </div>
   <div class='ocr_carea' id='block_1_48' title="bbox 522 3128 653 3183">
    <p class='ocr_par' dir='ltr' id='par_1_48' title="bbox 522 3128 653 3183">
     <span class='ocr_line' id='line_1_48' title="bbox 522 3128 653 3183; baseline -0.015 0"><span class='ocrx_word' id='word_1_376' title='bbox 522 3128 653 3183; x_wconf 88' lang='lat' dir='ltr'><strong>lere.</strong></span> 
     </span>
    </p>
   </div>
   <div class='ocr_carea' id='block_1_49' title="bbox 1125 3217 1508 3276">
    <p class='ocr_par' dir='ltr' id='par_1_49' title="bbox 1125 3217 1508 3276">
     <span class='ocr_line' id='line_1_49' title="bbox 1125 3217 1508 3276; baseline -0.003 -2"><span class='ocrx_word' id='word_1_377' title='bbox 1125 3217 1355 3276; x_wconf 85' lang='lat' dir='ltr'><strong>CAPUT</strong></span> <span class='ocrx_word' id='word_1_378' title='bbox 1397 3217 1508 3274; x_wconf 82' lang='grc' dir='ltr'><strong>νη.</strong></span> 
     </span>
    </p>
   </div>
   <div class='ocr_carea' id='block_1_50' title="bbox 595 3307 2116 3386">
    <p class='ocr_par' dir='ltr' id='par_1_50' title="bbox 595 3307 2116 3386">
     <span class='ocr_line' id='line_1_50' title="bbox 595 3307 2116 3386; baseline 0 -19"><span class='ocrx_word' id='word_1_379' title='bbox 595 3310 705 3368; x_wconf 92' lang='lat' dir='ltr'><strong>Cur</strong></span> <span class='ocrx_word' id='word_1_380' title='bbox 737 3320 914 3368; x_wconf 85' lang='lat' dir='ltr'><strong>autem</strong></span> <span class='ocrx_word' id='word_1_381' title='bbox 945 3307 1011 3368; x_wconf 90' lang='lat' dir='ltr'><strong>de</strong></span> <span class='ocrx_word' id='word_1_382' title='bbox 1039 3310 1278 3384; x_wconf 84' lang='lat' dir='ltr'><strong>pristinis</strong></span> <span class='ocrx_word' id='word_1_383' title='bbox 1311 3310 1576 3383; x_wconf 75' lang='lat' dir='ltr'><strong>exemplis</strong></span> <span class='ocrx_word' id='word_1_384' title='bbox 1602 3324 1708 3368; x_wconf 90' lang='lat' dir='ltr'><strong>non</strong></span> <span class='ocrx_word' id='word_1_385' title='bbox 1737 3325 1801 3367; x_wconf 88' lang='lat' dir='ltr'><strong>ea</strong></span> <span class='ocrx_word' id='word_1_386' title='bbox 1830 3312 2003 3382; x_wconf 87' lang='lat' dir='ltr'><strong>potius</strong></span> <span class='ocrx_word' id='word_1_387' title='bbox 2023 3329 2116 3386; x_wconf 83' lang='lat' dir='ltr'><strong>ag-</strong></span> 
     </span>
    </p>
   </div>
   <div class='ocr_carea' id='block_1_51' title="bbox 2216 1918 3925 1997">
    <p class='ocr_par' dir='ltr' id='par_1_51' title="bbox 2216 1918 3925 1997">
     <span class='ocr_line' id='line_1_51' title="bbox 2216 1918 3925 1997; baseline 0 -24"><span class='ocrx_word' id='word_1_388' title='bbox 2216 1935 2361 1977; x_wconf 90' lang='lat' dir='ltr'><strong>ccrc.</strong></span> <span class='ocrx_word' id='word_1_389' title='bbox 2409 1918 2603 1975; x_wconf 81' lang='lat' dir='ltr'><strong>Nonne</strong></span> <span class='ocrx_word' id='word_1_390' title='bbox 2652 1928 2707 1974; x_wconf 91' lang='lat' dir='ltr'><strong>et</strong></span> <span class='ocrx_word' id='word_1_391' title='bbox 2758 1919 2878 1976; x_wconf 88' lang='lat' dir='ltr'><strong>laici</strong></span> <span class='ocrx_word' id='word_1_392' title='bbox 2918 1919 3235 1997; x_wconf 54' lang='lat' dir='ltr'><strong>sacerdotes</strong></span> <span class='ocrx_word' id='word_1_393' title='bbox 3282 1921 3518 1997; x_wconf 55' lang='lat' dir='ltr'><strong>sumus}</strong></span> <span class='ocrx_word' id='word_1_394' title='bbox 3546 1919 3813 1991; x_wconf 84' lang='lat' dir='ltr'><strong>Scriptum</strong></span> <span class='ocrx_word' id='word_1_395' title='bbox 3865 1954 3925 1990; x_wconf 56' lang='grc' dir='ltr'><em>ί</em></span> 
     </span>
    </p>
   </div>
   <div class='ocr_carea' id='block_1_52' title="bbox 3100 1986 3395 1997">
    <p class='ocr_par' dir='ltr' id='par_1_52' title="bbox 3100 1986 3395 1997">
     <span class='ocr_line' id='line_1_52' title="bbox 3100 1986 3395 1997; baseline 0 0"><span class='ocrx_word' id='word_1_396' title='bbox 3100 1986 3395 1997; x_wconf 66' lang='lat' dir='ltr'><em>W</em></span> 
     </span>
    </p>
   </div>
   <div class='ocr_carea' id='block_1_53' title="bbox 2215 2011 3816 2085">
    <p class='ocr_par' dir='ltr' id='par_1_53' title="bbox 2215 2011 3816 2085">
     <span class='ocr_line' id='line_1_53' title="bbox 2215 2011 3816 2085; baseline -0.003 -13"><span class='ocrx_word' id='word_1_397' title='bbox 2215 2022 2300 2072; x_wconf 84' lang='lat' dir='ltr'><strong>eSt</strong></span> <span class='ocrx_word' id='word_1_398' title='bbox 2329 2032 2342 2070; x_wconf 87' lang='lat'><strong>:</strong></span> <span class='ocrx_word' id='word_1_399' title='bbox 2372 2012 2604 2085; x_wconf 84' lang='lat' dir='ltr'><strong>Regnum</strong></span> <span class='ocrx_word' id='word_1_400' title='bbox 2628 2030 2822 2085; x_wconf 82' lang='lat' dir='ltr'><strong>quoque</strong></span> <span class='ocrx_word' id='word_1_401' title='bbox 2846 2030 2938 2069; x_wconf 90' lang='lat' dir='ltr'><strong>nos</strong></span> <span class='ocrx_word' id='word_1_402' title='bbox 2967 2023 3015 2069; x_wconf 88' lang='lat' dir='ltr'><strong>et</strong></span> <span class='ocrx_word' id='word_1_403' title='bbox 3042 2013 3326 2069; x_wconf 72' lang='lat' dir='ltr'><strong>sacerdotes</strong></span> <span class='ocrx_word' id='word_1_404' title='bbox 3356 2012 3467 2068; x_wconf 88' lang='lat' dir='ltr'><strong>Deo</strong></span> <span class='ocrx_word' id='word_1_405' title='bbox 3489 2021 3533 2067; x_wconf 87' lang='lat' dir='ltr'><strong>et</strong></span> <span class='ocrx_word' id='word_1_406' title='bbox 3561 2011 3704 2066; x_wconf 81' lang='lat' dir='ltr'><strong>Patri</strong></span> <span class='ocrx_word' id='word_1_407' title='bbox 3723 2027 3816 2067; x_wconf 86' lang='lat' dir='ltr'><strong>suo</strong></span> 
     </span>
    </p>
   </div>
   <div class='ocr_carea' id='block_1_54' title="bbox 2216 2103 3820 2177">
    <p class='ocr_par' dir='ltr' id='par_1_54' title="bbox 2216 2103 3820 2177">
     <span class='ocr_line' id='line_1_54' title="bbox 2216 2103 3820 2177; baseline 0 -19"><span class='ocrx_word' id='word_1_408' title='bbox 2216 2105 2335 2174; x_wconf 72' lang='lat' dir='ltr'><strong>fecit</strong></span> <span class='ocrx_word' id='word_1_409' title='bbox 2369 2105 2551 2177; x_wconf 79' lang='lat' dir='ltr'><strong>(Apoc.</strong></span> <span class='ocrx_word' id='word_1_410' title='bbox 2584 2103 2636 2171; x_wconf 92' lang='lat' dir='ltr'><strong>I,</strong></span> <span class='ocrx_word' id='word_1_411' title='bbox 2669 2105 2746 2173; x_wconf 89' lang='lat'><strong>6).</strong></span> <span class='ocrx_word' id='word_1_412' title='bbox 2791 2104 3152 2161; x_wconf 74' lang='lat' dir='ltr'><strong>Dillercntiam</strong></span> <span class='ocrx_word' id='word_1_413' title='bbox 3184 2104 3325 2161; x_wconf 85' lang='lat' dir='ltr'><strong>inter</strong></span> <span class='ocrx_word' id='word_1_414' title='bbox 3352 2104 3596 2160; x_wconf 89' lang='lat' dir='ltr'><strong>ordinem</strong></span> <span class='ocrx_word' id='word_1_415' title='bbox 3628 2115 3682 2158; x_wconf 88' lang='lat' dir='ltr'><strong>et</strong></span> <span class='ocrx_word' id='word_1_416' title='bbox 3708 2103 3820 2175; x_wconf 88' lang='lat' dir='ltr'><strong>ple-</strong></span> 
     </span>
    </p>
   </div>
   <div class='ocr_carea' id='block_1_55' title="bbox 2219 2197 3820 2266">
    <p class='ocr_par' dir='ltr' id='par_1_55' title="bbox 2219 2197 3820 2266">
     <span class='ocr_line' id='line_1_55' title="bbox 2219 2197 3820 2266; baseline -0.002 -12"><span class='ocrx_word' id='word_1_417' title='bbox 2219 2199 2339 2254; x_wconf 90' lang='lat' dir='ltr'><strong>bem</strong></span> <span class='ocrx_word' id='word_1_418' title='bbox 2370 2199 2643 2255; x_wconf 84' lang='lat' dir='ltr'><strong>constituit</strong></span> <span class='ocrx_word' id='word_1_419' title='bbox 2675 2198 2929 2254; x_wconf 75' lang='lat' dir='ltr'><strong>Ecclesia:</strong></span> <span class='ocrx_word' id='word_1_420' title='bbox 2973 2198 3266 2254; x_wconf 84' lang='lat' dir='ltr'><strong>auctoritas</strong></span> <span class='ocrx_word' id='word_1_421' title='bbox 3287 2240 3301 2262; x_wconf 95' lang='lat'><strong>,</strong></span> <span class='ocrx_word' id='word_1_422' title='bbox 3333 2207 3387 2254; x_wconf 90' lang='lat' dir='ltr'><strong>et</strong></span> <span class='ocrx_word' id='word_1_423' title='bbox 3414 2197 3588 2252; x_wconf 87' lang='lat' dir='ltr'><strong>honor</strong></span> <span class='ocrx_word' id='word_1_424' title='bbox 3613 2210 3709 2266; x_wconf 88' lang='lat' dir='ltr'><strong>per</strong></span> <span class='ocrx_word' id='word_1_425' title='bbox 3733 2210 3820 2251; x_wconf 89' lang='lat' dir='ltr'><strong>or-</strong></span> 
     </span>
    </p>
   </div>
   <div class='ocr_carea' id='block_1_56' title="bbox 2216 2287 3818 2365">
    <p class='ocr_par' dir='ltr' id='par_1_56' title="bbox 2216 2287 3818 2365">
     <span class='ocr_line' id='line_1_56' title="bbox 2216 2287 3818 2365; baseline -0.002 -18"><span class='ocrx_word' id='word_1_426' title='bbox 2216 2291 2359 2347; x_wconf 89' lang='lat' dir='ltr'><strong>dinis</strong></span> <span class='ocrx_word' id='word_1_427' title='bbox 2404 2306 2719 2347; x_wconf 83' lang='lat' dir='ltr'><strong>consessum</strong></span> <span class='ocrx_word' id='word_1_428' title='bbox 2759 2289 3139 2347; x_wconf 73' lang='lat' dir='ltr'><strong>sanctificatus.</strong></span> <span class='ocrx_word' id='word_1_429' title='bbox 3175 2291 3322 2347; x_wconf 83' lang='lat' dir='ltr'><strong>Adeo</strong></span> <span class='ocrx_word' id='word_1_430' title='bbox 3356 2290 3467 2365; x_wconf 88' lang='grc'>(10)</span> <span class='ocrx_word' id='word_1_431' title='bbox 3497 2287 3567 2364; x_wconf 84' lang='lat' dir='ltr'>(e)</span> <span class='ocrx_word' id='word_1_432' title='bbox 3607 2289 3696 2345; x_wconf 93' lang='lat' dir='ltr'><strong>ubi</strong></span> <span class='ocrx_word' id='word_1_433' title='bbox 3726 2303 3818 2344; x_wconf 87' lang='lat' dir='ltr'><strong>ec-</strong></span> 
     </span>
    </p>
   </div>
   <div class='ocr_carea' id='block_1_57' title="bbox 2217 2380 3822 2456">
    <p class='ocr_par' dir='ltr' id='par_1_57' title="bbox 2217 2380 3822 2456">
     <span class='ocr_line' id='line_1_57' title="bbox 2217 2380 3822 2456; baseline -0.002 -17"><span class='ocrx_word' id='word_1_434' title='bbox 2217 2382 2505 2440; x_wconf 83' lang='lat' dir='ltr'><strong>clesiastici</strong></span> <span class='ocrx_word' id='word_1_435' title='bbox 2533 2382 2737 2440; x_wconf 88' lang='lat' dir='ltr'><strong>ordinis</strong></span> <span class='ocrx_word' id='word_1_436' title='bbox 2782 2398 2889 2439; x_wconf 92' lang='lat' dir='ltr'><strong>non</strong></span> <span class='ocrx_word' id='word_1_437' title='bbox 2928 2394 3009 2440; x_wconf 89' lang='lat' dir='ltr'><strong>est</strong></span> <span class='ocrx_word' id='word_1_438' title='bbox 3035 2398 3342 2452; x_wconf 77' lang='lat' dir='ltr'><strong>consessus,</strong></span> <span class='ocrx_word' id='word_1_439' title='bbox 3371 2383 3444 2456; x_wconf 70' lang='grc' dir='ltr'>(ί)</span> <span class='ocrx_word' id='word_1_440' title='bbox 3476 2392 3528 2438; x_wconf 91' lang='lat' dir='ltr'><strong>ct</strong></span> <span class='ocrx_word' id='word_1_441' title='bbox 3553 2380 3734 2448; x_wconf 83' lang='lat' dir='ltr'><strong>oll&#39;ers,</strong></span> <span class='ocrx_word' id='word_1_442' title='bbox 3766 2390 3822 2436; x_wconf 91' lang='lat' dir='ltr'><strong>et</strong></span> 
     </span>
    </p>
   </div>
   <div class='ocr_carea' id='block_1_58' title="bbox 2219 2473 3820 2550">
    <p class='ocr_par' dir='ltr' id='par_1_58' title="bbox 2219 2473 3820 2550">
     <span class='ocr_line' id='line_1_58' title="bbox 2219 2473 3820 2550; baseline -0.003 -17"><span class='ocrx_word' id='word_1_443' title='bbox 2219 2477 2438 2550; x_wconf 84' lang='lat' dir='ltr'><strong>tinguis,</strong></span> <span class='ocrx_word' id='word_1_444' title='bbox 2467 2486 2523 2534; x_wconf 89' lang='lat' dir='ltr'><strong>et</strong></span> <span class='ocrx_word' id='word_1_445' title='bbox 2568 2475 2820 2534; x_wconf 84' lang='lat' dir='ltr'><strong>sacerdos</strong></span> <span class='ocrx_word' id='word_1_446' title='bbox 2849 2492 2907 2533; x_wconf 85' lang='lat' dir='ltr'><strong>es</strong></span> <span class='ocrx_word' id='word_1_447' title='bbox 2929 2475 3042 2545; x_wconf 90' lang='grc'>(11)</span> <span class='ocrx_word' id='word_1_448' title='bbox 3085 2475 3177 2532; x_wconf 89' lang='lat' dir='ltr'><strong>tibi</strong></span> <span class='ocrx_word' id='word_1_449' title='bbox 3217 2475 3385 2531; x_wconf 91' lang='lat' dir='ltr'><strong>solus.</strong></span> <span class='ocrx_word' id='word_1_450' title='bbox 3417 2474 3522 2531; x_wconf 81' lang='lat' dir='ltr'><strong>Sed</strong></span> <span class='ocrx_word' id='word_1_451' title='bbox 3551 2473 3639 2529; x_wconf 91' lang='lat' dir='ltr'><strong>ubi</strong></span> <span class='ocrx_word' id='word_1_452' title='bbox 3667 2484 3776 2528; x_wconf 86' lang='lat' dir='ltr'><strong>tres</strong></span> <span class='ocrx_word' id='word_1_453' title='bbox 3804 2513 3820 2537; x_wconf 92' lang='lat'><strong>,</strong></span> 
     </span>
    </p>
   </div>
   <div class='ocr_carea' id='block_1_59' title="bbox 2224 2553 3871 2639">
    <p class='ocr_par' dir='ltr' id='par_1_59' title="bbox 2224 2553 3871 2639">
     <span class='ocr_line' id='line_1_59' title="bbox 2224 2553 3871 2639; baseline -0.004 -14"><span class='ocrx_word' id='word_1_454' title='bbox 2224 2569 2460 2626; x_wconf 84' lang='lat' dir='ltr'><strong>Ecclesia</strong></span> <span class='ocrx_word' id='word_1_455' title='bbox 2504 2577 2588 2624; x_wconf 86' lang='lat' dir='ltr'><strong>est</strong></span> <span class='ocrx_word' id='word_1_456' title='bbox 2607 2611 2621 2633; x_wconf 90' lang='lat'><strong>,</strong></span> <span class='ocrx_word' id='word_1_457' title='bbox 2656 2568 2783 2625; x_wconf 90' lang='lat' dir='ltr'><strong>licet</strong></span> <span class='ocrx_word' id='word_1_458' title='bbox 2829 2567 2972 2624; x_wconf 91' lang='lat' dir='ltr'><strong>laici.</strong></span> <span class='ocrx_word' id='word_1_459' title='bbox 3000 2567 3386 2638; x_wconf 87' lang='lat' dir='ltr'><strong>Unusquisque</strong></span> <span class='ocrx_word' id='word_1_460' title='bbox 3413 2567 3557 2622; x_wconf 86' lang='lat' dir='ltr'><strong>enim</strong></span> <span class='ocrx_word' id='word_1_461' title='bbox 3587 2564 3703 2639; x_wconf 70' lang='lat'>(19)</span> <span class='ocrx_word' id='word_1_462' title='bbox 3728 2580 3823 2619; x_wconf 84' lang='lat' dir='ltr'><strong>sua</strong></span> <span class='ocrx_word' id='word_1_463' title='bbox 3852 2553 3871 2562; x_wconf 83' lang='grc'><em>’</em></span> 
     </span>
    </p>
   </div>
   <div class='ocr_carea' id='block_1_60' title="bbox 2221 2657 3824 2735">
    <p class='ocr_par' dir='ltr' id='par_1_60' title="bbox 2221 2657 3824 2735">
     <span class='ocr_line' id='line_1_60' title="bbox 2221 2657 3824 2735; baseline -0.005 -18"><span class='ocrx_word' id='word_1_464' title='bbox 2221 2662 2324 2735; x_wconf 80' lang='lat' dir='ltr'><strong>fide</strong></span> <span class='ocrx_word' id='word_1_465' title='bbox 2365 2664 2501 2728; x_wconf 86' lang='lat' dir='ltr'><strong>vivit,</strong></span> <span class='ocrx_word' id='word_1_466' title='bbox 2552 2679 2642 2717; x_wconf 87' lang='lat' dir='ltr'><strong>nec</strong></span> <span class='ocrx_word' id='word_1_467' title='bbox 2695 2674 2767 2717; x_wconf 84' lang='lat' dir='ltr'><strong>est</strong></span> <span class='ocrx_word' id='word_1_468' title='bbox 2811 2678 3141 2733; x_wconf 60' lang='lat' dir='ltr'><strong>persoluat-um</strong></span> <span class='ocrx_word' id='word_1_469' title='bbox 3196 2660 3419 2731; x_wconf 74' lang='lat' dir='ltr'><strong>acceptio</strong></span> <span class='ocrx_word' id='word_1_470' title='bbox 3443 2661 3583 2731; x_wconf 85' lang='lat' dir='ltr'><strong>apud</strong></span> <span class='ocrx_word' id='word_1_471' title='bbox 3623 2657 3824 2717; x_wconf 83' lang='lat' dir='ltr'><strong>Deum;</strong></span> 
     </span>
    </p>
   </div>
   <div class='ocr_carea' id='block_1_61' title="bbox 2220 2746 3826 2827">
    <p class='ocr_par' dir='ltr' id='par_1_61' title="bbox 2220 2746 3826 2827">
     <span class='ocr_line' id='line_1_61' title="bbox 2220 2746 3826 2827; baseline -0.007 -16"><span class='ocrx_word' id='word_1_472' title='bbox 2220 2756 2471 2827; x_wconf 87' lang='lat' dir='ltr'><strong>quoniam</strong></span> <span class='ocrx_word' id='word_1_473' title='bbox 2494 2772 2593 2810; x_wconf 88' lang='lat' dir='ltr'><strong>non</strong></span> <span class='ocrx_word' id='word_1_474' title='bbox 2615 2753 2872 2810; x_wconf 82' lang='lat' dir='ltr'><strong>auditores</strong></span> <span class='ocrx_word' id='word_1_475' title='bbox 2898 2754 3022 2823; x_wconf 85' lang='lat' dir='ltr'><strong>legis</strong></span> <span class='ocrx_word' id='word_1_476' title='bbox 3035 2752 3389 2822; x_wconf 84' lang='lat' dir='ltr'><strong>justi/icantur</strong></span> <span class='ocrx_word' id='word_1_477' title='bbox 3406 2751 3519 2823; x_wconf 74' lang='grc'>(15)</span> <span class='ocrx_word' id='word_1_478' title='bbox 3547 2766 3578 2802; x_wconf 89' lang='lat' dir='ltr'><strong>a</strong></span> <span class='ocrx_word' id='word_1_479' title='bbox 3601 2746 3826 2810; x_wconf 79' lang='lat' dir='ltr'><strong>Dco,sed</strong></span> 
     </span>
    </p>
   </div>
   <div class='ocr_carea' id='block_1_62' title="bbox 2222 2838 3823 2922">
    <p class='ocr_par' dir='ltr' id='par_1_62' title="bbox 2222 2838 3823 2922">
     <span class='ocr_line' id='line_1_62' title="bbox 2222 2838 3823 2922; baseline -0.006 -19"><span class='ocrx_word' id='word_1_480' title='bbox 2222 2853 2467 2922; x_wconf 77' lang='lat' dir='ltr'><strong>factores,</strong></span> <span class='ocrx_word' id='word_1_481' title='bbox 2491 2848 2784 2904; x_wconf 88' lang='lat' dir='ltr'><strong>secundum</strong></span> <span class='ocrx_word' id='word_1_482' title='bbox 2815 2846 2958 2917; x_wconf 90' lang='lat' dir='ltr'><strong>quod</strong></span> <span class='ocrx_word' id='word_1_483' title='bbox 2995 2854 3050 2901; x_wconf 91' lang='lat' dir='ltr'><strong>et</strong></span> <span class='ocrx_word' id='word_1_484' title='bbox 3080 2845 3367 2915; x_wconf 79' lang='lat' dir='ltr'><strong>Apostolus</strong></span> <span class='ocrx_word' id='word_1_485' title='bbox 3387 2842 3515 2897; x_wconf 89' lang='lat' dir='ltr'><strong>dicit</strong></span> <span class='ocrx_word' id='word_1_486' title='bbox 3541 2840 3715 2913; x_wconf 83' lang='lat' dir='ltr'><strong>(Rom.</strong></span> <span class='ocrx_word' id='word_1_487' title='bbox 3740 2838 3781 2894; x_wconf 92' lang='lat' dir='ltr'><strong>ll</strong></span> <span class='ocrx_word' id='word_1_488' title='bbox 3806 2880 3823 2906; x_wconf 89' lang='lat'><strong>,</strong></span> 
     </span>
    </p>
   </div>
   <div class='ocr_carea' id='block_1_63' title="bbox 2222 2932 3821 3013">
    <p class='ocr_par' dir='ltr' id='par_1_63' title="bbox 2222 2932 3821 3013">
     <span class='ocr_line' id='line_1_63' title="bbox 2222 2932 3821 3013; baseline -0.008 -14"><span class='ocrx_word' id='word_1_489' title='bbox 2222 2943 2285 2998; x_wconf 77' lang='grc'><strong>11</strong></span> <span class='ocrx_word' id='word_1_490' title='bbox 2317 2984 2330 3009; x_wconf 86' lang='grc'><em>,</em></span> <span class='ocrx_word' id='word_1_491' title='bbox 2360 2942 2474 3013; x_wconf 79' lang='lat' dir='ltr'><strong>l3).</strong></span> <span class='ocrx_word' id='word_1_492' title='bbox 2505 2940 2667 3013; x_wconf 78' lang='lat' dir='ltr'><strong>Igitur</strong></span> <span class='ocrx_word' id='word_1_493' title='bbox 2692 2939 2738 2995; x_wconf 93' lang='lat' dir='ltr'><strong>si</strong></span> <span class='ocrx_word' id='word_1_494' title='bbox 2766 2939 2933 2994; x_wconf 88' lang='lat' dir='ltr'><strong>habes</strong></span> <span class='ocrx_word' id='word_1_495' title='bbox 2957 2938 3043 3010; x_wconf 78' lang='lat' dir='ltr'><strong>jus</strong></span> <span class='ocrx_word' id='word_1_496' title='bbox 3089 2934 3387 2992; x_wconf 78' lang='lat' dir='ltr'><strong>sacerdotis</strong></span> <span class='ocrx_word' id='word_1_497' title='bbox 3418 2935 3471 2991; x_wconf 90' lang='lat' dir='ltr'><strong>in</strong></span> <span class='ocrx_word' id='word_1_498' title='bbox 3502 2932 3821 3002; x_wconf 83' lang='lat' dir='ltr'><strong>tentetipso,</strong></span> 
     </span>
    </p>
   </div>
   <div class='ocr_carea' id='block_1_64' title="bbox 2223 3023 3818 3099">
    <p class='ocr_par' dir='ltr' id='par_1_64' title="bbox 2223 3023 3818 3099">
     <span class='ocr_line' id='line_1_64' title="bbox 2223 3023 3818 3099; baseline -0.008 -9"><span class='ocrx_word' id='word_1_499' title='bbox 2223 3035 2311 3090; x_wconf 90' lang='lat' dir='ltr'><strong>ubi</strong></span> <span class='ocrx_word' id='word_1_500' title='bbox 2358 3047 2579 3089; x_wconf 88' lang='lat' dir='ltr'><strong>necesse</strong></span> <span class='ocrx_word' id='word_1_501' title='bbox 2621 3041 2742 3098; x_wconf 88' lang='lat' dir='ltr'><strong>est;</strong></span> <span class='ocrx_word' id='word_1_502' title='bbox 2773 3030 2972 3086; x_wconf 87' lang='lat' dir='ltr'><strong>habeas</strong></span> <span class='ocrx_word' id='word_1_503' title='bbox 3020 3035 3235 3099; x_wconf 90' lang='lat' dir='ltr'><strong>oportet</strong></span> <span class='ocrx_word' id='word_1_504' title='bbox 3285 3027 3446 3083; x_wconf 87' lang='lat' dir='ltr'><strong>etiam</strong></span> <span class='ocrx_word' id='word_1_505' title='bbox 3476 3023 3818 3094; x_wconf 86' lang='lat' dir='ltr'><strong>disciplinam</strong></span> 
     </span>
    </p>
   </div>
   <div class='ocr_carea' id='block_1_65' title="bbox 2227 3115 3824 3194">
    <p class='ocr_par' dir='ltr' id='par_1_65' title="bbox 2227 3115 3824 3194">
     <span class='ocr_line' id='line_1_65' title="bbox 2227 3115 3824 3194; baseline -0.011 -7"><span class='ocrx_word' id='word_1_506' title='bbox 2227 3129 2523 3187; x_wconf 90' lang='lat' dir='ltr'><strong>sacerdotis</strong></span> <span class='ocrx_word' id='word_1_507' title='bbox 2554 3169 2568 3193; x_wconf 91' lang='lat'><strong>,</strong></span> <span class='ocrx_word' id='word_1_508' title='bbox 2598 3126 2687 3182; x_wconf 91' lang='lat' dir='ltr'><strong>ubi</strong></span> <span class='ocrx_word' id='word_1_509' title='bbox 2716 3138 2937 3194; x_wconf 77' lang='lat' dir='ltr'><strong>necesse</strong></span> <span class='ocrx_word' id='word_1_510' title='bbox 2962 3124 3034 3179; x_wconf 89' lang='lat' dir='ltr'><strong>sit</strong></span> <span class='ocrx_word' id='word_1_511' title='bbox 3063 3122 3262 3176; x_wconf 88' lang='lat' dir='ltr'><strong>habere</strong></span> <span class='ocrx_word' id='word_1_512' title='bbox 3283 3119 3373 3189; x_wconf 89' lang='lat' dir='ltr'><strong>jus</strong></span> <span class='ocrx_word' id='word_1_513' title='bbox 3399 3115 3713 3173; x_wconf 86' lang='lat' dir='ltr'><strong>sacerdotis.</strong></span> <span class='ocrx_word' id='word_1_514' title='bbox 3747 3115 3824 3189; x_wconf 87' lang='lat' dir='ltr'>(g)</span> 
     </span>
    </p>
   </div>
   <div class='ocr_carea' id='block_1_66' title="bbox 2144 3206 3826 3296">
    <p class='ocr_par' dir='ltr' id='par_1_66' title="bbox 2144 3206 3826 3296">
     <span class='ocr_line' id='line_1_66' title="bbox 2144 3206 3826 3296; baseline -0.011 -15"><span class='ocrx_word' id='word_1_515' title='bbox 2144 3206 2190 3273; x_wconf 61' lang='grc' dir='ltr'><strong>(ἶ</strong></span> <span class='ocrx_word' id='word_1_516' title='bbox 2226 3225 2475 3296; x_wconf 79' lang='lat' dir='ltr'><strong>Digatuus</strong></span> <span class='ocrx_word' id='word_1_517' title='bbox 2505 3220 2734 3293; x_wconf 78' lang='lat' dir='ltr'><strong>tinguis?</strong></span> <span class='ocrx_word' id='word_1_518' title='bbox 2763 3219 3004 3289; x_wconf 78' lang='lat' dir='ltr'><strong>digamus</strong></span> <span class='ocrx_word' id='word_1_519' title='bbox 3033 3214 3197 3272; x_wconf 80' lang='lat' dir='ltr'><strong>ollch</strong></span> <span class='ocrx_word' id='word_1_520' title='bbox 3225 3211 3343 3286; x_wconf 70' lang='grc'>(1.1)</span> <span class='ocrx_word' id='word_1_521' title='bbox 3372 3213 3395 3266; x_wconf 87' lang='lat'><strong>?</strong></span> <span class='ocrx_word' id='word_1_522' title='bbox 3420 3211 3630 3279; x_wconf 84' lang='lat' dir='ltr'><strong>Quanto</strong></span> <span class='ocrx_word' id='word_1_523' title='bbox 3657 3210 3826 3277; x_wconf 81' lang='lat' dir='ltr'><strong>magis</strong></span> 
     </span>
    </p>
   </div>
   <div class='ocr_carea' id='block_1_67' title="bbox 2224 3299 3823 3387">
    <p class='ocr_par' dir='ltr' id='par_1_67' title="bbox 2224 3299 3823 3387">
     <span class='ocr_line' id='line_1_67' title="bbox 2224 3299 3823 3387; baseline -0.012 -14"><span class='ocrx_word' id='word_1_524' title='bbox 2224 3319 2361 3373; x_wconf 86' lang='lat' dir='ltr'><strong>laico</strong></span> <span class='ocrx_word' id='word_1_525' title='bbox 2387 3316 2601 3387; x_wconf 80' lang='lat' dir='ltr'><strong>diganto</strong></span> <span class='ocrx_word' id='word_1_526' title='bbox 2630 3311 2861 3385; x_wconf 89' lang='lat' dir='ltr'><strong>capitale</strong></span> <span class='ocrx_word' id='word_1_527' title='bbox 2888 3318 2969 3365; x_wconf 89' lang='lat' dir='ltr'><strong>est</strong></span> <span class='ocrx_word' id='word_1_528' title='bbox 3018 3322 3178 3379; x_wconf 83' lang='lat' dir='ltr'><strong>agere</strong></span> <span class='ocrx_word' id='word_1_529' title='bbox 3202 3319 3299 3378; x_wconf 87' lang='lat' dir='ltr'><strong>pro</strong></span> <span class='ocrx_word' id='word_1_530' title='bbox 3348 3300 3629 3359; x_wconf 89' lang='lat' dir='ltr'><strong>sacerdote</strong></span> <span class='ocrx_word' id='word_1_531' title='bbox 3661 3299 3779 3374; x_wconf 77' lang='grc'>(15)</span> <span class='ocrx_word' id='word_1_532' title='bbox 3807 3342 3823 3367; x_wconf 96' lang='lat'><strong>,</strong></span> 
     </span>
    </p>
   </div>
   <div class='ocr_carea' id='block_1_68' title="bbox 1765 3404 2601 3470">
    <p class='ocr_par' dir='ltr' id='par_1_68' title="bbox 1765 3404 2601 3470">
     <span class='ocr_line' id='line_1_68' title="bbox 1765 3404 2601 3470; baseline 0.004 -10"><span class='ocrx_word' id='word_1_533' title='bbox 1765 3404 2150 3470; x_wconf 86' lang='lat' dir='ltr'><strong>LECTIONES</strong></span> <span class='ocrx_word' id='word_1_534' title='bbox 2187 3408 2601 3469; x_wconf 73' lang='lat' dir='ltr'><strong>VARHNTES.</strong></span> 
     </span>
    </p>
   </div>
   <div class='ocr_carea' id='block_1_69' title="bbox 588 3460 1499 3624">
    <p class='ocr_par' dir='ltr' id='par_1_69' title="bbox 588 3460 1499 3624">
     <span class='ocr_line' id='line_1_69' title="bbox 588 3460 1499 3624; baseline -0.004 -74"><span class='ocrx_word' id='word_1_535' title='bbox 588 3498 664 3624; x_wconf 47' lang='grc'><strong>(1)</strong></span> <span class='ocrx_word' id='word_1_536' title='bbox 687 3460 957 3549; x_wconf 77' lang='lat' dir='ltr'><strong>Absolescit</strong></span> <span class='ocrx_word' id='word_1_537' title='bbox 981 3501 1123 3549; x_wconf 86' lang='lat' dir='ltr'><strong>Pam.</strong></span> <span class='ocrx_word' id='word_1_538' title='bbox 1137 3494 1307 3570; x_wconf 48' lang='lat' dir='ltr'><strong>.lthen.</strong></span> <span class='ocrx_word' id='word_1_539' title='bbox 1345 3496 1499 3551; x_wconf 89' lang='lat' dir='ltr'><strong>Seml.</strong></span> 
     </span>
     <span class='ocr_line' id='line_1_70' title="bbox 590 3560 1300 3624; baseline -0.003 -13"><span class='ocrx_word' id='word_1_540' title='bbox 590 3562 643 3619; x_wconf 73' lang='lat'>(3</span> <span class='ocrx_word' id='word_1_541' title='bbox 690 3560 1102 3624; x_wconf 66' lang='lat' dir='ltr'><strong>[iepastinatiouis</strong></span> <span class='ocrx_word' id='word_1_542' title='bbox 1130 3562 1300 3612; x_wconf 72' lang='lat' dir='ltr'><strong>iidem.</strong></span> 
     </span>
    </p>
   </div>
   <div class='ocr_carea' id='block_1_70' title="bbox 590 3560 1300 3625">
    <p class='ocr_par' dir='ltr' id='par_1_70' title="bbox 590 3560 1300 3625">
     <span class='ocr_line' id='line_1_71' title="bbox 590 3560 1300 3625; baseline -0.003 -14"><span class='ocrx_word' id='word_1_543' title='bbox 590 3560 664 3625; x_wconf 74' lang='lat'>(3)</span> <span class='ocrx_word' id='word_1_544' title='bbox 688 3560 1102 3625; x_wconf 65' lang='lat' dir='ltr'><strong>ljepastinatiouis</strong></span> <span class='ocrx_word' id='word_1_545' title='bbox 1130 3560 1300 3612; x_wconf 87' lang='lat' dir='ltr'><strong>iidem.</strong></span> 
     </span>
    </p>
   </div>
   <div class='ocr_carea' id='block_1_71' title="bbox 587 3623 1581 3750">
    <p class='ocr_par' dir='ltr' id='par_1_71' title="bbox 587 3623 1581 3750">
     <span class='ocr_line' id='line_1_72' title="bbox 587 3623 1581 3687; baseline 0.002 -18"><span class='ocrx_word' id='word_1_546' title='bbox 587 3623 654 3687; x_wconf 61' lang='lat'><strong>(3&#39;</strong></span> <span class='ocrx_word' id='word_1_547' title='bbox 688 3623 836 3674; x_wconf 82' lang='lat' dir='ltr'><strong>Fines</strong></span> <span class='ocrx_word' id='word_1_548' title='bbox 853 3623 1205 3673; x_wconf 87' lang='lat' dir='ltr'><strong>contrahuntur</strong></span> <span class='ocrx_word' id='word_1_549' title='bbox 1220 3625 1391 3674; x_wconf 84' lang='lat' dir='ltr'><strong>absunt</strong></span> <span class='ocrx_word' id='word_1_550' title='bbox 1421 3629 1581 3674; x_wconf 75' lang='lat' dir='ltr'><strong>Venet.</strong></span> 
     </span>
     <span class='ocr_line' id='line_1_73' title="bbox 587 3630 1402 3750; baseline -0.001 -14"><span class='ocrx_word' id='word_1_551' title='bbox 587 3630 662 3750; x_wconf 68' lang='grc'><strong>(1)</strong></span> <span class='ocrx_word' id='word_1_552' title='bbox 685 3685 887 3750; x_wconf 64' lang='lat' dir='ltr'><strong>Postera</strong></span> <span class='ocrx_word' id='word_1_553' title='bbox 913 3685 1058 3750; x_wconf 76' lang='lat' dir='ltr'><strong>Itlten.</strong></span> <span class='ocrx_word' id='word_1_554' title='bbox 1085 3685 1236 3737; x_wconf 83' lang='lat' dir='ltr'><strong>Seml.</strong></span> <span class='ocrx_word' id='word_1_555' title='bbox 1261 3686 1402 3750; x_wconf 86' lang='lat' dir='ltr'><strong>Leop.</strong></span> 
     </span>
    </p>
   </div>
   <div class='ocr_carea' id='block_1_72' title="bbox 586 3687 639 3803">
    <p class='ocr_par' dir='ltr' id='par_1_72' title="bbox 586 3687 639 3803">
     <span class='ocr_line' id='line_1_74' title="bbox 586 3687 637 3743; baseline -0.137 0"><span class='ocrx_word' id='word_1_556' title='bbox 586 3687 637 3743; x_wconf 74' lang='lat' dir='ltr'><strong>lt</strong></span> 
     </span>
     <span class='ocr_line' id='line_1_75' title="bbox 588 3749 639 3803; baseline 0.078 -10"><span class='ocrx_word' id='word_1_557' title='bbox 588 3749 639 3803; x_wconf 79' lang='lat' dir='ltr'><strong>(:‘i</strong></span> 
     </span>
    </p>
   </div>
   <div class='ocr_carea' id='block_1_73' title="bbox 588 3810 608 3865">
    <p class='ocr_par' dir='ltr' id='par_1_73' title="bbox 588 3810 608 3865">
     <span class='ocr_line' id='line_1_76' title="bbox 588 3810 608 3865; baseline 0 0"><span class='ocrx_word' id='word_1_558' title='bbox 588 3810 608 3865; x_wconf 86' lang='lat' dir='ltr'><strong>l</strong></span> 
     </span>
    </p>
   </div>
   <div class='ocr_carea' id='block_1_74' title="bbox 688 3685 1402 3750">
    <p class='ocr_par' dir='ltr' id='par_1_74' title="bbox 688 3685 1402 3750">
     <span class='ocr_line' id='line_1_77' title="bbox 688 3685 1402 3750; baseline -0.001 -14"><span class='ocrx_word' id='word_1_559' title='bbox 688 3685 887 3750; x_wconf 63' lang='lat' dir='ltr'><strong>Postera</strong></span> <span class='ocrx_word' id='word_1_560' title='bbox 913 3685 1058 3750; x_wconf 76' lang='lat' dir='ltr'><strong>Itlten.</strong></span> <span class='ocrx_word' id='word_1_561' title='bbox 1085 3685 1236 3737; x_wconf 83' lang='lat' dir='ltr'><strong>Seml.</strong></span> <span class='ocrx_word' id='word_1_562' title='bbox 1261 3686 1402 3750; x_wconf 86' lang='lat' dir='ltr'><strong>Leop.</strong></span> 
     </span>
    </p>
   </div>
   <div class='ocr_carea' id='block_1_75' title="bbox 684 3746 1072 3798">
    <p class='ocr_par' dir='ltr' id='par_1_75' title="bbox 684 3746 1072 3798">
     <span class='ocr_line' id='line_1_78' title="bbox 684 3746 1072 3798; baseline 0 -2"><span class='ocrx_word' id='word_1_563' title='bbox 684 3747 903 3798; x_wconf 82' lang='lat' dir='ltr'><strong>Posteris</strong></span> <span class='ocrx_word' id='word_1_564' title='bbox 926 3746 1072 3798; x_wconf 81' lang='lat' dir='ltr'><strong>Ithen.</strong></span> 
     </span>
    </p>
   </div>
   <div class='ocr_carea' id='block_1_76' title="bbox 609 3808 2026 3863">
    <p class='ocr_par' dir='ltr' id='par_1_76' title="bbox 609 3808 2026 3863">
     <span class='ocr_line' id='line_1_79' title="bbox 609 3808 2026 3863; baseline 0.006 -9"><span class='ocrx_word' id='word_1_565' title='bbox 609 3808 662 3863; x_wconf 70' lang='lat' dir='ltr'><strong>tt)</strong></span> <span class='ocrx_word' id='word_1_566' title='bbox 689 3809 781 3861; x_wconf 90' lang='lat' dir='ltr'><strong>Uni</strong></span> <span class='ocrx_word' id='word_1_567' title='bbox 805 3809 999 3862; x_wconf 85' lang='lat' dir='ltr'><strong>Christo</strong></span> <span class='ocrx_word' id='word_1_568' title='bbox 1023 3811 1178 3860; x_wconf 84' lang='lat' dir='ltr'><strong>Fran.</strong></span> <span class='ocrx_word' id='word_1_569' title='bbox 1206 3808 1373 3862; x_wconf 83' lang='lat' dir='ltr'><strong>Paris.</strong></span> <span class='ocrx_word' id='word_1_570' title='bbox 1400 3809 1566 3862; x_wconf 76' lang='lat' dir='ltr'><strong>Geten.</strong></span> <span class='ocrx_word' id='word_1_571' title='bbox 1587 3810 1638 3859; x_wconf 92' lang='lat' dir='ltr'><strong>in</strong></span> <span class='ocrx_word' id='word_1_572' title='bbox 1659 3808 1853 3862; x_wconf 83' lang='lat' dir='ltr'><strong>Christo</strong></span> <span class='ocrx_word' id='word_1_573' title='bbox 1872 3811 2026 3863; x_wconf 86' lang='lat' dir='ltr'><strong>Seml.</strong></span> 
     </span>
    </p>
   </div>
   <div class='ocr_carea' id='block_1_77' title="bbox 587 3870 1805 3938">
    <p class='ocr_par' dir='ltr' id='par_1_77' title="bbox 587 3870 1805 3938">
     <span class='ocr_line' id='line_1_80' title="bbox 587 3870 1805 3938; baseline -0.001 -14"><span class='ocrx_word' id='word_1_574' title='bbox 587 3870 660 3938; x_wconf 83' lang='lat'>(7)</span> <span class='ocrx_word' id='word_1_575' title='bbox 686 3872 928 3938; x_wconf 82' lang='lat' dir='ltr'><strong>Structius</strong></span> <span class='ocrx_word' id='word_1_576' title='bbox 950 3873 1098 3938; x_wconf 76' lang='lat' dir='ltr'><strong>Rhea.</strong></span> <span class='ocrx_word' id='word_1_577' title='bbox 1126 3870 1279 3938; x_wconf 72' lang='lat' dir='ltr'><strong>Seml.</strong></span> <span class='ocrx_word' id='word_1_578' title='bbox 1299 3874 1513 3938; x_wconf 79' lang='lat' dir='ltr'><strong>strictius</strong></span> <span class='ocrx_word' id='word_1_579' title='bbox 1533 3872 1684 3922; x_wconf 86' lang='lat' dir='ltr'><strong>Fran.</strong></span> 
     </span>
    </p>
   </div>
   <div class='ocr_carea' id='block_1_78' title="bbox 588 3931 2126 4000">
    <p class='ocr_par' dir='ltr' id='par_1_78' title="bbox 588 3931 2126 4000">
     <span class='ocr_line' id='line_1_81' title="bbox 588 3931 2126 4000; baseline 0.001 -13"><span class='ocrx_word' id='word_1_580' title='bbox 588 3931 661 3999; x_wconf 80' lang='grc'>(8)</span> <span class='ocrx_word' id='word_1_581' title='bbox 690 3942 758 4000; x_wconf 76' lang='lat' dir='ltr'><strong>tta</strong></span> <span class='ocrx_word' id='word_1_582' title='bbox 782 3933 918 4000; x_wconf 82' lang='lat' dir='ltr'><strong>Rig.;</strong></span> <span class='ocrx_word' id='word_1_583' title='bbox 949 3935 1091 4000; x_wconf 61' lang='lat' dir='ltr'><strong>triten.</strong></span> <span class='ocrx_word' id='word_1_584' title='bbox 1113 3931 1262 3985; x_wconf 85' lang='lat' dir='ltr'><strong>editio</strong></span> <span class='ocrx_word' id='word_1_585' title='bbox 1283 3948 1404 3998; x_wconf 89' lang='lat' dir='ltr'><strong>quos</strong></span> <span class='ocrx_word' id='word_1_586' title='bbox 1429 3935 1652 4000; x_wconf 69' lang='lat' dir='ltr'><strong>alleget;</strong></span> <span class='ocrx_word' id='word_1_587' title='bbox 1678 3932 1795 4000; x_wconf 78' lang='lat' dir='ltr'><strong>edit.</strong></span> <span class='ocrx_word' id='word_1_588' title='bbox 1823 3945 1973 3986; x_wconf 85' lang='lat' dir='ltr'><strong>Fran.</strong></span> <span class='ocrx_word' id='word_1_589' title='bbox 1999 3951 2126 4000; x_wconf 91' lang='lat' dir='ltr'><strong>quos</strong></span> 
     </span>
    </p>
   </div>
   <div class='ocr_carea' id='block_1_79' title="bbox 521 3996 2119 4061">
    <p class='ocr_par' dir='ltr' id='par_1_79' title="bbox 521 3996 2119 4061">
     <span class='ocr_line' id='line_1_82' title="bbox 521 3996 2119 4061; baseline 0.003 -17"><span class='ocrx_word' id='word_1_590' title='bbox 521 3996 870 4061; x_wconf 67' lang='lat' dir='ltr'><strong>allegiliceat&#39;;</strong></span> <span class='ocrx_word' id='word_1_591' title='bbox 895 3997 1003 4049; x_wconf 81' lang='lat' dir='ltr'><strong>cod.</strong></span> <span class='ocrx_word' id='word_1_592' title='bbox 1020 3998 1234 4061; x_wconf 77' lang='lat' dir='ltr'><strong>Wottw.;</strong></span> <span class='ocrx_word' id='word_1_593' title='bbox 1253 3996 1375 4061; x_wconf 83' lang='lat' dir='ltr'><strong>quos</strong></span> <span class='ocrx_word' id='word_1_594' title='bbox 1401 3997 1548 4060; x_wconf 82' lang='lat' dir='ltr'><strong>allegi</strong></span> <span class='ocrx_word' id='word_1_595' title='bbox 1574 3999 1623 4061; x_wconf 86' lang='lat' dir='ltr'><strong>in</strong></span> <span class='ocrx_word' id='word_1_596' title='bbox 1640 3996 1754 4048; x_wconf 43' lang='lat' dir='ltr'><strong>&#39;ord.</strong></span> <span class='ocrx_word' id='word_1_597' title='bbox 1778 4011 1878 4048; x_wconf 84' lang='lat' dir='ltr'><strong>sae.</strong></span> <span class='ocrx_word' id='word_1_598' title='bbox 1899 3996 2119 4061; x_wconf 76' lang='lat' dir='ltr'><strong>oportet:</strong></span> 
     </span>
    </p>
   </div>
   <div class='ocr_carea' id='block_1_80' title="bbox 524 4059 2124 4170">
    <p class='ocr_par' dir='ltr' id='par_1_80' title="bbox 524 4059 2124 4170">
     <span class='ocr_line' id='line_1_83' title="bbox 524 4059 2124 4170; baseline 0.001 -59"><span class='ocrx_word' id='word_1_599' title='bbox 524 4059 646 4170; x_wconf 51' lang='lat' dir='ltr'><strong>llego.‘</strong></span> <span class='ocrx_word' id='word_1_600' title='bbox 666 4059 903 4125; x_wconf 75' lang='lat' dir='ltr'><strong>fortasse:</strong></span> <span class='ocrx_word' id='word_1_601' title='bbox 928 4073 1053 4123; x_wconf 89' lang='lat' dir='ltr'><strong>quos</strong></span> <span class='ocrx_word' id='word_1_602' title='bbox 1097 4059 1362 4123; x_wconf 77' lang='lat' dir='ltr'><strong>allegerint</strong></span> <span class='ocrx_word' id='word_1_603' title='bbox 1400 4062 1452 4110; x_wconf 91' lang='lat' dir='ltr'><strong>in</strong></span> <span class='ocrx_word' id='word_1_604' title='bbox 1495 4059 1722 4110; x_wconf 78' lang='lat' dir='ltr'><strong>Ordinem</strong></span> <span class='ocrx_word' id='word_1_605' title='bbox 1765 4060 2124 4114; x_wconf 86' lang='lat' dir='ltr'><strong>sacerdotalem</strong></span> 
     </span>
     <span class='ocr_line' id='line_1_84' title="bbox 569 4134 671 4170; baseline 0 0"><span class='ocrx_word' id='word_1_606' title='bbox 569 4134 592 4170; x_wconf 81' lang='lat' dir='ltr'><strong>e</strong></span> <span class='ocrx_word' id='word_1_607' title='bbox 625 4136 671 4170; x_wconf 78' lang='grc' dir='ltr'><strong>η.</strong></span> 
     </span>
    </p>
   </div>
   <div class='ocr_carea' id='block_1_81' title="bbox 569 4134 671 4176">
    <p class='ocr_par' dir='ltr' id='par_1_81' title="bbox 569 4134 671 4176">
     <span class='ocr_line' id='line_1_85' title="bbox 569 4134 671 4176; baseline 0.01 -6"><span class='ocrx_word' id='word_1_608' title='bbox 569 4134 671 4176; x_wconf 65' lang='grc' dir='ltr'><strong>εον.</strong></span> 
     </span>
    </p>
   </div>
   <div class='ocr_carea' id='block_1_82' title="bbox 590 4182 2122 4250">
    <p class='ocr_par' dir='ltr' id='par_1_82' title="bbox 590 4182 2122 4250">
     <span class='ocr_line' id='line_1_86' title="bbox 590 4182 2122 4250; baseline 0.003 -17"><span class='ocrx_word' id='word_1_609' title='bbox 590 4182 666 4250; x_wconf 83' lang='grc'>(9)</span> <span class='ocrx_word' id='word_1_610' title='bbox 690 4182 832 4235; x_wconf 87' lang='lat' dir='ltr'><strong>Licet</strong></span> <span class='ocrx_word' id='word_1_611' title='bbox 846 4196 959 4235; x_wconf 87' lang='lat' dir='ltr'><strong>cum</strong></span> <span class='ocrx_word' id='word_1_612' title='bbox 980 4184 1161 4247; x_wconf 88' lang='lat' dir='ltr'><strong>quibus</strong></span> <span class='ocrx_word' id='word_1_613' title='bbox 1184 4197 1281 4235; x_wconf 85' lang='lat' dir='ltr'><strong>non</strong></span> <span class='ocrx_word' id='word_1_614' title='bbox 1299 4184 1448 4237; x_wconf 88' lang='lat' dir='ltr'><strong>liceat</strong></span> <span class='ocrx_word' id='word_1_615' title='bbox 1464 4185 1652 4249; x_wconf 81' lang='lat' dir='ltr'><strong>excipit</strong></span> <span class='ocrx_word' id='word_1_616' title='bbox 1675 4185 1781 4236; x_wconf 87' lang='lat' dir='ltr'><strong>vani</strong></span> <span class='ocrx_word' id='word_1_617' title='bbox 1806 4182 1962 4236; x_wconf 78' lang='lat' dir='ltr'><strong>Rhea.</strong></span> <span class='ocrx_word' id='word_1_618' title='bbox 1985 4183 2122 4244; x_wconf 87' lang='lat' dir='ltr'><strong>licet,</strong></span> 
     </span>
    </p>
   </div>
   <div class='ocr_carea' id='block_1_83' title="bbox 612 3766 619 3774">
    <p class='ocr_par' dir='ltr' id='par_1_83' title="bbox 612 3766 619 3774">
     <span class='ocr_line' id='line_1_87' title="bbox 612 3766 619 3774; baseline 0 0"><span class='ocrx_word' id='word_1_619' title='bbox 612 3766 619 3774; x_wconf 69' lang='grc' dir='ltr'>ι</span> 
     </span>
    </p>
   </div>
   <div class='ocr_carea' id='block_1_84' title="bbox 2231 3487 3828 3578">
    <p class='ocr_par' dir='ltr' id='par_1_84' title="bbox 2231 3487 3828 3578">
     <span class='ocr_line' id='line_1_88' title="bbox 2231 3487 3828 3578; baseline -0.011 -24"><span class='ocrx_word' id='word_1_620' title='bbox 2231 3517 2340 3578; x_wconf 80' lang='lat' dir='ltr'><strong>cum</strong></span> <span class='ocrx_word' id='word_1_621' title='bbox 2358 3502 2588 3578; x_wconf 27' lang='lat' dir='ltr'><strong>aquibus</strong></span> <span class='ocrx_word' id='word_1_622' title='bbox 2613 3513 2710 3552; x_wconf 89' lang='lat' dir='ltr'><strong>nou</strong></span> <span class='ocrx_word' id='word_1_623' title='bbox 2732 3498 2883 3550; x_wconf 89' lang='lat' dir='ltr'><strong>liceat</strong></span> <span class='ocrx_word' id='word_1_624' title='bbox 2907 3497 3108 3562; x_wconf 84' lang='lat' dir='ltr'><strong>excepit</strong></span> <span class='ocrx_word' id='word_1_625' title='bbox 3129 3497 3276 3548; x_wconf 88' lang='lat' dir='ltr'><strong>Pam.</strong></span> <span class='ocrx_word' id='word_1_626' title='bbox 3307 3491 3421 3544; x_wconf 87' lang='lat' dir='ltr'><strong>licet</strong></span> <span class='ocrx_word' id='word_1_627' title='bbox 3444 3503 3489 3541; x_wconf 91' lang='lat' dir='ltr'><strong>c.</strong></span> <span class='ocrx_word' id='word_1_628' title='bbox 3511 3504 3561 3554; x_wconf 92' lang='lat' dir='ltr'><strong>q.</strong></span> <span class='ocrx_word' id='word_1_629' title='bbox 3589 3503 3639 3539; x_wconf 91' lang='lat' dir='ltr'><strong>n.</strong></span> <span class='ocrx_word' id='word_1_630' title='bbox 3666 3487 3700 3538; x_wconf 86' lang='lat' dir='ltr'><strong>l.</strong></span> <span class='ocrx_word' id='word_1_631' title='bbox 3728 3501 3828 3538; x_wconf 86' lang='lat' dir='ltr'><strong>non</strong></span> 
     </span>
    </p>
   </div>
   <div class='ocr_carea' id='block_1_85' title="bbox 2231 3572 3829 3692">
    <p class='ocr_par' dir='ltr' id='par_1_85' title="bbox 2231 3572 3829 3692">
     <span class='ocr_line' id='line_1_89' title="bbox 2231 3572 3331 3627; baseline -0.011 -10"><span class='ocrx_word' id='word_1_632' title='bbox 2231 3572 2418 3623; x_wconf 76' lang='lat' dir='ltr'><strong>excipit</strong></span> <span class='ocrx_word' id='word_1_633' title='bbox 2438 3572 2544 3615; x_wconf 88' lang='lat' dir='ltr'><strong>vani</strong></span> <span class='ocrx_word' id='word_1_634' title='bbox 2570 3574 2682 3614; x_wconf 88' lang='lat' dir='ltr'><strong>I‘ar.</strong></span> <span class='ocrx_word' id='word_1_635' title='bbox 3323 3618 3331 3627; x_wconf 35' lang='lat'><em>‘</em></span> 
     </span>
     <span class='ocr_line' id='line_1_90' title="bbox 2292 3613 3829 3692; baseline -0.012 -10"><span class='ocrx_word' id='word_1_636' title='bbox 2292 3626 2399 3692; x_wconf 88' lang='lat'>(10)</span> <span class='ocrx_word' id='word_1_637' title='bbox 2418 3628 2559 3679; x_wconf 81' lang='lat' dir='ltr'><strong>Adeo</strong></span> <span class='ocrx_word' id='word_1_638' title='bbox 2582 3625 2729 3677; x_wconf 86' lang='lat' dir='ltr'><strong>Ithen.</strong></span> <span class='ocrx_word' id='word_1_639' title='bbox 2756 3624 3083 3692; x_wconf 54' lang='lat' dir='ltr'><strong>sanetiticgtus</strong></span> <span class='ocrx_word' id='word_1_640' title='bbox 3107 3620 3218 3692; x_wconf 70' lang='lat' dir='ltr'><strong>ideo</strong></span> <span class='ocrx_word' id='word_1_641' title='bbox 3250 3617 3334 3692; x_wconf 59' lang='lat' dir='ltr'><strong>ubi</strong></span> <span class='ocrx_word' id='word_1_642' title='bbox 3354 3615 3465 3692; x_wconf 78' lang='lat' dir='ltr'><strong>rod.</strong></span> <span class='ocrx_word' id='word_1_643' title='bbox 3489 3616 3667 3692; x_wconf 42' lang='lat' dir='ltr'><strong>Vetat;</strong></span> <span class='ocrx_word' id='word_1_644' title='bbox 3685 3613 3829 3692; x_wconf 1' lang='lat' dir='ltr'><strong>(adeo</strong></span> 
     </span>
    </p>
   </div>
   <div class='ocr_carea' id='block_1_86' title="bbox 2228 3675 3827 3741">
    <p class='ocr_par' dir='ltr' id='par_1_86' title="bbox 2228 3675 3827 3741">
     <span class='ocr_line' id='line_1_91' title="bbox 2228 3675 3827 3741; baseline -0.009 0"><span class='ocrx_word' id='word_1_645' title='bbox 2228 3675 2684 3741; x_wconf 27' lang='lat' dir='ltr'><strong>ubi-ii‘r&#39;tianar.</strong></span> <span class='ocrx_word' id='word_1_646' title='bbox 2713 3691 2873 3739; x_wconf 70' lang='lat' dir='ltr'><strong>Venet.</strong></span> <span class='ocrx_word' id='word_1_647' title='bbox 2910 3699 2938 3736; x_wconf 91' lang='lat' dir='ltr'><strong>a</strong></span> <span class='ocrx_word' id='word_1_648' title='bbox 2973 3684 3085 3736; x_wconf 87' lang='lat' dir='ltr'><strong>Deo</strong></span> <span class='ocrx_word' id='word_1_649' title='bbox 3117 3685 3261 3736; x_wconf 84' lang='lat' dir='ltr'><strong>Pam.</strong></span> <span class='ocrx_word' id='word_1_650' title='bbox 3297 3678 3451 3732; x_wconf 89' lang='lat' dir='ltr'><strong>Seml.</strong></span> <span class='ocrx_word' id='word_1_651' title='bbox 3486 3675 3827 3730; x_wconf 77' lang='lat' dir='ltr'><strong>sauctiticatus.</strong></span> 
     </span>
    </p>
   </div>
   <div class='ocr_carea' id='block_1_87' title="bbox 2228 3754 3486 3879">
    <p class='ocr_par' dir='ltr' id='par_1_87' title="bbox 2228 3754 3486 3879">
     <span class='ocr_line' id='line_1_92' title="bbox 2228 3754 3441 3817; baseline -0.01 -11"><span class='ocrx_word' id='word_1_652' title='bbox 2228 3754 2368 3807; x_wconf 78' lang='lat' dir='ltr'><strong>Adeo</strong></span> <span class='ocrx_word' id='word_1_653' title='bbox 2392 3755 2536 3817; x_wconf 80' lang='lat' dir='ltr'><strong>LeOp.</strong></span> <span class='ocrx_word' id='word_1_654' title='bbox 3433 3804 3441 3814; x_wconf 84' lang='lat'><em>_</em></span> 
     </span>
     <span class='ocr_line' id='line_1_93' title="bbox 2288 3808 3486 3879; baseline -0.01 -11"><span class='ocrx_word' id='word_1_655' title='bbox 2288 3817 2394 3879; x_wconf 86' lang='grc'>111)</span> <span class='ocrx_word' id='word_1_656' title='bbox 2415 3818 2500 3879; x_wconf 70' lang='grc' dir='ltr'><strong>ιςω</strong></span> <span class='ocrx_word' id='word_1_657' title='bbox 2521 3814 2732 3879; x_wconf 66' lang='grc' dir='ltr'><strong>ηἰσ.ῃμί</strong></span> <span class='ocrx_word' id='word_1_658' title='bbox 2757 3816 2836 3879; x_wconf 79' lang='lat' dir='ltr'><strong>est</strong></span> <span class='ocrx_word' id='word_1_659' title='bbox 2852 3810 3117 3879; x_wconf 30' lang='lat' dir='ltr'><strong>tibinPamL</strong></span> <span class='ocrx_word' id='word_1_660' title='bbox 3134 3808 3289 3879; x_wconf 70' lang='lat' dir='ltr'><strong>Fran.</strong></span> <span class='ocrx_word' id='word_1_661' title='bbox 3317 3809 3486 3861; x_wconf 77' lang='lat' dir='ltr'><strong>Paris.</strong></span> 
     </span>
    </p>
   </div>
   <div class='ocr_carea' id='block_1_88' title="bbox 2320 3869 3233 3939">
    <p class='ocr_par' dir='ltr' id='par_1_88' title="bbox 2320 3869 3233 3939">
     <span class='ocr_line' id='line_1_94' title="bbox 2320 3869 3233 3939; baseline -0.009 -12"><span class='ocrx_word' id='word_1_662' title='bbox 2320 3869 2395 3939; x_wconf 74' lang='lat'><strong>12)</strong></span> <span class='ocrx_word' id='word_1_663' title='bbox 2424 3878 2499 3928; x_wconf 85' lang='lat' dir='ltr'><strong>De</strong></span> <span class='ocrx_word' id='word_1_664' title='bbox 2521 3869 2610 3926; x_wconf 62' lang='lat' dir='ltr'><strong>sua</strong></span> <span class='ocrx_word' id='word_1_665' title='bbox 2626 3869 2727 3939; x_wconf 10' lang='lat' dir='ltr'><strong>itide</strong></span> <span class='ocrx_word' id='word_1_666' title='bbox 2748 3874 2894 3939; x_wconf 71' lang='lat' dir='ltr'><strong>Itltett.</strong></span> <span class='ocrx_word' id='word_1_667' title='bbox 2916 3875 3057 3939; x_wconf 73' lang='lat' dir='ltr'><strong>Pam.</strong></span> <span class='ocrx_word' id='word_1_668' title='bbox 3080 3869 3233 3923; x_wconf 83' lang='lat' dir='ltr'><strong>Seml.</strong></span> 
     </span>
    </p>
   </div>
   <div class='ocr_carea' id='block_1_89' title="bbox 2288 3878 3138 4060">
    <p class='ocr_par' dir='ltr' id='par_1_89' title="bbox 2288 3878 3138 4060">
     <span class='ocr_line' id='line_1_95' title="bbox 2320 3878 3138 3939; baseline -0.009 -12"><span class='ocrx_word' id='word_1_669' title='bbox 2320 3878 2395 3939; x_wconf 74' lang='lat'><strong>12)</strong></span> <span class='ocrx_word' id='word_1_670' title='bbox 2424 3878 2499 3928; x_wconf 86' lang='lat' dir='ltr'><strong>De</strong></span> <span class='ocrx_word' id='word_1_671' title='bbox 2521 3878 2610 3926; x_wconf 85' lang='lat' dir='ltr'><strong>sua</strong></span> <span class='ocrx_word' id='word_1_672' title='bbox 2632 3878 2727 3925; x_wconf 87' lang='lat' dir='ltr'><strong>lide</strong></span> <span class='ocrx_word' id='word_1_673' title='bbox 2748 3878 2894 3924; x_wconf 84' lang='lat' dir='ltr'><strong>Ithen.</strong></span> <span class='ocrx_word' id='word_1_674' title='bbox 2916 3878 3057 3922; x_wconf 86' lang='lat' dir='ltr'><strong>Pam.</strong></span> <span class='ocrx_word' id='word_1_675' title='bbox 3080 3878 3138 3923; x_wconf 81' lang='lat' dir='ltr'><strong>St</strong></span> 
     </span>
     <span class='ocr_line' id='line_1_96' title="bbox 2288 3878 3138 4060; baseline -0.008 -71"><span class='ocrx_word' id='word_1_676' title='bbox 2288 3878 2311 4060; x_wconf 50' lang='grc' dir='ltr'><em>ξ</em></span> <span class='ocrx_word' id='word_1_677' title='bbox 2320 3943 2392 4002; x_wconf 73' lang='lat' dir='ltr'><strong>I3)</strong></span> <span class='ocrx_word' id='word_1_678' title='bbox 2409 3938 2806 3988; x_wconf 84' lang='lat' dir='ltr'><strong>.lustilicabuutur</strong></span> <span class='ocrx_word' id='word_1_679' title='bbox 2829 3930 2973 3984; x_wconf 80' lang='lat' dir='ltr'><strong>Ithcn.</strong></span> <span class='ocrx_word' id='word_1_680' title='bbox 2992 3936 3138 3985; x_wconf 85' lang='lat' dir='ltr'><strong>Pam.</strong></span> 
     </span>
     <span class='ocr_line' id='line_1_97' title="bbox 2321 3995 3138 4060; baseline -0.007 -9"><span class='ocrx_word' id='word_1_681' title='bbox 2321 4003 2397 4060; x_wconf 67' lang='lat' dir='ltr'><strong>ll)</strong></span> <span class='ocrx_word' id='word_1_682' title='bbox 2424 4001 2645 4060; x_wconf 82' lang='lat' dir='ltr'><strong>&#39;I‘iugues</strong></span> <span class='ocrx_word' id='word_1_683' title='bbox 2666 3998 2849 4055; x_wconf 78' lang='lat' dir='ltr'><strong>offeres</strong></span> <span class='ocrx_word' id='word_1_684' title='bbox 2870 3995 2980 4060; x_wconf 79' lang='lat' dir='ltr'><strong>cod.</strong></span> <span class='ocrx_word' id='word_1_685' title='bbox 3015 3997 3138 4060; x_wconf 81' lang='lat' dir='ltr'><strong>W_ou</strong></span> 
     </span>
    </p>
   </div>
   <div class='ocr_carea' id='block_1_90' title="bbox 2292 4003 3828 4129">
    <p class='ocr_par' dir='ltr' id='par_1_90' title="bbox 2292 4003 3828 4129">
     <span class='ocr_line' id='line_1_98' title="bbox 2292 4003 3204 4061; baseline -0.008 -10"><span class='ocrx_word' id='word_1_686' title='bbox 2292 4003 2374 4060; x_wconf 67' lang='lat' dir='ltr'><strong>(ll</strong></span> <span class='ocrx_word' id='word_1_687' title='bbox 2424 4003 2645 4061; x_wconf 82' lang='lat' dir='ltr'><strong>Tingues</strong></span> <span class='ocrx_word' id='word_1_688' title='bbox 2666 4003 2849 4055; x_wconf 68' lang='lat' dir='ltr'><strong>olferes</strong></span> <span class='ocrx_word' id='word_1_689' title='bbox 2870 4003 2980 4047; x_wconf 78' lang='lat' dir='ltr'><strong>cod.</strong></span> <span class='ocrx_word' id='word_1_690' title='bbox 3016 4003 3204 4046; x_wconf 85' lang='lat' dir='ltr'><strong>Woutv.</strong></span> 
     </span>
     <span class='ocr_line' id='line_1_99' title="bbox 2292 4006 3828 4129; baseline -0.01 -12"><span class='ocrx_word' id='word_1_691' title='bbox 2292 4006 2397 4129; x_wconf 71' lang='grc'>115)</span> <span class='ocrx_word' id='word_1_692' title='bbox 2429 4063 2605 4129; x_wconf 74' lang='lat' dir='ltr'><strong>Viliose</strong></span> <span class='ocrx_word' id='word_1_693' title='bbox 2627 4061 2783 4129; x_wconf 75' lang='lat' dir='ltr'><strong>prium</strong></span> <span class='ocrx_word' id='word_1_694' title='bbox 2797 4060 2876 4111; x_wconf 86' lang='lat' dir='ltr'><strong>ed.</strong></span> <span class='ocrx_word' id='word_1_695' title='bbox 2898 4058 3047 4129; x_wconf 54' lang='lat' dir='ltr'><strong>[tltan</strong></span> <span class='ocrx_word' id='word_1_696' title='bbox 3066 4057 3191 4129; x_wconf 80' lang='lat' dir='ltr'><strong>laico</strong></span> <span class='ocrx_word' id='word_1_697' title='bbox 3212 4057 3341 4129; x_wconf 67' lang='lat' dir='ltr'><strong>dicat</strong></span> <span class='ocrx_word' id='word_1_698' title='bbox 3359 4050 3597 4129; x_wconf 74' lang='lat' dir='ltr'><strong>quoapud</strong></span> <span class='ocrx_word' id='word_1_699' title='bbox 3608 4051 3828 4129; x_wconf 64' lang='lat' dir='ltr'><strong>salutem</strong></span> 
     </span>
    </p>
   </div>
   <div class='ocr_carea' id='block_1_91' title="bbox 2225 4115 3829 4183">
    <p class='ocr_par' dir='ltr' id='par_1_91' title="bbox 2225 4115 3829 4183">
     <span class='ocr_line' id='line_1_100' title="bbox 2225 4115 3829 4183; baseline -0.008 -6"><span class='ocrx_word' id='word_1_700' title='bbox 2225 4115 2356 4178; x_wconf 64' lang='lat' dir='ltr'><strong>sicut</strong></span> <span class='ocrx_word' id='word_1_701' title='bbox 2374 4115 2522 4177; x_wconf 66' lang='lat' dir='ltr'><strong>i‘ran.</strong></span> <span class='ocrx_word' id='word_1_702' title='bbox 2548 4126 2607 4175; x_wconf 88' lang='lat' dir='ltr'><strong>ad</strong></span> <span class='ocrx_word' id='word_1_703' title='bbox 2627 4115 2838 4174; x_wconf 72' lang='lat' dir='ltr'><strong>salutem</strong></span> <span class='ocrx_word' id='word_1_704' title='bbox 2863 4122 2977 4171; x_wconf 86' lang='lat' dir='ltr'><strong>erit.</strong></span> <span class='ocrx_word' id='word_1_705' title='bbox 3006 4124 3150 4174; x_wconf 88' lang='lat' dir='ltr'><strong>Pam.</strong></span> <span class='ocrx_word' id='word_1_706' title='bbox 3169 4117 3311 4171; x_wconf 83' lang='lat' dir='ltr'><strong>habet</strong></span> <span class='ocrx_word' id='word_1_707' title='bbox 3327 4115 3514 4183; x_wconf 81' lang='lat' dir='ltr'><strong>quanto</strong></span> <span class='ocrx_word' id='word_1_708' title='bbox 3525 4116 3680 4178; x_wconf 84' lang='lat' dir='ltr'><strong>magis</strong></span> <span class='ocrx_word' id='word_1_709' title='bbox 3707 4115 3829 4165; x_wconf 88' lang='lat' dir='ltr'><strong>laico</strong></span> 
     </span>
    </p>
   </div>
   <div class='ocr_carea' id='block_1_92' title="bbox 2226 4185 2953 4253">
    <p class='ocr_par' dir='ltr' id='par_1_92' title="bbox 2226 4185 2953 4253">
     <span class='ocr_line' id='line_1_101' title="bbox 2226 4185 2953 4253; baseline -0.007 -15"><span class='ocrx_word' id='word_1_710' title='bbox 2226 4188 2357 4239; x_wconf 82' lang='lat' dir='ltr'><strong>dicat</strong></span> <span class='ocrx_word' id='word_1_711' title='bbox 2377 4189 2508 4253; x_wconf 87' lang='lat' dir='ltr'><strong>quod</strong></span> <span class='ocrx_word' id='word_1_712' title='bbox 2529 4188 2588 4238; x_wconf 89' lang='lat' dir='ltr'><strong>ad</strong></span> <span class='ocrx_word' id='word_1_713' title='bbox 2610 4187 2820 4240; x_wconf 84' lang='lat' dir='ltr'><strong>salutem</strong></span> <span class='ocrx_word' id='word_1_714' title='bbox 2838 4185 2953 4237; x_wconf 88' lang='lat' dir='ltr'><strong>erit.</strong></span> 
     </span>
    </p>
   </div>
   <div class='ocr_carea' id='block_1_93' title="bbox 2424 3995 3204 4061">
    <p class='ocr_par' dir='ltr' id='par_1_93' title="bbox 2424 3995 3204 4061">
     <span class='ocr_line' id='line_1_102' title="bbox 2424 3995 3204 4061; baseline -0.01 -10"><span class='ocrx_word' id='word_1_715' title='bbox 2424 4001 2645 4061; x_wconf 82' lang='lat' dir='ltr'><strong>&#39;I‘iugues</strong></span> <span class='ocrx_word' id='word_1_716' title='bbox 2666 3998 2856 4061; x_wconf 77' lang='lat' dir='ltr'><strong>offeres</strong></span> <span class='ocrx_word' id='word_1_717' title='bbox 2870 3995 2980 4061; x_wconf 78' lang='lat' dir='ltr'><strong>cod.</strong></span> <span class='ocrx_word' id='word_1_718' title='bbox 3015 3997 3204 4061; x_wconf 78' lang='lat' dir='ltr'><strong>W_outv.</strong></span> 
     </span>
    </p>
   </div>
   <div class='ocr_carea' id='block_1_94' title="bbox 1897 4268 2458 4332">
    <p class='ocr_par' dir='ltr' id='par_1_94' title="bbox 1897 4268 2458 4332">
     <span class='ocr_line' id='line_1_103' title="bbox 1897 4268 2458 4332; baseline 0.007 -9"><span class='ocrx_word' id='word_1_719' title='bbox 1897 4268 2458 4332; x_wconf 76' lang='lat' dir='ltr'><strong>COMMENTARIUS.</strong></span> 
     </span>
    </p>
   </div>
   <div class='ocr_carea' id='block_1_95' title="bbox 595 4358 2119 4435">
    <p class='ocr_par' dir='ltr' id='par_1_95' title="bbox 595 4358 2119 4435">
     <span class='ocr_line' id='line_1_104' title="bbox 595 4358 2119 4435; baseline 0.002 -21"><span class='ocrx_word' id='word_1_720' title='bbox 595 4358 867 4435; x_wconf 68' lang='lat' dir='ltr'><strong>CAP._VI.</strong></span> <span class='ocrx_word' id='word_1_721' title='bbox 890 4393 961 4435; x_wconf 44' lang='lat'><strong>5—</strong></span> <span class='ocrx_word' id='word_1_722' title='bbox 981 4360 1057 4435; x_wconf 89' lang='lat' dir='ltr'>(a)</span> <span class='ocrx_word' id='word_1_723' title='bbox 1098 4362 1206 4418; x_wconf 88' lang='lat' dir='ltr'><strong>Sed</strong></span> <span class='ocrx_word' id='word_1_724' title='bbox 1242 4370 1291 4418; x_wconf 85' lang='lat' dir='ltr'><strong>et</strong></span> <span class='ocrx_word' id='word_1_725' title='bbox 1311 4361 1569 4435; x_wconf 71' lang='lat' dir='ltr'><strong>benedicti</strong></span> <span class='ocrx_word' id='word_1_726' title='bbox 1592 4402 1622 4435; x_wconf 10' lang='grc' dir='ltr'><strong>,ξ</strong></span> <span class='ocrx_word' id='word_1_727' title='bbox 1657 4361 1817 4432; x_wconf 86' lang='lat' dir='ltr'><strong>inquit</strong></span> <span class='ocrx_word' id='word_1_728' title='bbox 1840 4401 1856 4424; x_wconf 88' lang='lat'><em>.</em></span> <span class='ocrx_word' id='word_1_729' title='bbox 1882 4360 2119 4417; x_wconf 58' lang='lat' dir='ltr'><strong>Patriaro</strong></span> 
     </span>
    </p>
   </div>
   <div class='ocr_carea' id='block_1_96' title="bbox 524 4431 2121 4506">
    <p class='ocr_par' dir='ltr' id='par_1_96' title="bbox 524 4431 2121 4506">
     <span class='ocr_line' id='line_1_105' title="bbox 524 4431 2121 4506; baseline 0.002 -21"><span class='ocrx_word' id='word_1_730' title='bbox 524 4432 651 4506; x_wconf 78' lang='lat' dir='ltr'><strong>clue.</strong></span> <span class='ocrx_word' id='word_1_731' title='bbox 686 4432 848 4488; x_wconf 88' lang='lat' dir='ltr'><strong>Libro</strong></span> <span class='ocrx_word' id='word_1_732' title='bbox 875 4434 941 4489; x_wconf 86' lang='lat' dir='ltr'><strong>ad</strong></span> <span class='ocrx_word' id='word_1_733' title='bbox 974 4431 1238 4506; x_wconf 81' lang='lat' dir='ltr'><strong>martyras</strong></span> <span class='ocrx_word' id='word_1_734' title='bbox 1263 4452 1276 4488; x_wconf 92' lang='lat'><strong>:</strong></span> <span class='ocrx_word' id='word_1_735' title='bbox 1303 4431 1446 4487; x_wconf 86' lang='lat' dir='ltr'><strong>Inter</strong></span> <span class='ocrx_word' id='word_1_736' title='bbox 1475 4433 1649 4506; x_wconf 73' lang='lat' dir='ltr'><strong>carnis</strong></span> <span class='ocrx_word' id='word_1_737' title='bbox 1687 4431 1930 4506; x_wconf 71' lang='lat' dir='ltr'><strong>alimenta</strong></span> <span class='ocrx_word' id='word_1_738' title='bbox 1961 4436 2121 4506; x_wconf 78' lang='lat' dir='ltr'><strong>bene-</strong></span> 
     </span>
    </p>
   </div>
   <div class='ocr_carea' id='block_1_97' title="bbox 524 4502 2126 4576">
    <p class='ocr_par' dir='ltr' id='par_1_97' title="bbox 524 4502 2126 4576">
     <span class='ocr_line' id='line_1_106' title="bbox 524 4502 2126 4576; baseline 0.002 -18"><span class='ocrx_word' id='word_1_739' title='bbox 524 4505 647 4558; x_wconf 83' lang='lat' dir='ltr'><strong>dicti</strong></span> <span class='ocrx_word' id='word_1_740' title='bbox 690 4516 936 4576; x_wconf 78' lang='lat' dir='ltr'><strong>martyres</strong></span> <span class='ocrx_word' id='word_1_741' title='bbox 971 4502 1241 4576; x_wconf 74' lang='lat' dir='ltr'><strong>designati.</strong></span> <span class='ocrx_word' id='word_1_742' title='bbox 1275 4505 1444 4576; x_wconf 81' lang='lat' dir='ltr'><strong>Quem</strong></span> <span class='ocrx_word' id='word_1_743' title='bbox 1475 4502 1727 4576; x_wconf 86' lang='lat' dir='ltr'><strong>loquendi</strong></span> <span class='ocrx_word' id='word_1_744' title='bbox 1756 4518 1909 4558; x_wconf 87' lang='lat' dir='ltr'><strong>usum</strong></span> <span class='ocrx_word' id='word_1_745' title='bbox 1959 4504 2126 4561; x_wconf 89' lang='lat' dir='ltr'><strong>babes</strong></span> 
     </span>
    </p>
   </div>
   <div class='ocr_carea' id='block_1_98' title="bbox 525 4575 1518 4631">
    <p class='ocr_par' dir='ltr' id='par_1_98' title="bbox 525 4575 1518 4631">
     <span class='ocr_line' id='line_1_107' title="bbox 525 4575 1518 4631; baseline 0.001 -1"><span class='ocrx_word' id='word_1_746' title='bbox 525 4576 684 4630; x_wconf 84' lang='lat' dir='ltr'><strong>etiam</strong></span> <span class='ocrx_word' id='word_1_747' title='bbox 716 4576 806 4631; x_wconf 87' lang='lat' dir='ltr'><strong>lib.</strong></span> <span class='ocrx_word' id='word_1_748' title='bbox 829 4575 904 4631; x_wconf 80' lang='lat' dir='ltr'><strong>IV</strong></span> <span class='ocrx_word' id='word_1_749' title='bbox 933 4577 996 4631; x_wconf 88' lang='lat' dir='ltr'><strong>de</strong></span> <span class='ocrx_word' id='word_1_750' title='bbox 1044 4575 1158 4631; x_wconf 86' lang='lat' dir='ltr'><strong>Vita</strong></span> <span class='ocrx_word' id='word_1_751' title='bbox 1186 4575 1250 4631; x_wconf 90' lang='lat' dir='ltr'><strong>B.</strong></span> <span class='ocrx_word' id='word_1_752' title='bbox 1284 4575 1518 4631; x_wconf 77' lang='lat' dir='ltr'><strong>Martini.</strong></span> 
     </span>
    </p>
   </div>
   <div class='ocr_carea' id='block_1_99' title="bbox 650 4653 2035 4719">
    <p class='ocr_par' dir='ltr' id='par_1_99' title="bbox 650 4653 2035 4719">
     <span class='ocr_line' id='line_1_108' title="bbox 650 4653 2035 4719; baseline -0.001 -12"><span class='ocrx_word' id='word_1_753' title='bbox 650 4655 714 4707; x_wconf 87' lang='lat' dir='ltr'><strong>Et</strong></span> <span class='ocrx_word' id='word_1_754' title='bbox 737 4654 986 4707; x_wconf 86' lang='lat' dir='ltr'><strong>Fortunati</strong></span> <span class='ocrx_word' id='word_1_755' title='bbox 1008 4655 1259 4706; x_wconf 81' lang='lat' dir='ltr'><strong>benedicti</strong></span> <span class='ocrx_word' id='word_1_756' title='bbox 1278 4655 1506 4719; x_wconf 85' lang='lat' dir='ltr'><strong>martyris</strong></span> <span class='ocrx_word' id='word_1_757' title='bbox 1528 4666 1720 4704; x_wconf 89' lang='lat' dir='ltr'><strong>urnam.</strong></span> <span class='ocrx_word' id='word_1_758' title='bbox 1848 4653 1919 4714; x_wconf 67' lang='lat' dir='ltr'><strong>La</strong></span> <span class='ocrx_word' id='word_1_759' title='bbox 1943 4655 2035 4705; x_wconf 77' lang='lat' dir='ltr'><strong>Pa.</strong></span> 
     </span>
    </p>
   </div>
   <div class='ocr_carea' id='block_1_100' title="bbox 602 4725 2130 4800">
    <p class='ocr_par' dir='ltr' id='par_1_100' title="bbox 602 4725 2130 4800">
     <span class='ocr_line' id='line_1_109' title="bbox 602 4725 2130 4800; baseline 0.003 -20"><span class='ocrx_word' id='word_1_760' title='bbox 602 4730 684 4798; x_wconf 82' lang='lat' dir='ltr'><strong>(bl</strong></span> <span class='ocrx_word' id='word_1_761' title='bbox 710 4727 1273 4800; x_wconf 23' lang='lat' dir='ltr'><strong>Innumeruminubere.</strong></span> <span class='ocrx_word' id='word_1_762' title='bbox 1314 4728 1433 4798; x_wconf 90' lang='lat' dir='ltr'><strong>Ipse</strong></span> <span class='ocrx_word' id='word_1_763' title='bbox 1449 4726 1574 4783; x_wconf 89' lang='lat' dir='ltr'><strong>alibi</strong></span> <span class='ocrx_word' id='word_1_764' title='bbox 1594 4726 1762 4782; x_wconf 81' lang='lat' dir='ltr'><strong>dixit:</strong></span> <span class='ocrx_word' id='word_1_765' title='bbox 1794 4725 2130 4800; x_wconf 80' lang='lat' dir='ltr'><strong>Plurifariam</strong></span> 
     </span>
    </p>
   </div>
   <div class='ocr_carea' id='block_1_101' title="bbox 527 4798 1163 4855">
    <p class='ocr_par' dir='ltr' id='par_1_101' title="bbox 527 4798 1163 4855">
     <span class='ocr_line' id='line_1_110' title="bbox 527 4798 1163 4855; baseline -0.002 -2"><span class='ocrx_word' id='word_1_766' title='bbox 527 4800 864 4854; x_wconf 85' lang='lat' dir='ltr'><strong>matrimoniis</strong></span> <span class='ocrx_word' id='word_1_767' title='bbox 915 4798 1009 4853; x_wconf 88' lang='lat' dir='ltr'><strong>uti.</strong></span> <span class='ocrx_word' id='word_1_768' title='bbox 1044 4799 1163 4855; x_wconf 79' lang='lat' dir='ltr'><strong>th.</strong></span> 
     </span>
    </p>
   </div>
   <div class='ocr_carea' id='block_1_102' title="bbox 602 4869 2129 4943">
    <p class='ocr_par' dir='ltr' id='par_1_102' title="bbox 602 4869 2129 4943">
     <span class='ocr_line' id='line_1_111' title="bbox 602 4869 2129 4943; baseline -0.002 -17"><span class='ocrx_word' id='word_1_769' title='bbox 602 4871 675 4943; x_wconf 86' lang='lat' dir='ltr'>(c)</span> <span class='ocrx_word' id='word_1_770' title='bbox 720 4870 780 4924; x_wconf 89' lang='lat' dir='ltr'><strong>Si</strong></span> <span class='ocrx_word' id='word_1_771' title='bbox 798 4870 1003 4943; x_wconf 78' lang='lat' dir='ltr'><strong>adhuc</strong></span> <span class='ocrx_word' id='word_1_772' title='bbox 1033 4871 1181 4943; x_wconf 10' lang='lat' dir='ltr'><strong>typii,</strong></span> <span class='ocrx_word' id='word_1_773' title='bbox 1210 4869 1372 4939; x_wconf 73' lang='lat' dir='ltr'><strong>futuri</strong></span> <span class='ocrx_word' id='word_1_774' title='bbox 1395 4870 1617 4943; x_wconf 78' lang='lat' dir='ltr'><strong>alicujus</strong></span> <span class='ocrx_word' id='word_1_775' title='bbox 1654 4879 2008 4943; x_wconf 82' lang='lat' dir='ltr'><strong>sacramenta,</strong></span> <span class='ocrx_word' id='word_1_776' title='bbox 2039 4886 2129 4943; x_wconf 86' lang='lat' dir='ltr'><strong>su-</strong></span> 
     </span>
    </p>
   </div>
   <div class='ocr_carea' id='block_1_103' title="bbox 528 4940 2130 5013">
    <p class='ocr_par' dir='ltr' id='par_1_103' title="bbox 528 4940 2130 5013">
     <span class='ocr_line' id='line_1_112' title="bbox 528 4940 2130 5013; baseline 0.001 -18"><span class='ocrx_word' id='word_1_777' title='bbox 528 4940 753 5011; x_wconf 66' lang='lat' dir='ltr'><strong>persunt,</strong></span> <span class='ocrx_word' id='word_1_778' title='bbox 786 4942 877 4999; x_wconf 91' lang='lat' dir='ltr'><strong>Sic</strong></span> <span class='ocrx_word' id='word_1_779' title='bbox 907 4940 1100 5013; x_wconf 76' lang='lat' dir='ltr'><strong>legitur</strong></span> <span class='ocrx_word' id='word_1_780' title='bbox 1144 4942 1197 4996; x_wconf 91' lang='lat' dir='ltr'><strong>in</strong></span> <span class='ocrx_word' id='word_1_781' title='bbox 1240 4940 1568 5013; x_wconf 72' lang='lat' dir='ltr'><strong>exemplari,</strong></span> <span class='ocrx_word' id='word_1_782' title='bbox 1626 4956 1800 5013; x_wconf 85' lang='lat' dir='ltr'><strong>neque</strong></span> <span class='ocrx_word' id='word_1_783' title='bbox 1847 4940 2006 5013; x_wconf 79' lang='lat' dir='ltr'><strong>aliter</strong></span> <span class='ocrx_word' id='word_1_784' title='bbox 2054 4942 2130 4998; x_wconf 89' lang='lat' dir='ltr'><strong>lc-</strong></span> 
     </span>
    </p>
   </div>
   <div class='ocr_carea' id='block_1_104' title="bbox 527 5010 2128 5087">
    <p class='ocr_par' dir='ltr' id='par_1_104' title="bbox 527 5010 2128 5087">
     <span class='ocr_line' id='line_1_113' title="bbox 527 5010 2128 5087; baseline 0 -19"><span class='ocrx_word' id='word_1_785' title='bbox 527 5010 600 5087; x_wconf 74' lang='lat' dir='ltr'><strong>gn</strong></span> <span class='ocrx_word' id='word_1_786' title='bbox 641 5010 1000 5087; x_wconf 78' lang='lat' dir='ltr'><strong>Hieronymus</strong></span> <span class='ocrx_word' id='word_1_787' title='bbox 1038 5012 1137 5081; x_wconf 84' lang='lat' dir='ltr'><strong>Ep.</strong></span> <span class='ocrx_word' id='word_1_788' title='bbox 1181 5013 1250 5066; x_wconf 90' lang='lat' dir='ltr'><strong>ad</strong></span> <span class='ocrx_word' id='word_1_789' title='bbox 1291 5010 1585 5067; x_wconf 81' lang='lat' dir='ltr'><strong>Gerontium</strong></span> <span class='ocrx_word' id='word_1_790' title='bbox 1610 5011 1675 5087; x_wconf 80' lang='lat' dir='ltr'><strong>de</strong></span> <span class='ocrx_word' id='word_1_791' title='bbox 1703 5010 1912 5084; x_wconf 81' lang='lat' dir='ltr'><strong>Monog.</strong></span> <span class='ocrx_word' id='word_1_792' title='bbox 1947 5011 2128 5087; x_wconf 84' lang='lat' dir='ltr'><strong>Typos</strong></span> 
     </span>
    </p>
   </div>
   <div class='ocr_carea' id='block_1_105' title="bbox 527 5083 2127 5157">
    <p class='ocr_par' dir='ltr' id='par_1_105' title="bbox 527 5083 2127 5157">
     <span class='ocr_line' id='line_1_114' title="bbox 527 5083 2127 5157; baseline 0.001 -19"><span class='ocrx_word' id='word_1_793' title='bbox 527 5083 644 5140; x_wconf 72' lang='lat' dir='ltr'><strong>Sive</strong></span> <span class='ocrx_word' id='word_1_794' title='bbox 674 5083 869 5157; x_wconf 80' lang='lat' dir='ltr'><strong>liguras</strong></span> <span class='ocrx_word' id='word_1_795' title='bbox 910 5093 1180 5157; x_wconf 74' lang='lat' dir='ltr'><strong>nuncupat</strong></span> <span class='ocrx_word' id='word_1_796' title='bbox 1224 5094 1580 5157; x_wconf 78' lang='lat' dir='ltr'><strong>sacramenta</strong></span> <span class='ocrx_word' id='word_1_797' title='bbox 1603 5083 1942 5157; x_wconf 38' lang='lat' dir='ltr'><strong>futurorum:</strong></span> <span class='ocrx_word' id='word_1_798' title='bbox 1978 5083 2127 5155; x_wconf 77' lang='lat' dir='ltr'><strong>signa</strong></span> 
     </span>
    </p>
   </div>
   <div class='ocr_carea' id='block_1_106' title="bbox 528 5153 2023 5225">
    <p class='ocr_par' dir='ltr' id='par_1_106' title="bbox 528 5153 2023 5225">
     <span class='ocr_line' id='line_1_115' title="bbox 528 5153 2023 5225; baseline -0.004 -14"><span class='ocrx_word' id='word_1_799' title='bbox 528 5170 677 5211; x_wconf 89' lang='lat' dir='ltr'><strong>sacra</strong></span> <span class='ocrx_word' id='word_1_800' title='bbox 698 5153 886 5225; x_wconf 54' lang='lat' dir='ltr'><strong>[signa</strong></span> <span class='ocrx_word' id='word_1_801' title='bbox 915 5171 944 5209; x_wconf 89' lang='lat' dir='ltr'><strong>a</strong></span> <span class='ocrx_word' id='word_1_802' title='bbox 974 5153 1391 5225; x_wconf 62' lang='lat' dir='ltr'><strong>Deoprmntissa</strong></span> <span class='ocrx_word' id='word_1_803' title='bbox 1423 5154 1584 5209; x_wconf 79' lang='lat' dir='ltr'><strong>futuri</strong></span> <span class='ocrx_word' id='word_1_804' title='bbox 1615 5153 1840 5222; x_wconf 88' lang='lat' dir='ltr'><strong>alicujus</strong></span> <span class='ocrx_word' id='word_1_805' title='bbox 1904 5154 2023 5209; x_wconf 82' lang='lat' dir='ltr'><strong>Rte.</strong></span> 
     </span>
    </p>
   </div>
   <div class='ocr_carea' id='block_1_107' title="bbox 599 5224 2133 5298">
    <p class='ocr_par' dir='ltr' id='par_1_107' title="bbox 599 5224 2133 5298">
     <span class='ocr_line' id='line_1_116' title="bbox 599 5224 2133 5298; baseline -0.001 -16"><span class='ocrx_word' id='word_1_806' title='bbox 599 5227 751 5282; x_wconf 78' lang='lat' dir='ltr'><strong>CAP.</strong></span> <span class='ocrx_word' id='word_1_807' title='bbox 790 5226 899 5281; x_wconf 78' lang='lat' dir='ltr'><strong>VII.</strong></span> <span class='ocrx_word' id='word_1_808' title='bbox 923 5254 997 5268; x_wconf 85' lang='lat'><strong>——</strong></span> <span class='ocrx_word' id='word_1_809' title='bbox 1020 5224 1099 5298; x_wconf 80' lang='grc'>((1)</span> <span class='ocrx_word' id='word_1_810' title='bbox 1139 5224 1355 5298; x_wconf 51' lang='lat' dir='ltr'><strong>Possum</strong></span> <span class='ocrx_word' id='word_1_811' title='bbox 1392 5226 1609 5298; x_wconf 17' lang='lat' dir='ltr'><strong>Adicere,</strong></span> <span class='ocrx_word' id='word_1_812' title='bbox 1644 5226 1794 5278; x_wconf 88' lang='lat' dir='ltr'><strong>etiam</strong></span> <span class='ocrx_word' id='word_1_813' title='bbox 1835 5224 1965 5279; x_wconf 83' lang='lat' dir='ltr'><strong>illud</strong></span> <span class='ocrx_word' id='word_1_814' title='bbox 2016 5225 2133 5295; x_wconf 80' lang='lat' dir='ltr'><strong>plus</strong></span> 
     </span>
    </p>
   </div>
   <div class='ocr_carea' id='block_1_108' title="bbox 529 5296 2131 5365">
    <p class='ocr_par' dir='ltr' id='par_1_108' title="bbox 529 5296 2131 5365">
     <span class='ocr_line' id='line_1_117' title="bbox 529 5296 2131 5365; baseline -0.001 -13"><span class='ocrx_word' id='word_1_815' title='bbox 529 5298 790 5365; x_wconf 75' lang='lat' dir='ltr'><strong>essequod</strong></span> <span class='ocrx_word' id='word_1_816' title='bbox 816 5298 971 5353; x_wconf 82' lang='lat' dir='ltr'><strong>semel</strong></span> <span class='ocrx_word' id='word_1_817' title='bbox 993 5296 1092 5352; x_wconf 86' lang='lat' dir='ltr'><strong>non</strong></span> <span class='ocrx_word' id='word_1_818' title='bbox 1122 5306 1216 5351; x_wconf 83' lang='lat' dir='ltr'><strong>est.</strong></span> <span class='ocrx_word' id='word_1_819' title='bbox 1250 5296 1461 5351; x_wconf 87' lang='lat' dir='ltr'><strong>Etenim</strong></span> <span class='ocrx_word' id='word_1_820' title='bbox 1515 5300 1717 5361; x_wconf 82' lang='lat' dir='ltr'><strong>semel,</strong></span> <span class='ocrx_word' id='word_1_821' title='bbox 1752 5304 1811 5349; x_wconf 94' lang='lat' dir='ltr'><strong>ut</strong></span> <span class='ocrx_word' id='word_1_822' title='bbox 1850 5304 1998 5349; x_wconf 85' lang='lat' dir='ltr'><strong>ltul-at</strong></span> <span class='ocrx_word' id='word_1_823' title='bbox 2027 5298 2131 5351; x_wconf 81' lang='lat' dir='ltr'><strong>As-</strong></span> 
     </span>
    </p>
   </div>
   <div class='ocr_carea' id='block_1_109' title="bbox 529 5366 2133 5437">
    <p class='ocr_par' dir='ltr' id='par_1_109' title="bbox 529 5366 2133 5437">
     <span class='ocr_line' id='line_1_118' title="bbox 529 5366 2133 5437; baseline -0.002 -14"><span class='ocrx_word' id='word_1_824' title='bbox 529 5371 716 5424; x_wconf 82' lang='lat' dir='ltr'><strong>conius</strong></span> <span class='ocrx_word' id='word_1_825' title='bbox 740 5368 785 5424; x_wconf 84' lang='lat' dir='ltr'><strong>II</strong></span> <span class='ocrx_word' id='word_1_826' title='bbox 812 5368 990 5435; x_wconf 88' lang='lat' dir='ltr'><strong>Verr.,</strong></span> <span class='ocrx_word' id='word_1_827' title='bbox 1023 5385 1087 5423; x_wconf 72' lang='lat' dir='ltr'><strong>ex</strong></span> <span class='ocrx_word' id='word_1_828' title='bbox 1111 5369 1285 5422; x_wconf 83' lang='lat' dir='ltr'><strong>eodem</strong></span> <span class='ocrx_word' id='word_1_829' title='bbox 1308 5384 1458 5421; x_wconf 80' lang='lat' dir='ltr'><strong>sensu</strong></span> <span class='ocrx_word' id='word_1_830' title='bbox 1504 5375 1606 5437; x_wconf 76' lang='lat' dir='ltr'><strong>est,</strong></span> <span class='ocrx_word' id='word_1_831' title='bbox 1642 5366 1846 5437; x_wconf 81' lang='lat' dir='ltr'><strong>inquit,</strong></span> <span class='ocrx_word' id='word_1_832' title='bbox 1874 5367 2010 5437; x_wconf 83' lang='lat' dir='ltr'><strong>quod</strong></span> <span class='ocrx_word' id='word_1_833' title='bbox 2052 5384 2133 5421; x_wconf 86' lang='lat' dir='ltr'><strong>se-</strong></span> 
     </span>
    </p>
   </div>
   <div class='ocr_carea' id='block_1_110' title="bbox 532 5435 2131 5505">
    <p class='ocr_par' dir='ltr' id='par_1_110' title="bbox 532 5435 2131 5505">
     <span class='ocr_line' id='line_1_119' title="bbox 532 5435 2131 5505; baseline 0 -12"><span class='ocrx_word' id='word_1_834' title='bbox 532 5442 629 5494; x_wconf 81' lang='lat' dir='ltr'><strong>mel</strong></span> <span class='ocrx_word' id='word_1_835' title='bbox 659 5441 710 5493; x_wconf 87' lang='lat' dir='ltr'><strong>in</strong></span> <span class='ocrx_word' id='word_1_836' title='bbox 743 5442 844 5495; x_wconf 85' lang='lat' dir='ltr'><strong>vita</strong></span> <span class='ocrx_word' id='word_1_837' title='bbox 874 5440 1042 5496; x_wconf 81' lang='lat' dir='ltr'><strong>risisse</strong></span> <span class='ocrx_word' id='word_1_838' title='bbox 1070 5438 1309 5494; x_wconf 85' lang='lat' dir='ltr'><strong>Crassum</strong></span> <span class='ocrx_word' id='word_1_839' title='bbox 1345 5437 1518 5490; x_wconf 83' lang='lat' dir='ltr'><strong>scribit</strong></span> <span class='ocrx_word' id='word_1_840' title='bbox 1560 5435 1785 5490; x_wconf 86' lang='lat' dir='ltr'><strong>Lucilius</strong></span> <span class='ocrx_word' id='word_1_841' title='bbox 1808 5477 1824 5505; x_wconf 92' lang='lat'><strong>,</strong></span> <span class='ocrx_word' id='word_1_842' title='bbox 1870 5435 1917 5489; x_wconf 76' lang='lat' dir='ltr'><strong>et</strong></span> <span class='ocrx_word' id='word_1_843' title='bbox 1976 5438 2131 5494; x_wconf 81' lang='lat' dir='ltr'><strong>semel</strong></span> 
     </span>
    </p>
   </div>
   <div class='ocr_carea' id='block_1_111' title="bbox 530 5506 1719 5566">
    <p class='ocr_par' dir='ltr' id='par_1_111' title="bbox 530 5506 1719 5566">
     <span class='ocr_line' id='line_1_120' title="bbox 530 5506 1719 5566; baseline -0.003 -2"><span class='ocrx_word' id='word_1_844' title='bbox 530 5511 582 5564; x_wconf 92' lang='lat' dir='ltr'><strong>in</strong></span> <span class='ocrx_word' id='word_1_845' title='bbox 618 5513 717 5564; x_wconf 79' lang='lat' dir='ltr'><strong>vita</strong></span> <span class='ocrx_word' id='word_1_846' title='bbox 755 5511 1070 5566; x_wconf 76' lang='lat' dir='ltr'><strong>pertimuisse</strong></span> <span class='ocrx_word' id='word_1_847' title='bbox 1105 5508 1307 5566; x_wconf 83' lang='lat' dir='ltr'><strong>Verrem</strong></span> <span class='ocrx_word' id='word_1_848' title='bbox 1336 5506 1557 5562; x_wconf 84' lang='lat' dir='ltr'><strong>Tullius.</strong></span> <span class='ocrx_word' id='word_1_849' title='bbox 1593 5506 1719 5563; x_wconf 83' lang='lat' dir='ltr'><strong>th.</strong></span> 
     </span>
    </p>
   </div>
   <div class='ocr_carea' id='block_1_112' title="bbox 606 5579 2128 5652">
    <p class='ocr_par' dir='ltr' id='par_1_112' title="bbox 606 5579 2128 5652">
     <span class='ocr_line' id='line_1_121' title="bbox 606 5579 2128 5652; baseline -0.001 -16"><span class='ocrx_word' id='word_1_850' title='bbox 606 5580 682 5652; x_wconf 73' lang='grc' dir='ltr'>(θ)</span> <span class='ocrx_word' id='word_1_851' title='bbox 749 5579 848 5637; x_wconf 87' lang='lat' dir='ltr'><strong>Ubi</strong></span> <span class='ocrx_word' id='word_1_852' title='bbox 917 5581 1242 5638; x_wconf 82' lang='lat' dir='ltr'><strong>ecclesiastici</strong></span> <span class='ocrx_word' id='word_1_853' title='bbox 1299 5579 1498 5652; x_wconf 77' lang='lat' dir='ltr'><strong>ordinis</strong></span> <span class='ocrx_word' id='word_1_854' title='bbox 1530 5593 1648 5652; x_wconf 19' lang='lat' dir='ltr'><strong>Anon</strong></span> <span class='ocrx_word' id='word_1_855' title='bbox 1695 5585 1808 5652; x_wconf 26' lang='lat' dir='ltr'><strong>est‘</strong></span> <span class='ocrx_word' id='word_1_856' title='bbox 1847 5593 2128 5652; x_wconf 82' lang='lat' dir='ltr'><strong>consessus.</strong></span> 
     </span>
    </p>
   </div>
   <div class='ocr_carea' id='block_1_113' title="bbox 531 5648 2131 5720">
    <p class='ocr_par' dir='ltr' id='par_1_113' title="bbox 531 5648 2131 5720">
     <span class='ocr_line' id='line_1_122' title="bbox 531 5648 2131 5720; baseline -0.001 -13"><span class='ocrx_word' id='word_1_857' title='bbox 531 5648 684 5708; x_wconf 84' lang='lat' dir='ltr'><strong>lluuc</strong></span> <span class='ocrx_word' id='word_1_858' title='bbox 726 5652 972 5709; x_wconf 84' lang='lat' dir='ltr'><strong>ordinent</strong></span> <span class='ocrx_word' id='word_1_859' title='bbox 1015 5662 1262 5707; x_wconf 85' lang='lat' dir='ltr'><strong>constare</strong></span> <span class='ocrx_word' id='word_1_860' title='bbox 1305 5650 1572 5719; x_wconf 82' lang='lat' dir='ltr'><strong>episcopis</strong></span> <span class='ocrx_word' id='word_1_861' title='bbox 1604 5690 1619 5713; x_wconf 93' lang='lat'><strong>,</strong></span> <span class='ocrx_word' id='word_1_862' title='bbox 1655 5648 1998 5720; x_wconf 68' lang='lat' dir='ltr'><strong>presbyteris</strong></span> <span class='ocrx_word' id='word_1_863' title='bbox 2021 5668 2043 5713; x_wconf 77' lang='lat'><strong>,&#39;</strong></span> <span class='ocrx_word' id='word_1_864' title='bbox 2074 5660 2131 5706; x_wconf 89' lang='lat' dir='ltr'><strong>et</strong></span> 
     </span>
    </p>
   </div>
   <div class='ocr_carea' id='block_1_114' title="bbox 526 5720 2126 5791">
    <p class='ocr_par' dir='ltr' id='par_1_114' title="bbox 526 5720 2126 5791">
     <span class='ocr_line' id='line_1_123' title="bbox 526 5720 2126 5791; baseline 0 -14"><span class='ocrx_word' id='word_1_865' title='bbox 526 5723 770 5780; x_wconf 84' lang='lat' dir='ltr'><strong>diaconis</strong></span> <span class='ocrx_word' id='word_1_866' title='bbox 815 5722 948 5779; x_wconf 75' lang='lat' dir='ltr'><strong>dixit</strong></span> <span class='ocrx_word' id='word_1_867' title='bbox 992 5721 1084 5778; x_wconf 90' lang='lat' dir='ltr'><strong>lib.</strong></span> <span class='ocrx_word' id='word_1_868' title='bbox 1129 5723 1193 5777; x_wconf 82' lang='lat' dir='ltr'><strong>de</strong></span> <span class='ocrx_word' id='word_1_869' title='bbox 1234 5720 1501 5791; x_wconf 82' lang='lat' dir='ltr'><strong>Baptismo</strong></span> <span class='ocrx_word' id='word_1_870' title='bbox 1529 5736 1555 5791; x_wconf 16' lang='lat'><strong>:7</strong></span> <span class='ocrx_word' id='word_1_871' title='bbox 1585 5720 1763 5791; x_wconf 88' lang='lat' dir='ltr'><strong>itaque</strong></span> <span class='ocrx_word' id='word_1_872' title='bbox 1811 5720 2020 5774; x_wconf 87' lang='lat' dir='ltr'><strong>diaconi</strong></span> <span class='ocrx_word' id='word_1_873' title='bbox 2073 5721 2126 5777; x_wconf 90' lang='lat' dir='ltr'><strong>in</strong></span> 
     </span>
    </p>
   </div>
   <div class='ocr_carea' id='block_1_115' title="bbox 530 5790 2122 5889">
    <p class='ocr_par' dir='ltr' id='par_1_115' title="bbox 530 5790 2122 5889">
     <span class='ocr_line' id='line_1_124' title="bbox 530 5790 2122 5889; baseline -0.002 -38"><span class='ocrx_word' id='word_1_874' title='bbox 530 5796 689 5853; x_wconf 82' lang='lat' dir='ltr'><strong>tertio</strong></span> <span class='ocrx_word' id='word_1_875' title='bbox 716 5793 1021 5854; x_wconf 88' lang='lat' dir='ltr'><strong>sacerdotio</strong></span> <span class='ocrx_word' id='word_1_876' title='bbox 1066 5792 1376 5889; x_wconf 52' lang='lat' dir='ltr'><strong>constitpti;</strong></span> <span class='ocrx_word' id='word_1_877' title='bbox 1416 5790 1717 5864; x_wconf 85' lang='lat' dir='ltr'><strong>presbyteri</strong></span> <span class='ocrx_word' id='word_1_878' title='bbox 1748 5791 1814 5863; x_wconf 36' lang='lat' dir='ltr'><strong>.in</strong></span> <span class='ocrx_word' id='word_1_879' title='bbox 1844 5791 2122 5860; x_wconf 88' lang='lat' dir='ltr'><strong>secundo;</strong></span> 
     </span>
    </p>
   </div>
   <div class='ocr_carea' id='block_1_116' title="bbox 2231 4357 3829 4437">
    <p class='ocr_par' dir='ltr' id='par_1_116' title="bbox 2231 4357 3829 4437">
     <span class='ocr_line' id='line_1_125' title="bbox 2231 4357 3829 4437; baseline -0.006 -16"><span class='ocrx_word' id='word_1_880' title='bbox 2231 4369 2410 4437; x_wconf 85' lang='lat' dir='ltr'><strong>apices</strong></span> <span class='ocrx_word' id='word_1_881' title='bbox 2438 4376 2494 4424; x_wconf 93' lang='lat' dir='ltr'><strong>et</strong></span> <span class='ocrx_word' id='word_1_882' title='bbox 2519 4366 2783 4437; x_wconf 86' lang='lat' dir='ltr'><strong>principes</strong></span> <span class='ocrx_word' id='word_1_883' title='bbox 2803 4366 3042 4421; x_wconf 89' lang='lat' dir='ltr'><strong>omnium</strong></span> <span class='ocrx_word' id='word_1_884' title='bbox 3073 4361 3309 4437; x_wconf 82' lang='lat' dir='ltr'><strong>episcopi</strong></span> <span class='ocrx_word' id='word_1_885' title='bbox 3343 4377 3358 4412; x_wconf 85' lang='lat'><strong>:</strong></span> <span class='ocrx_word' id='word_1_886' title='bbox 3385 4359 3607 4437; x_wconf 75' lang='lat' dir='ltr'><strong>undect</strong></span> <span class='ocrx_word' id='word_1_887' title='bbox 3631 4357 3829 4437; x_wconf 76' lang='lat' dir='ltr'><strong>summi</strong></span> 
     </span>
    </p>
   </div>
   <div class='ocr_carea' id='block_1_117' title="bbox 2237 4430 3828 4509">
    <p class='ocr_par' dir='ltr' id='par_1_117' title="bbox 2237 4430 3828 4509">
     <span class='ocr_line' id='line_1_126' title="bbox 2237 4430 3828 4509; baseline -0.006 -16"><span class='ocrx_word' id='word_1_888' title='bbox 2237 4430 2580 4509; x_wconf 70' lang='lat' dir='ltr'><strong>sacerdotes,</strong></span> <span class='ocrx_word' id='word_1_889' title='bbox 2614 4449 2667 4493; x_wconf 94' lang='lat' dir='ltr'><strong>ct</strong></span> <span class='ocrx_word' id='word_1_890' title='bbox 2692 4430 3012 4509; x_wconf 78' lang='lat' dir='ltr'><strong>simpliciter</strong></span> <span class='ocrx_word' id='word_1_891' title='bbox 3034 4430 3363 4509; x_wconf 83' lang='lat' dir='ltr'><strong>sacerdotes.</strong></span> <span class='ocrx_word' id='word_1_892' title='bbox 3394 4430 3828 4509; x_wconf 65' lang='lat' dir='ltr'><strong>Presbyter-ian-</strong></span> 
     </span>
    </p>
   </div>
   <div class='ocr_carea' id='block_1_118' title="bbox 2233 4497 3828 4571">
    <p class='ocr_par' dir='ltr' id='par_1_118' title="bbox 2233 4497 3828 4571">
     <span class='ocr_line' id='line_1_127' title="bbox 2233 4497 3828 4571; baseline -0.008 -7"><span class='ocrx_word' id='word_1_893' title='bbox 2233 4506 2340 4565; x_wconf 79' lang='lat' dir='ltr'><strong>teut</strong></span> <span class='ocrx_word' id='word_1_894' title='bbox 2384 4497 2603 4566; x_wconf 87' lang='lat' dir='ltr'><strong>secundi</strong></span> <span class='ocrx_word' id='word_1_895' title='bbox 2657 4497 3005 4571; x_wconf 68' lang='lat' dir='ltr'><strong>sacerdotes,</strong></span> <span class='ocrx_word' id='word_1_896' title='bbox 3035 4506 3182 4568; x_wconf 90' lang='lat' dir='ltr'><strong>sive,</strong></span> <span class='ocrx_word' id='word_1_897' title='bbox 3244 4510 3302 4557; x_wconf 90' lang='lat' dir='ltr'><strong>ut</strong></span> <span class='ocrx_word' id='word_1_898' title='bbox 3343 4510 3427 4557; x_wconf 80' lang='lat' dir='ltr'><strong>est</strong></span> <span class='ocrx_word' id='word_1_899' title='bbox 3474 4497 3611 4569; x_wconf 82' lang='lat' dir='ltr'><strong>apud</strong></span> <span class='ocrx_word' id='word_1_900' title='bbox 3658 4497 3828 4571; x_wconf 6' lang='lat' dir='ltr'><strong>(Sido-</strong></span> 
     </span>
    </p>
   </div>
   <div class='ocr_carea' id='block_1_119' title="bbox 2152 4546 3821 4647">
    <p class='ocr_par' dir='ltr' id='par_1_119' title="bbox 2152 4546 3821 4647">
     <span class='ocr_line' id='line_1_128' title="bbox 2152 4546 3821 4647; baseline -0.008 -9"><span class='ocrx_word' id='word_1_901' title='bbox 2152 4546 2206 4607; x_wconf 77' lang='lat' dir='ltr'>D</span> <span class='ocrx_word' id='word_1_902' title='bbox 2237 4546 2712 4647; x_wconf 42' lang='lat' dir='ltr'><strong>uitlimibai‘ti&#39;i‘stites</strong></span> <span class='ocrx_word' id='word_1_903' title='bbox 2745 4578 2937 4634; x_wconf 86' lang='lat' dir='ltr'><strong>ordine</strong></span> <span class='ocrx_word' id='word_1_904' title='bbox 2985 4546 3036 4631; x_wconf 79' lang='lat' dir='ltr'><strong>in</strong></span> <span class='ocrx_word' id='word_1_905' title='bbox 3067 4546 3324 4647; x_wconf 66' lang='lat' dir='ltr'><strong>secintdo.</strong></span> <span class='ocrx_word' id='word_1_906' title='bbox 3376 4546 3630 4647; x_wconf 56' lang='lat' dir='ltr'><strong>Denique</strong></span> <span class='ocrx_word' id='word_1_907' title='bbox 3656 4569 3821 4647; x_wconf 84' lang='lat' dir='ltr'><strong>la_ici_,</strong></span> 
     </span>
    </p>
   </div>
   <div class='ocr_carea' id='block_1_120' title="bbox 2235 4640 3829 4724">
    <p class='ocr_par' dir='ltr' id='par_1_120' title="bbox 2235 4640 3829 4724">
     <span class='ocr_line' id='line_1_129' title="bbox 2235 4640 3829 4724; baseline -0.009 -16"><span class='ocrx_word' id='word_1_908' title='bbox 2235 4654 2370 4724; x_wconf 88' lang='lat' dir='ltr'><strong>sive</strong></span> <span class='ocrx_word' id='word_1_909' title='bbox 2395 4640 2612 4724; x_wconf 81' lang='lat' dir='ltr'><strong>plebeii,</strong></span> <span class='ocrx_word' id='word_1_910' title='bbox 2641 4652 2754 4724; x_wconf 75' lang='lat' dir='ltr'><strong>sive</strong></span> <span class='ocrx_word' id='word_1_911' title='bbox 2799 4648 2989 4724; x_wconf 79' lang='lat' dir='ltr'><strong>plebs.</strong></span> <span class='ocrx_word' id='word_1_912' title='bbox 3021 4645 3202 4724; x_wconf 52' lang='lat' dir='ltr'><strong>cieteri</strong></span> <span class='ocrx_word' id='word_1_913' title='bbox 3247 4656 3438 4724; x_wconf 80' lang='lat' dir='ltr'><strong>omnes</strong></span> <span class='ocrx_word' id='word_1_914' title='bbox 3469 4643 3533 4724; x_wconf 83' lang='lat' dir='ltr'><strong>_in</strong></span> <span class='ocrx_word' id='word_1_915' title='bbox 3589 4640 3829 4724; x_wconf 65' lang='lat' dir='ltr'><strong>Ecclesia</strong></span> 
     </span>
    </p>
   </div>
   <div class='ocr_carea' id='block_1_121' title="bbox 2235 4711 3826 4793">
    <p class='ocr_par' dir='ltr' id='par_1_121' title="bbox 2235 4711 3826 4793">
     <span class='ocr_line' id='line_1_130' title="bbox 2235 4711 3826 4793; baseline -0.011 -15"><span class='ocrx_word' id='word_1_916' title='bbox 2235 4711 2471 4778; x_wconf 68' lang='lat' dir='ltr'><strong>nouth&#39;un</strong></span> <span class='ocrx_word' id='word_1_917' title='bbox 2521 4711 2627 4778; x_wconf 80' lang='lat' dir='ltr'><strong>ulla</strong></span> <span class='ocrx_word' id='word_1_918' title='bbox 2666 4711 2932 4793; x_wconf 70' lang='lat' dir='ltr'><strong>dignitate</strong></span> <span class='ocrx_word' id='word_1_919' title='bbox 2969 4717 3171 4793; x_wconf 76' lang='lat' dir='ltr'><strong>suﬂulti</strong></span> <span class='ocrx_word' id='word_1_920' title='bbox 3194 4723 3301 4793; x_wconf 87' lang='lat' dir='ltr'><strong>,__ut</strong></span> <span class='ocrx_word' id='word_1_921' title='bbox 3340 4714 3574 4793; x_wconf 81' lang='lat' dir='ltr'><strong>loquitur</strong></span> <span class='ocrx_word' id='word_1_922' title='bbox 3599 4711 3826 4793; x_wconf 66' lang='lat' dir='ltr'><strong>Optatos</strong></span> 
     </span>
    </p>
   </div>
   <div class='ocr_carea' id='block_1_122' title="bbox 2235 4781 3828 4863">
    <p class='ocr_par' dir='ltr' id='par_1_122' title="bbox 2235 4781 3828 4863">
     <span class='ocr_line' id='line_1_131' title="bbox 2235 4781 3828 4863; baseline -0.008 -14"><span class='ocrx_word' id='word_1_923' title='bbox 2235 4795 2601 4859; x_wconf 86' lang='lat' dir='ltr'><strong>Milevitauus,</strong></span> <span class='ocrx_word' id='word_1_924' title='bbox 2629 4781 2807 4859; x_wconf 34' lang='lat' dir='ltr'><strong>libi],</strong></span> <span class='ocrx_word' id='word_1_925' title='bbox 2849 4791 2937 4863; x_wconf 91' lang='lat' dir='ltr'><strong>qui</strong></span> <span class='ocrx_word' id='word_1_926' title='bbox 2980 4798 3036 4845; x_wconf 90' lang='lat' dir='ltr'><strong>et</strong></span> <span class='ocrx_word' id='word_1_927' title='bbox 3081 4788 3171 4863; x_wconf 85' lang='lat' dir='ltr'><strong>lib.</strong></span> <span class='ocrx_word' id='word_1_928' title='bbox 3205 4786 3272 4863; x_wconf 82' lang='lat' dir='ltr'><strong>lI_</strong></span> <span class='ocrx_word' id='word_1_929' title='bbox 3310 4781 3828 4863; x_wconf 69' lang='lat' dir='ltr'><strong>mi_tiistro_s_sulijicit</strong></span> 
     </span>
    </p>
   </div>
   <div class='ocr_carea' id='block_1_123' title="bbox 2234 4854 3829 4928">
    <p class='ocr_par' dir='ltr' id='par_1_123' title="bbox 2234 4854 3829 4928">
     <span class='ocr_line' id='line_1_132' title="bbox 2234 4854 3829 4928; baseline -0.008 -7"><span class='ocrx_word' id='word_1_930' title='bbox 2234 4866 2497 4922; x_wconf 89' lang='lat' dir='ltr'><strong>diacouis.</strong></span> <span class='ocrx_word' id='word_1_931' title='bbox 2531 4854 2680 4920; x_wconf 81' lang='lat' dir='ltr'><strong>Certa</strong></span> <span class='ocrx_word' id='word_1_932' title='bbox 2710 4854 2932 4918; x_wconf 76' lang='lat' dir='ltr'><strong>membra</strong></span> <span class='ocrx_word' id='word_1_933' title='bbox 2957 4877 3051 4914; x_wconf 86' lang='lat' dir='ltr'><strong>sua</strong></span> <span class='ocrx_word' id='word_1_934' title='bbox 3080 4901 3096 4923; x_wconf 93' lang='lat'><strong>,</strong></span> <span class='ocrx_word' id='word_1_935' title='bbox 3129 4858 3332 4928; x_wconf 88' lang='lat' dir='ltr'><strong>inquit,</strong></span> <span class='ocrx_word' id='word_1_936' title='bbox 3363 4854 3517 4928; x_wconf 86' lang='lat' dir='ltr'><strong>habet</strong></span> <span class='ocrx_word' id='word_1_937' title='bbox 3557 4854 3785 4928; x_wconf 75' lang='lat' dir='ltr'><strong>Ecclesia</strong></span> <span class='ocrx_word' id='word_1_938' title='bbox 3807 4869 3829 4908; x_wconf 90' lang='lat'><strong><em>:</em></strong></span> 
     </span>
    </p>
   </div>
   <div class='ocr_carea' id='block_1_124' title="bbox 2234 4924 3825 5008">
    <p class='ocr_par' dir='ltr' id='par_1_124' title="bbox 2234 4924 3825 5008">
     <span class='ocr_line' id='line_1_133' title="bbox 2234 4924 3825 5008; baseline -0.009 -18"><span class='ocrx_word' id='word_1_939' title='bbox 2234 4939 2498 5008; x_wconf 87' lang='lat' dir='ltr'><strong>episcopos</strong></span> <span class='ocrx_word' id='word_1_940' title='bbox 2524 4978 2536 5001; x_wconf 91' lang='lat'><strong>,</strong></span> <span class='ocrx_word' id='word_1_941' title='bbox 2564 4935 2878 5008; x_wconf 83' lang='lat' dir='ltr'><strong>presbyteros</strong></span> <span class='ocrx_word' id='word_1_942' title='bbox 2899 4975 2914 4997; x_wconf 92' lang='lat'><strong>,</strong></span> <span class='ocrx_word' id='word_1_943' title='bbox 2945 4924 3224 5008; x_wconf 68' lang='lat' dir='ltr'><strong>diaconos,</strong></span> <span class='ocrx_word' id='word_1_944' title='bbox 3246 4927 3502 5008; x_wconf 85' lang='lat' dir='ltr'><strong>ministros</strong></span> <span class='ocrx_word' id='word_1_945' title='bbox 3522 4968 3537 4991; x_wconf 91' lang='lat'><strong>,</strong></span> <span class='ocrx_word' id='word_1_946' title='bbox 3562 4934 3607 4979; x_wconf 88' lang='lat' dir='ltr'><strong>et</strong></span> <span class='ocrx_word' id='word_1_947' title='bbox 3628 4924 3825 5006; x_wconf 74' lang='lat' dir='ltr'><strong>turbam</strong></span> 
     </span>
    </p>
   </div>
   <div class='ocr_carea' id='block_1_125' title="bbox 2235 5001 3826 5078">
    <p class='ocr_par' dir='ltr' id='par_1_125' title="bbox 2235 5001 3826 5078">
     <span class='ocr_line' id='line_1_134' title="bbox 2235 5001 3826 5078; baseline -0.008 -17"><span class='ocrx_word' id='word_1_948' title='bbox 2235 5001 2486 5077; x_wconf 72' lang='lat' dir='ltr'><strong>ﬁdeliam.</strong></span> <span class='ocrx_word' id='word_1_949' title='bbox 2514 5001 2615 5072; x_wconf 68' lang='lat' dir='ltr'><strong>om</strong></span> <span class='ocrx_word' id='word_1_950' title='bbox 2646 5001 2815 5060; x_wconf 69' lang='lat' dir='ltr'><strong>tui-ba:</strong></span> <span class='ocrx_word' id='word_1_951' title='bbox 2844 5013 2900 5058; x_wconf 91' lang='lat' dir='ltr'><strong>et</strong></span> <span class='ocrx_word' id='word_1_952' title='bbox 2922 5001 3199 5078; x_wconf 79' lang='lat' dir='ltr'><strong>consessui</strong></span> <span class='ocrx_word' id='word_1_953' title='bbox 3248 5005 3471 5078; x_wconf 70' lang='lat' dir='ltr'><strong>prmerat</strong></span> <span class='ocrx_word' id='word_1_954' title='bbox 3495 5039 3510 5061; x_wconf 96' lang='lat'><strong>,</strong></span> <span class='ocrx_word' id='word_1_955' title='bbox 3551 5001 3826 5078; x_wconf 85' lang='lat' dir='ltr'><strong>communi</strong></span> 
     </span>
    </p>
   </div>
   <div class='ocr_carea' id='block_1_126' title="bbox 2235 5068 3826 5143">
    <p class='ocr_par' dir='ltr' id='par_1_126' title="bbox 2235 5068 3826 5143">
     <span class='ocr_line' id='line_1_135' title="bbox 2235 5068 3826 5143; baseline -0.008 -11"><span class='ocrx_word' id='word_1_956' title='bbox 2235 5068 2493 5133; x_wconf 78' lang='lat' dir='ltr'><strong>vocabulo</strong></span> <span class='ocrx_word' id='word_1_957' title='bbox 2522 5068 2802 5133; x_wconf 78' lang='lat' dir='ltr'><strong>dicebatur</strong></span> <span class='ocrx_word' id='word_1_958' title='bbox 2841 5088 3041 5143; x_wconf 82' lang='lat' dir='ltr'><strong>praeses</strong></span> <span class='ocrx_word' id='word_1_959' title='bbox 3063 5113 3078 5139; x_wconf 93' lang='lat'><strong>,</strong></span> <span class='ocrx_word' id='word_1_960' title='bbox 3104 5072 3218 5129; x_wconf 88' lang='lat' dir='ltr'><strong>sive</strong></span> <span class='ocrx_word' id='word_1_961' title='bbox 3254 5068 3580 5141; x_wconf 66' lang='lat' dir='ltr'><strong>praesidens,</strong></span> <span class='ocrx_word' id='word_1_962' title='bbox 3609 5077 3662 5123; x_wconf 91' lang='lat' dir='ltr'><strong>et</strong></span> <span class='ocrx_word' id='word_1_963' title='bbox 3688 5083 3826 5137; x_wconf 79' lang='lat' dir='ltr'><strong>pra:-</strong></span> 
     </span>
    </p>
   </div>
   <div class='ocr_carea' id='block_1_127' title="bbox 2235 5145 3574 5220">
    <p class='ocr_par' dir='ltr' id='par_1_127' title="bbox 2235 5145 3574 5220">
     <span class='ocr_line' id='line_1_136' title="bbox 2235 5145 3574 5220; baseline 0.015 -20"><span class='ocrx_word' id='word_1_964' title='bbox 2235 5153 2461 5220; x_wconf 82' lang='lat' dir='ltr'><strong>pusitus,</strong></span> <span class='ocrx_word' id='word_1_965' title='bbox 2492 5156 2517 5204; x_wconf 82' lang='grc' dir='ltr'><em>ὁ</em></span> <span class='ocrx_word' id='word_1_966' title='bbox 2544 5156 2799 5220; x_wconf 73' lang='grc' dir='ltr'><strong>προεστώς·</strong></span> <span class='ocrx_word' id='word_1_967' title='bbox 2829 5145 2949 5220; x_wconf 66' lang='grc' dir='ltr'><strong>Βια·</strong></span> <span class='ocrx_word' id='word_1_968' title='bbox 2974 5216 2986 5220; x_wconf 91' lang='lat'>_</span> <span class='ocrx_word' id='word_1_969' title='bbox 3329 5212 3341 5220; x_wconf 87' lang='grc'><em>,</em></span> <span class='ocrx_word' id='word_1_970' title='bbox 3563 5209 3574 5220; x_wconf 94' lang='grc'><strong><em>.</em></strong></span> 
     </span>
    </p>
   </div>
   <div class='ocr_carea' id='block_1_128' title="bbox 2310 5207 3826 5292">
    <p class='ocr_par' dir='ltr' id='par_1_128' title="bbox 2310 5207 3826 5292">
     <span class='ocr_line' id='line_1_137' title="bbox 2310 5207 3826 5292; baseline -0.007 -21"><span class='ocrx_word' id='word_1_971' title='bbox 2310 5219 2373 5292; x_wconf 92' lang='grc'><strong>(1)</strong></span> <span class='ocrx_word' id='word_1_972' title='bbox 2407 5207 2475 5274; x_wconf 78' lang='lat' dir='ltr'><strong>Et</strong></span> <span class='ocrx_word' id='word_1_973' title='bbox 2504 5207 2775 5292; x_wconf 12' lang='lat' dir='ltr'><strong>ro/fer‘s,’et</strong></span> <span class='ocrx_word' id='word_1_974' title='bbox 2824 5216 3047 5292; x_wconf 77' lang='lat' dir='ltr'><strong>tinguis,</strong></span> <span class='ocrx_word' id='word_1_975' title='bbox 3076 5224 3124 5270; x_wconf 90' lang='lat' dir='ltr'><strong>et</strong></span> <span class='ocrx_word' id='word_1_976' title='bbox 3160 5207 3625 5292; x_wconf 74' lang='lat' dir='ltr'><strong>sacerdos__es__tibi</strong></span> <span class='ocrx_word' id='word_1_977' title='bbox 3667 5208 3826 5292; x_wconf 78' lang='lat' dir='ltr'><strong>solus.</strong></span> 
     </span>
    </p>
   </div>
   <div class='ocr_carea' id='block_1_129' title="bbox 2235 5279 3825 5362">
    <p class='ocr_par' dir='ltr' id='par_1_129' title="bbox 2235 5279 3825 5362">
     <span class='ocr_line' id='line_1_138' title="bbox 2235 5279 3825 5362; baseline -0.011 -15"><span class='ocrx_word' id='word_1_978' title='bbox 2235 5279 2329 5347; x_wconf 72' lang='lat' dir='ltr'><strong>Sic</strong></span> <span class='ocrx_word' id='word_1_979' title='bbox 2354 5279 2590 5346; x_wconf 43' lang='lat' dir='ltr'><strong>loutniu&#39;o</strong></span> <span class='ocrx_word' id='word_1_980' title='bbox 2636 5279 2799 5345; x_wconf 81' lang='lat' dir='ltr'><strong>habet</strong></span> <span class='ocrx_word' id='word_1_981' title='bbox 2838 5279 3114 5362; x_wconf 68' lang='lat' dir='ltr'><strong>cxcntplar</strong></span> <span class='ocrx_word' id='word_1_982' title='bbox 3167 5282 3476 5362; x_wconf 31' lang='lat' dir='ltr'><strong>Agebardi.‘</strong></span> <span class='ocrx_word' id='word_1_983' title='bbox 3500 5279 3825 5362; x_wconf 48' lang='grc' dir='ltr'><strong>1ιίυεηιιιθιῃ</strong></span> 
     </span>
    </p>
   </div>
   <div class='ocr_carea' id='block_1_130' title="bbox 2239 5349 3824 5422">
    <p class='ocr_par' dir='ltr' id='par_1_130' title="bbox 2239 5349 3824 5422">
     <span class='ocr_line' id='line_1_139' title="bbox 2239 5349 3824 5422; baseline -0.009 -5"><span class='ocrx_word' id='word_1_984' title='bbox 2239 5363 2463 5418; x_wconf 81' lang='lat' dir='ltr'><strong>obscura</strong></span> <span class='ocrx_word' id='word_1_985' title='bbox 2508 5362 2758 5418; x_wconf 88' lang='lat' dir='ltr'><strong>videntur</strong></span> <span class='ocrx_word' id='word_1_986' title='bbox 2806 5374 2911 5414; x_wconf 89' lang='lat' dir='ltr'><strong>non</strong></span> <span class='ocrx_word' id='word_1_987' title='bbox 2959 5349 3359 5413; x_wconf 70' lang='lat' dir='ltr'><strong>advertentibus</strong></span> <span class='ocrx_word' id='word_1_988' title='bbox 3386 5351 3514 5422; x_wconf 87' lang='lat' dir='ltr'><strong>quid</strong></span> <span class='ocrx_word' id='word_1_989' title='bbox 3563 5349 3824 5422; x_wconf 84' lang='lat' dir='ltr'><strong>oll&#39;ereudi</strong></span> 
     </span>
    </p>
   </div>
   <div class='ocr_carea' id='block_1_131' title="bbox 2239 5420 3830 5503">
    <p class='ocr_par' dir='ltr' id='par_1_131' title="bbox 2239 5420 3830 5503">
     <span class='ocr_line' id='line_1_140' title="bbox 2239 5420 3830 5503; baseline -0.009 -16"><span class='ocrx_word' id='word_1_990' title='bbox 2239 5433 2403 5488; x_wconf 85' lang='lat' dir='ltr'><strong>verbo</strong></span> <span class='ocrx_word' id='word_1_991' title='bbox 2426 5475 2439 5497; x_wconf 94' lang='lat'><strong>,</strong></span> <span class='ocrx_word' id='word_1_992' title='bbox 2469 5433 2596 5503; x_wconf 90' lang='lat' dir='ltr'><strong>quid</strong></span> <span class='ocrx_word' id='word_1_993' title='bbox 2645 5431 2973 5503; x_wconf 85' lang='lat' dir='ltr'><strong>oblationunt</strong></span> <span class='ocrx_word' id='word_1_994' title='bbox 2999 5460 3025 5497; x_wconf 60' lang='grc' dir='ltr'><strong>,η</strong></span> <span class='ocrx_word' id='word_1_995' title='bbox 3045 5427 3172 5499; x_wconf 88' lang='lat' dir='ltr'><strong>quid</strong></span> <span class='ocrx_word' id='word_1_996' title='bbox 3216 5420 3516 5480; x_wconf 82' lang='lat' dir='ltr'><strong>orationum</strong></span> <span class='ocrx_word' id='word_1_997' title='bbox 3538 5464 3552 5486; x_wconf 90' lang='lat'><strong>,</strong></span> <span class='ocrx_word' id='word_1_998' title='bbox 3584 5420 3708 5503; x_wconf 81' lang='lat' dir='ltr'><strong>quid</strong></span> <span class='ocrx_word' id='word_1_999' title='bbox 3743 5435 3830 5503; x_wconf 68' lang='lat' dir='ltr'><strong>sa-</strong></span> 
     </span>
    </p>
   </div>
   <div class='ocr_carea' id='block_1_132' title="bbox 2232 5491 3827 5573">
    <p class='ocr_par' dir='ltr' id='par_1_132' title="bbox 2232 5491 3827 5573">
     <span class='ocr_line' id='line_1_141' title="bbox 2232 5491 3827 5573; baseline -0.008 -16"><span class='ocrx_word' id='word_1_1000' title='bbox 2232 5491 2581 5563; x_wconf 76' lang='lat' dir='ltr'><strong>criﬁciorum,</strong></span> <span class='ocrx_word' id='word_1_1001' title='bbox 2612 5503 2738 5573; x_wconf 92' lang='lat' dir='ltr'><strong>quid</strong></span> <span class='ocrx_word' id='word_1_1002' title='bbox 2770 5491 3020 5573; x_wconf 57' lang='lat' dir='ltr'><strong>denique</strong></span> <span class='ocrx_word' id='word_1_1003' title='bbox 3045 5491 3506 5573; x_wconf 65' lang='lat' dir='ltr'><strong>sacramentorum</strong></span> <span class='ocrx_word' id='word_1_1004' title='bbox 3556 5491 3827 5573; x_wconf 71' lang='lat' dir='ltr'><strong>vacabulis</strong></span> 
     </span>
    </p>
   </div>
   <div class='ocr_carea' id='block_1_133' title="bbox 2232 5561 3828 5644">
    <p class='ocr_par' dir='ltr' id='par_1_133' title="bbox 2232 5561 3828 5644">
     <span class='ocr_line' id='line_1_142' title="bbox 2232 5561 3828 5644; baseline -0.009 -14"><span class='ocrx_word' id='word_1_1005' title='bbox 2232 5561 2593 5630; x_wconf 62' lang='lat' dir='ltr'><strong>&#39;l‘ertulliauus</strong></span> <span class='ocrx_word' id='word_1_1006' title='bbox 2620 5561 2928 5644; x_wconf 67' lang='lat' dir='ltr'><strong>siguilicare</strong></span> <span class='ocrx_word' id='word_1_1007' title='bbox 2946 5571 3134 5644; x_wconf 68' lang='lat' dir='ltr'><strong>soleat.</strong></span> <span class='ocrx_word' id='word_1_1008' title='bbox 3168 5569 3241 5623; x_wconf 83' lang='lat' dir='ltr'><strong>Ea</strong></span> <span class='ocrx_word' id='word_1_1009' title='bbox 3269 5581 3397 5622; x_wconf 88' lang='lat' dir='ltr'><strong>vero</strong></span> <span class='ocrx_word' id='word_1_1010' title='bbox 3426 5573 3617 5620; x_wconf 89' lang='lat' dir='ltr'><strong>cuncta</strong></span> <span class='ocrx_word' id='word_1_1011' title='bbox 3646 5578 3712 5617; x_wconf 83' lang='lat' dir='ltr'><strong>ex</strong></span> <span class='ocrx_word' id='word_1_1012' title='bbox 3744 5561 3828 5616; x_wconf 89' lang='lat' dir='ltr'><strong>ln-</strong></span> 
     </span>
    </p>
   </div>
   <div class='ocr_carea' id='block_1_134' title="bbox 2232 5641 3206 5708">
    <p class='ocr_par' dir='ltr' id='par_1_134' title="bbox 2232 5641 3206 5708">
     <span class='ocr_line' id='line_1_143' title="bbox 2232 5641 3206 5708; baseline -0.007 -7"><span class='ocrx_word' id='word_1_1013' title='bbox 2232 5646 2353 5702; x_wconf 76' lang='lat' dir='ltr'><strong>dit&#39;e</strong></span> <span class='ocrx_word' id='word_1_1014' title='bbox 2381 5641 2690 5700; x_wconf 86' lang='lat' dir='ltr'><strong>Glossaruui</strong></span> <span class='ocrx_word' id='word_1_1015' title='bbox 2718 5642 3054 5708; x_wconf 75' lang='lat' dir='ltr'><strong>colligeutur.</strong></span> <span class='ocrx_word' id='word_1_1016' title='bbox 3088 5641 3206 5696; x_wconf 68' lang='grc' dir='ltr'><strong>ηις.</strong></span> 
     </span>
    </p>
   </div>
   <div class='ocr_carea' id='block_1_135' title="bbox 2304 5703 3825 5788">
    <p class='ocr_par' dir='ltr' id='par_1_135' title="bbox 2304 5703 3825 5788">
     <span class='ocr_line' id='line_1_144' title="bbox 2304 5703 3825 5788; baseline -0.006 -19"><span class='ocrx_word' id='word_1_1017' title='bbox 2304 5716 2380 5788; x_wconf 81' lang='lat' dir='ltr'>(g)</span> <span class='ocrx_word' id='word_1_1018' title='bbox 2415 5713 2666 5788; x_wconf 79' lang='lat' dir='ltr'><strong>Digamus</strong></span> <span class='ocrx_word' id='word_1_1019' title='bbox 2713 5703 2955 5788; x_wconf 61' lang='grc' dir='ltr'><strong>εἰῃςιιὶὶδαέΔ</strong></span> <span class='ocrx_word' id='word_1_1020' title='bbox 2971 5713 3069 5780; x_wconf 80' lang='lat' dir='ltr'><strong>Qui</strong></span> <span class='ocrx_word' id='word_1_1021' title='bbox 3117 5710 3312 5788; x_wconf 70' lang='lat' dir='ltr'><strong>digami</strong></span> <span class='ocrx_word' id='word_1_1022' title='bbox 3357 5714 3547 5769; x_wconf 84' lang='lat' dir='ltr'><strong>erant.</strong></span> <span class='ocrx_word' id='word_1_1023' title='bbox 3583 5703 3825 5788; x_wconf 71' lang='lat' dir='ltr'><strong>Ecclesia</strong></span> 
     </span>
    </p>
   </div>
   <div class='ocr_carea' id='block_1_136' title="bbox 2232 5781 3812 5847">
    <p class='ocr_par' dir='ltr' id='par_1_136' title="bbox 2232 5781 3812 5847">
     <span class='ocr_line' id='line_1_145' title="bbox 2232 5781 3812 5847; baseline -0.008 -4"><span class='ocrx_word' id='word_1_1024' title='bbox 2232 5781 2502 5844; x_wconf 59' lang='lat' dir='ltr'><strong>hos&#39;nou&#39;</strong></span> <span class='ocrx_word' id='word_1_1025' title='bbox 2528 5781 2843 5847; x_wconf 79' lang='lat' dir='ltr'><strong>admittebat</strong></span> <span class='ocrx_word' id='word_1_1026' title='bbox 2891 5784 2959 5840; x_wconf 90' lang='lat' dir='ltr'><strong>ad</strong></span> <span class='ocrx_word' id='word_1_1027' title='bbox 3008 5781 3365 5841; x_wconf 85' lang='lat' dir='ltr'><strong>sacerdotium</strong></span> <span class='ocrx_word' id='word_1_1028' title='bbox 3390 5819 3407 5844; x_wconf 92' lang='lat'><strong>,</strong></span> <span class='ocrx_word' id='word_1_1029' title='bbox 3434 5791 3609 5847; x_wconf 87' lang='lat' dir='ltr'><strong>neque</strong></span> <span class='ocrx_word' id='word_1_1030' title='bbox 3650 5781 3812 5832; x_wconf 88' lang='lat' dir='ltr'><strong>etiam</strong></span> 
     </span>
    </p>
   </div>
  </div>
