4052 6286
303 330 411 402 925

1678 332 2145 405 TERTULIJANI

3506 344 3612 407 921

219 494 289 535 -.κ
305 470 427 519 cum
474 461 571 536 ipsi
614 448 881 519 sacerdoti
923 450 1138 533 digamo
1166 461 1303 518 iacto
1332 464 1604 518 auferatur
1633 478 1789 534 agere
1816 478 1900 514 sa-
1928 462 1980 522 A
2008 462 2286 534 di~ciplina
2315 480 2412 536 per
2443 466 2795 523 tcutationcm
2843 465 3120 538 probatur,
3156 467 3383 525 tentatio
3414 482 3508 538 per
3541 468 3610 522 li-

276 557 584 629 .cei-dotcm
623 555 702 629 (i)
736 552 749 612 !
792 554 898 611 Sed
939 556 1282 621 necessitati,
1314 555 1497 626 inqnis
1520 598 1534 621 ,
1570 555 1900 627 indulgetur.

313 642 471 705 Nulla
519 647 811 705 necessitas
865 655 1172 714 excusatur,
1204 663 1324 718 qua:
1368 644 1545 719 potest
1599 664 1703 703 non
1761 662 1902 703 esse.

2010 559 2237 614 centiam
2270 569 2542 630 operatur.
2574 559 2648 615 Ita
2700 562 2791 630 Iit,
2820 562 2878 615 ut
2918 560 3091 615 omnia
3132 552 3319 616 liceant
3347 603 3361 627 ,
3396 564 3485 615 sed
3511 578 3610 615 non

2009 651 2179 704 omnia
2227 651 2543 721 expediant;
2573 648 2700 706 dum
2754 656 2992 707 tentatur
3036 651 3127 708 cui
3177 652 3526 723 permittitur,
3559 661 3613 707 ct

311 740 429 799 Noli
462 736 694 811 denique
728 734 971 810 digamus
997 730 1365 811 deprehendi,
1398 748 1453 795 et
1480 744 1584 794 non
1617 742 1859 796 committ
1880 755 1905 795 s
2004 738 2273 815 jndicalur
2300 743 2418 816 (15)
2443 742 2569 799 dum
2602 745 2652 798 in
2677 736 3035 814 permissione
3063 752 3301 800 tentamr
3323 738 3424 818 (ὁ).
3455 742 3613 799 Lice-

315 828 367 888 ih
398 832 777 888 necessitatem
806 830 1214 888 administrandi
1242 831 1321 906 (2)
1354 832 1494 904 quod
1529 849 1631 888 non
1664 831 1787 888 licet
1818 832 1900 885 di-

305 941 485 1001 gamp.
515 914 717 981 Omnes
751 940 850 980 nos
889 918 1029 980 Deus
1067 925 1137 980 ita
1170 924 1277 979 vnit
1310 923 1387 995 (5)
1433 925 1720 996 dispositos
1750 928 1900 990 CSSC,

307 1022 368 1089 ut
404 1016 601 1088 ubique
641 1017 988 1074 sacramentis
1015 1017 1132 1088 ejus
1160 1008 1423 1073 obeundis
1450 1017 1528 1089 (4)
1564 1017 1671 1089 apti
1716 1018 1903 1072 simus.

313 1110 463 1168 Unus
492 1111 661 1177 Deus,
697 1126 802 1166 una
834 1110 1000 1185 fides,
1031 1114 1133 1167 una
1163 1120 1215 1166 et
1255 1112 1538 1183 disciplina
1570 1110 1667 1185 (5).
1725 1111 1908 1185 Usque

311 1203 472 1272 adeo,
507 1203 605 1260 nisi
631 1213 685 1260 et
723 1203 843 1259 laiei
873 1219 937 1261 ea
972 1203 1292 1268 observent,
1329 1214 1423 1273 per
1452 1208 1569 1275 quae
1608 1204 1904 1278 presbyteri

309 1294 634 1366 aiieguntur,
667 1297 939 1365 quomodo
978 1307 1132 1352 erunt
1164 1296 1508 1370 presbyteri,
1541 1299 1630 1369 qui
1663 1297 1730 1353 de
1757 1298 1908 1355 laicis

310 1376 659 1458 aIIeguntur?
688 1384 831 1458 Ergo
874 1402 1112 1458 pugnare
1140 1376 1218 1460 (ϐ)
1256 1387 1519 1443 debemus
1557 1397 1681 1444 ante
1709 1388 1905 1445 laicum

306 1477 514 1548 jussum
555 1493 586 1533 a
616 1478 856 1550 secundo
904 1480 1249 1537 matrimonio
1301 1481 1574 1536 abstinere
1627 1480 1705 1553 (7)
1732 1525 1746 1549 ,
1779 1482 1903 1538 dum

311 1567 591 1645 presbyter
615 1587 737 1629 esse
764 1589 868 1628 non
899 1575 1035 1631 alius
1072 1581 1269 1646 potest,
1312 1582 1468 1646 quant
1495 1575 1661 1630 laicus
1705 1575 1793 1646 qui
1825 1576 1906 1647 (8)

313 1664 479 1720 s'emci
511 1664 693 1722 fuerit
722 1668 947 1723 maritus
977 1667 1079 1740 (9).
1273 1658 1286 1669 ’

903 1757 1135 1815 CAPUT
1174 1756 1310 1815 VIII.

2012 835 2100 889 bat
2145 844 2198 890 et
2244 834 2519 906 Apost‘olis
2562 835 2768 903 nubere,
2829 844 2876 890 et
2922 852 3109 891 uxores
3168 838 3541 892 circumducere
3569 836 3614 910 (I

2010 924 2126 982 σὸν.
2162 914 2264 994 VI,
2293 915 2416 1000 I2);
2459 916 2656 983 licebat
2694 936 2748 983 ct
2790 927 2858 983 de
2904 920 3194 999 Evangelia
3235 928 3328 983 ali.
3370 927 3476 986 Sed
3519 929 3610 1001 qui

2007 1017 2127 1089 jure
2155 1016 2258 1074 hoc
2288 1026 2419 1074 dsus
2461 1018 2568 1077 non
2602 1026 2685 1074 est
2716 1019 2766 1075 in
2794 1020 3135 1076 occasionem
3162 1062 3176 1087 ,
3208 1021 3274 1076 ad
3305 1022 3611 1092 eXempIum

2012 1124 2109 1165 nos
2134 1118 2288 1165 suum
2319 1120 2610 1181 provocat.
2640 1110 2844 1167 docens
2876 1111 2928 1167 in
2957 1125 3025 1169 eo
3046 1126 3168 1168 esse
3197 1109 3569 1183 probationem
3593 1156 3608 1180 ,

2012 1200 2064 1256 in
2107 1204 2215 1272 quo
2257 1200 2472 1258 licentia
2501 1201 2935 1274 experimentum
2966 1200 3308 1262 abstinentia:
3345 1213 3607 1276 prcestrn-

2012 1291 2091 1347 xit.
2121 1288 2260 1366 (16).

2657 1376 2888 1443 CAPUT
2928 1384 3020 1441 IX.

2081 1468 2137 1533 Si
2188 1478 2407 1548 penitus”
2451 1488 2644 1537 sensus
2687 1479 2805 1549 ejus
2850 1478 3292 1550 interpretemur,
3322 1494 3429 1536 non
3469 1478 3611 1536 aliud

2011 1568 2294 1627 dicendum
2334 1570 2438 1626 erit
2485 1570 2781 1626 secundum
2826 1570 3263 1652 matrimonium,
3290 1586 3448 1643 quam
3479 1586 3607 1642 spe-

2010 1665 2121 1720 cies
2154 1663 2345 1734 stupri.
2375 1662 2507 1719 Chm
2552 1663 2695 1717 enim
2711 1662 2884 1729 dicat,
2907 1663 3129 1719 maritos
3149 1661 3252 1720 hoc
3275 1663 3326 1718 iu
3350 1663 3610 1719 sollicitu-

2011 1755 2134 1813 dine
2150 1755 2370 1824 habc'cc,
2392 1751 2844 1827 quemadmodum
2866 1755 2966 1812 sibi
2991 1756 3237 1827 placeant
3261 1772 3275 1823 ;
3306 1766 3410 1812 neu
3433 1752 3615 1826 utique

383 1847 564 1903 Liceat
607 1863 749 1905 nunc
794 1846 975 1907 denuo
1019 1849 1260 1919 nubere,
1287 1851 1331 1907 si
1365 1865 1526 1906 omne
1579 1848 1727 1922 quod
1783 1851 1907 1908 licet
1936 1852 1984 1916 Β
2012 1849 2078 1907 de
2118 1849 2356 1907 moribus
2403 1849 2548 1923 (nam
2588 1850 2780 1905 bonam
2840 1846 3255 1905 sollicitudinem
3301 1860 3406 1904 non
3443 1851 3612 1920 sugil-

313 1928 511 1994 bonnm
539 1949 641 1996 est.
678 1939 820 1997 Idem
861 1941 1148 2013 Apostolus
1187 1943 1489 2003 exclamat:
1520 1947 1692 1998 omnia
1721 1943 1904 2011 liccat,

312 2028 401 2084 Sed
428 2044 529 2086 non
556 2032 729 2086 omnia
744 2043 952 2103 prosunt
981 2033 1095 2107 (10)
1116 2026 1159 2106 (I
1188 2033 1306 2090 Cor.
1334 2033 1401 2089 VI
1425 2077 1439 2102 ,
1473 2032 1588 2107 12).
1615 2035 1766 2104 Quod
1801 2051 1906 2091 non

313 2122 568 2193 prodest,
595 2139 694 2179 oro
740 2122 827 2188 te,
862 2124 1058 2181 bonum
1107 2133 1283 2196 potest
1315 2126 1420 2183 dici
1448 2124 1470 2182 1
1498 2127 1556 2184 Si
1591 2127 1731 2184 licita
1783 2138 1909 2184 sunt

312 2212 369 2272 et
425 2232 545 2287 quae
602 2219 709 2272 non
771 2233 867 2289 pro
913 2220 1084 2276 salute
1117 2261 1131 2287 ,
1160 2232 1289 2290 ergo
1337 2229 1393 2278 et
1441 2237 1560 2292 quae
1612 2236 1716 2276 non
1768 2222 1908 2279 bona

313 2317 440 2361 sunt
463 2348 477 2370 ,
510 2295 654 2363 licita
699 2314 842 2365 sunt.
874 2308 1013 2379 Quid
1065 2318 1244 2366 autem
1276 2311 1445 2382 magis
1476 2311 1615 2369 velle
1642 2310 1864 2369 debebis
1888 2357 1904 2381 ,

312 2398 454 2470 quod
477 2400 595 2456 ideo
622 2400 736 2475 (11)
760 2401 956 2458 bonum
973 2413 1075 2470 est,
1092 2403 1213 2474 quia
1243 2403 1391 2473 licet,
1416 2420 1480 2459 an
1497 2404 1637 2476 quod
1654 2404 1772 2461 ideo
1791 2402 1907 2479 (11)

313 2492 435 2563 quia
481 2492 741 2561 prodest?
771 2494 993 2550 Multum
1035 2497 1284 2553 existimo
1313 2511 1435 2572 esse
1462 2496 1603 2554 inter
1632 2498 1904 2555 licentiam

314 2584 609 2641 ctsaiutem
638 2584 775 2659 (I2).
796 2586 868 2642 Dc
900 2587 1041 2643 bono
1073 2603 1178 2643 non
1196 2587 1390 2643 dicitur
1419 2588 1561 2659 (i3),
1594 2588 1739 2657 licet,
1781 2591 1906 2661 quia

315 2672 514 2731 bimum
532 2677 763 2747 permitti
779 2692 883 2735 non
901 2686 1198 2750 exspectat,
1215 2678 1310 2737 sed
1340 2680 1910 2739 adsutui.Permittitur

313 2774 492 2822 autem
524 2766 685 2839 quod,
713 2780 782 2824 an
808 2768 1006 2825 bonum
1029 2771 1121 2839 sit,
1154 2773 1208 2827 in
1236 2771 1401 2828 dubio
1426 2780 1532 2840 est,
1563 2770 1703 2844 quod
1734 2782 1912 2845 potest

312 2864 473 2920 etiam
502 2880 607 2922 non
651 2867 886 2938 permitti
913 2909 928 2934 ,
958 2868 1002 2924 si
1031 2883 1136 2924 non
1165 2867 1361 2926 habeat
1381 2868 1610 2941 aliquam
1639 2870 1719 2927 sui
1748 2885 1907 2926 caus-

312 2971 426 3012 sam
458 2957 702 3028 primam.
752 2961 978 3032 Drepter
1028 2963 1432 3019 incontinentite
1464 2964 1755 3033 periculum
1787 2979 1909 3036 per-

313 3051 545 3109 mittitur
579 3054 783 3111 nubere
829 3054 1105 3124 secundo;
1135 3058 1256 3128 quia
1289 3058 1389 3113 nisi
1437 3057 1651 3114 licentia
1683 3057 1909 3128 alicujus

312 3157 419 3198 non
449 3142 603 3200 bona:
632 3147 706 3200 rei
738 3147 1074 3218 subiaceret,
1108 3164 1214 3203 non
1256 3159 1403 3205 esset
1432 3151 1484 3204 in
1515 3165 1622 3220 quo
1654 3148 1910 3220 probare-

2013 1941 2205 2016 iaret);
2243 1952 2296 1997 et
2324 1941 2392 1997 de
2417 1938 2585 2007 cultu,
2605 1950 2656 1996 et
2683 1948 2873 1996 ornatu
2893 1983 2907 2007 ,
2937 1938 2993 1996 et
3016 1941 3160 1995 dumi
3188 1932 3368 1996 studio
3395 1942 3611 2008 toruae,

2012 2035 2074 2090 ad
2100 2032 2376 2091 illecebras
2396 2028 2687 2089 mevendas
2708 2032 2823 2105 (I7)
2843 2031 3106 2087 sollicitos
3128 2031 3351 2103 intelligi
3374 2032 3522 2098 velit;
3547 2032 3615 2087 de

2013 2129 2181 2182 forma
2209 2134 2387 2182 autem
2411 2126 2463 2182 et
2482 2112 2627 2180 eultu
2652 2123 2862 2195 placere
2889 2120 3119 2179 carnalis
3154 2122 3610 2193 concupiscentia:

2012 2221 2281 2292 ingenium
2301 2220 2391 2288 sit,
2414 2228 2533 2291 qua:
2554 2219 2714 2274 etiam
2738 2218 2905 2287 stupri
2928 2231 3115 2273 caussa
3137 2224 3246 2273 est:
3266 2216 3458 2289 ecquid
3477 2217 3617 2272 vide-

2016 2320 2101 2371 tur
2129 2314 2222 2370 tibi
2258 2308 2428 2386 stupri
2469 2304 2650 2369 adilne
2679 2326 2800 2368 esse
2826 2312 3122 2368 secundum
3164 2311 3567 2367 matrimonium
3596 2355 3610 2374 .

2010 2410 2261 2481 quoniam
2290 2417 2352 2463 ea
2376 2408 2426 2462 in
2455 2404 2544 2463 illo
2561 2402 2908 2477 deprehendo
2927 2420 3045 2478 quae
3069 2417 3258 2477 stupro
3278 2404 3615 2479 competunt?

2012 2497 2126 2572 Ipse
2141 2498 2260 2573 (I8)
2281 2499 2538 2555 Dominus
2561 2517 2572 2552 :
2596 2498 2695 2568 Qui
2713 2498 3380 2569 viderit,inquit,mulierem
3402 2497 3469 2553 ad
3489 2516 3581 2553 con
3596 2530 3612 2540 -

2012 2587 2392 2658 cupisceadum,
2429 2592 2539 2662 iam
2569 2593 2817 2663 stupravit
2836 2608 2947 2645 eam
2976 2592 3030 2646 in
3055 2590 3207 2648 corde
3229 2606 3323 2647 suo
3368 2589 3609 2662 (Matth,

2016 2684 2080 2750 ν.
2121 2680 2235 2757 28).
2294 2683 2396 2750 Qui
2451 2684 2627 2738 antem
2686 2694 2804 2739 eam
2876 2681 2942 2737 ad
2990 2682 3294 2738 ducendum
3377 2682 3607 2747 viderit.

2013 2779 2188 2832 minus
2216 2776 2287 2846 (c)
2333 2784 2396 2828 an
2422 2773 2539 2845 plus
2560 2770 2684 2831 fecit
2707 2772 2863 2845 (t9)?
2892 2772 3053 2843 Quid,
3080 2775 3125 2830 Si
3166 2775 3325 2831 etiam
3357 2774 3614 2832 duxerit?

2012 2866 2153 2942 quod
2172 2882 2275 2923 non
2293 2867 2509 2922 laceret.
2542 2862 2642 2921 'nisi
2663 2876 2714 2922 et
2732 2866 2799 2921 ad
2823 2864 3129 2923 ducendum
3157 2868 3522 2938 ‘concupisSct,
3562 2877 3617 2923 ct

2012 2960 2078 3018 ad
2106 2960 2594 3031 concupiscendum
2612 2959 2853 3015 vidisset.
2887 2959 2997 3016 Nisi
3020 2950 3064 3018 si
3094 2970 3270 3032 potest
3293 2960 3413 3017 duci
3438 2978 3576 3018 uxor
3596 3005 3611 3027 ,

2014 3068 2172 3125 quam
2211 3067 2314 3109 non
2357 3051 2557 3110 videris
2582 3060 2681 3108 nec
2706 3053 3042 3123 concttpieris
3070 3050 3210 3127 ('20).
3234 3053 3455 3110 Multum
3482 3070 3615 3111 sane

2016 3149 2263 3212 interest,
2296 3146 2523 3202 maritus
2553 3161 2620 3200 an
2670 3145 2868 3201 caalebs
2911 3145 3070 3201 aliam
3101 3148 3445 3218 concupiscat
3476 3148 3613 3219 (2i).

312 3243 399 3290 tur
436 3237 524 3308 qui
576 3237 772 3294 divina:
818 3238 1111 3306 voluntati,
1139 3249 1194 3295 et
1223 3242 1312 3311 qui
1341 3254 1454 3296 sure
1508 3242 1754 3311 potestati
1805 3241 1903 3297 nb-
1933 3248 1977 3312 α
2012 3239 2199 3298 Omnis
2225 3237 2416 3293 mulier
2435 3237 2598 3293 etiam
2618 3236 2793 3293 caelibi
2818 3234 2920 3293 alia
2947 3251 3030 3294 εει
3051 3238 3191 3311 (22),
3217 3239 3617 3313 quamdiufalic-

312 3338 658 3400 sequeretur;
685 3331 757 3404 (a)
776 3333 893 3404 quis
910 3344 1152 3390 nostrum
1177 3332 1415 3389 utilitatis
1435 3334 1771 3404 prmscntiam
1786 3334 1904 3409 (M)

312 3430 569 3491 sectetur,
600 3433 657 3480 et
703 3426 825 3496 quis
867 3426 1209 3482 occasionem
1261 3427 1489 3483 licentiae
1543 3428 1903 3498 amplexetur.

238 3565 244 3571 .
288 3510 553 3585 .Liccntia
581 3515 896 3588 plerumque
925 3518 1146 3574 tentatio
1172 3527 1256 3574 est
1283 3517 1580 3589 disciplina:
1605 3560 1620 3585 ,
1650 3519 1902 3589 quoniam

2013 3342 2118 3396 na;
2173 3336 2272 3386 n’ee
2326 3343 2421 3399 per
2449 3327 2596 3385 aliud
2646 3329 2933 3384 tam'en'tit
2977 3331 3192 3398 marita,
3219 3332 3320 3386 nisi
3351 3347 3450 3403 per
3473 3334 3612 3404 quod

2009 3435 2063 3480 et
2089 3418 2353 3479 adultera.
2385 3420 2552 3493 Leges
2581 3420 2829 3477 videntur
2856 3423 3180 3480 matrimonii
3211 3433 3265 3480 et
3290 3425 3460 3494 stupri
3504 3426 3610 3499 dit“-

2010 3504 2290 3572 feren‘tiam
2338 3511 2517 3570 facere
2576 3522 2670 3584 per
2692 3510 3060 3571 diversitatem
3108 3512 3321 3585 illiciti,
3374 3530 3482 3573 non
3516 3534 3615 3589 per

1528 3624 1909 3696 LECTIONES
1946 3629 2363 3691 VARIANTES.

377 3746 451 3813 (l)
486 3745 660 3815 Prima
693 3748 845 3815 Rhea.
895 3749 1047 3815 legeb.
1091 3751 1545 3815 sacerdoti-dicitur
1580 3761 1743 3815 quove
1778 3749 1905 3815 facto

312 3810 698 3878 communicatur
718 3812 839 3874 (pro
876 3810 969 3878 quo
1014 3815 1127 3878 Lat._
1163 3810 1904 3878 reposuit_excominunimtur)

314 3874 508 3941 actione
529 3876 815 3941 sacerdotis;
841 3874 984 3929 Pam.
1007 3875 1158 3941 lcgeb.
1183 3891 1194 3926 :
1215 3877 1298 3941 qui
1312 3874 1512 3927 eofaeto
1528 3874 1910 3925 communicatur

312 3937 505 3985 actione
528 3937 811 3989 sacerdotis.
938 3968 943 3974 ι
1051 3937 1071 3941 ”
1235 3937 1249 3941 ⁷
1739 3964 1746 3971 .

400 3997 450 4060 2)
474 3998 784 4109 Ιδρξεξεείιιιω
807 4001 1198 4053 administrantes
1218 4002 1391 4053 Fran..

478 4061 1114 4183 siniiioﬁieéihfgﬂhm
1135 4126 1202 4177 at.
1242 4127 1391 4177 sancti

377 4062 450 4183 (ὅ)
474 4062 637 4134 Voluit
663 4062 807 4138 alien.
833 4064 975 4114 Pam.
1385 4127 1395 4138 ο

318 4121 460 4232 P02
478 4122 721 4174 Sancttom
748 4139 856 4189 ejus
874 4126 1114 4177 obeundae
1135 4126 1202 4177 at.
1242 4130 1524 4177 sanctiones
1554 4125 1662 4188 ejus
1689 4122 1905 4175 obeunti.

486 4252 558 4296 tta
579 4245 732 4299 edidit
750 4247 927 4316 Rigalt.
953 4248 1117 4301 σαπενὶ
1139 4248 1215 4300 vel
1245 4250 1439 4301 omiser.
1474 4247 1549 4301 vel
1581 4247 1702 4299 nihil
1736 4246 1911 4299 habent

487 4336 903 4440 Perterre__nhea.
932 4383 1080 4426 Fraa.
1107 4372 1273 4426 Paris.
1311 4375 1547 4440 prtelerre
1571 4377 1716 4425 Pam.
1756 4373 1910 4424 Fran.

316 4433 539 4495 proferre
558 4434 667 4486 cod.
705 4436 891 4487 Wouw.

381 4494 453 4552 I7)
481 4493 718 4548 Retinere
741 4502 883 4549 Pam.
908 4500 1059 4551 Scml.
1083 4502 1337 4552 continere
1360 4498 1470 4551 cod.
1507 4499 1694 4551 Womo.

380 4556 454 4617 (8)
482 4558 572 4617 Qui
597 4558 730 4612 abest
752 4562 953 4614 aSeml.
1073 4611 1077 4615 .

379 4619 453 4682 (9)
477 4621 732 4682 Maritatus
754 4623 906 4681 Illum.
929 4622 1077 4679 Seml.
1105 4628 1248 4676 Pam.

379 4682 485 4747 (l0)
512 4684 607 4735 Pro
637 4686 796 4737 salute
816 4686 967 4740 Rhea.
992 4691 1135 4740 Pam.
1161 4685 1311 4740 Seml.

2202 3742 2798 3858 ’ἕνῶῗωιέῗηθηεάξῗθὲξηα
2811 3802 2978 3857 οωωή

2106 3804 2181 3858 t9)
2208 3804 2476 3858 Utilitatem
2497 3804 2616 3857 edit.
2639 3804 2978 3857 reaeLccteri
2998 3804 3225 3857 salutem.

2078 3866 2185 3925 (i5)
2210 3869 2318 3919 Non
2330 3870 2481 3919 vincis
2501 3866 2691 3919 scilicet
2711 3866 2857 3919 alien.
2952 3892 2955 3893 ν

2100 3928 2180 3992 id)
2204 3931 2541 3995 Praestantiam
2556 3931 2678 3994 forte
2701 3928 2811 3995 Rig.

2103 3995 2183 4056 15)
2206 3993 2293 4046 Cui
2319 3993 2619 4056 permittitur
2631 3998 2684 4043 et
2708 3993 2827 4045 vinci
2844 4006 2935 4045 me.
2956 4001 3138 4043 Wortto.
3584 4036 3587 4039 .

2022 4056 2192 4171 νν(
2220 4058 2574 4107 Abstinentiam
2613 4057 2901 4120 priestruxit
2939 4062 3055 4105 Jun.
3101 4056 3449 4119 praestruxerit
3503 4056 3612 4107 cod.

2086 4132 2209 4171 οῖιω.

2078 4182 2183 4248 tu)
2209 4179 2480 4248 Moliendas
2503 4179 2654 4248 ςφηι.
2681 4181 2763 4248 ςά·
2798 4186 2961 4248 πίομαι

2080 4242 2097 4300 (
2110 4240 2183 4306 18)
2210 4243 2409 4306 Interim
2427 4242 2668 4306 Dominus
2688 4242 2794 4305 ipse
2817 4240 2969 4293 Rhea.
2992 4243 3143 4306 Eran.
3170 4245 3294 4306 Par.
3319 4245 3460 4306 Pam,

2109 4302 2183 4369 l9)
2210 4304 2372 4369 Minus
2396 4303 2606 4369 perfecit
2629 4302 2783 4355 Fran.
2816 4306 2940 4354 Par.
2966 4303 3128 4369 minus
3153 4318 3238 4369 par
3260 4303 3378 4355 fecit
3403 4302 3554 4369 Rhea.

2100 4362 2182 4427 ‘20)
2209 4362 2310 4419 Etsi
2334 4362 2430 4433 non
2442 4366 2651 4433 yideris,
2673 4369 2982 4433 concupieris
2997 4362 3173 4418 saltem
3191 4401 3206 4428 ,
3230 4376 3337 4419 cum
3364 4370 3514 4433 ipsam
3530 4368 3620 4418 du-

2014 4427 2134 4482 cere
2161 4431 2376 4491 emperis
2400 4427 2546 4479 Rhea.
2564 4432 2701 4491 Par.
2721 4436 2769 4479 et
2789 4427 2857 4478 ut.

2079 4493 2182 4557 (21)
2204 4493 2405 4557 Maritus
2418 4493 2481 4540 ab
2501 4490 2609 4557 zelo
2630 4504 2729 4557 non
2750 4492 3103 4557 concupiscens
3118 4500 3268 4545 Han.
3297 4491 3462 4545 Paris.
3500 4492 3621 4543 mul-

2016 4564 2119 4607 tum
2144 4551 2264 4605 sane
2288 4554 2431 4603 abest
2452 4556 2656 4603 maritus
2678 4551 2739 4602 ab
2756 4551 2864 4603 zelo
2877 4551 3022 4605 Pam.

1939 4648 1994 4708 Β
2082 4616 2186 4683 (22)
2212 4616 2388 4667 Mulier
2408 4614 2605 4666 zelivira
2624 4614 2853 4667 eslPam.
2878 4610 3000 4668 Par.
3030 4617 3182 4668 Fran.

1666 4787 2229 4846 COMMENTARIUS.

319 4916 469 4982 κγ’ρενν
504 4911 686 4982 tceo»,
735 4907 868 4982 hoc___
895 4923 995 4982 non
1030 4907 1150 4982 sinit
1199 4904 1423 4962 Ecclesia
1461 4905 1734 4982 grtes‘idepe
1758 4947 1773 4971 ,
1826 4902 1907 4958 iu-

318 4972 470 5044 quit,
504 4972 591 5029 hic
623 4977 786 5044 idem,
817 4978 910 5034 lib.
945 4979 961 5033 1
994 4978 1057 5034 ad
1091 4977 1321 5034 Uxorem
1347 5019 1360 5040 ,
1389 4992 1438 5034 c.
1463 4972 1521 5032 '7.
1558 4975 1653 5032 Ls.
1686 4972 1780 5030 Ρη.

388 5043 540 5100 CAP.
578 5046 705 5122 YIII.
729 5043 801 5089 -έ-
822 5048 896 5122 (a)
927 5050 1051 5117 Quis
1073 5062 1299 5104 nostrum
1328 5049 1555 5122 utilitatis
1575 5045 1907 5122 prteseatiam

316 5124 546 5171 sectetur.
597 5117 757 5175 Forte
781 5162 795 5185 ,
832 5117 1234 5190 praestantiam,
1268 5119 1408 5188 quod
1442 5117 1752 5190 vocabulum
1781 5117 1905 5190 alibi

318 5197 569 5263 usurpat,
583 5203 705 5263 cum
733 5190 784 5247 id
810 5189 1227 5263 signiﬁcatquod
1253 5202 1334 5246 est
1353 5189 1760 5263 conducibilius.
1782 5189 1904 5263 Rta.

395 5257 716 5331 (b)Licebat
745 5272 791 5317 et
822 5257 1079 5327 Apostolis
1103 5257 1307 5326 nubere,
1337 5272 1382 5317 et
1408 5279 1589 5317 uxores
1614 5261 1906 5315 circumdu-

318 5330 588 5404 cereLEas
619 5331 887 5389 habebant
921 5348 1020 5404 pro
1048 5333 1343 5400 sororibus,
1364 5342 1420 5388 ut
1448 5332 1645 5387 Strom.
1673 5330 1741 5386 III
1768 5373 1781 5395 ,
1814 5331 1910 5404 do-

319 5407 407 5454 cet
435 5399 684 5459 Clemeus
712 5405 864 5460 Alex.
884 5422 896 5457 :
918 5399 1058 5460 unde
1090 5399 1515 5461 Lutberauorum
1536 5412 1759 5459 conatus
1783 5401 1913 5456 abiit

321 5469 387 5546 in_
409 5470 616 5540 fumos,
646 5476 735 5546 qui
761 5490 825 5531 ex
855 5474 1188 5532 Tertulliano
1228 5476 1534 5546 conjugium
1586 5475 1909 5546 clericorum

322 5541 616 5617 adstruere
643 5541 902 5617 nituntur.
945 5547 1072 5602 Post
1115 5541 1622 5617 Magdeb'nr'genses.
1659 5544 1911 5617 Callistus

328 5608 553 5682 insignis
603 5614 919 5687 lutheranus
949 5618 1051 5673 hoc
1078 5608 1331 5674 tuendum
1377 5608 1611 5687 suscepil
1633 5658 1649 5682 θ
1682 5615 1910 5687 1ίῧῖ¹¹η¹’

326 5694 429 5759 que
457 5686 824 5756 praegrandem
855 5690 1021 5744 edidit
1040 5688 1106 5752 de
1127 5688 1376 5759 conjugio
1400 5685 1735 5759 clericorum.
1768 5685 1823 5755 In
1846 5700 1912 5740 eo

325 5757 503 5808 autem
548 5772 734 5811 errore
778 5757 1252 5827 deprehenduntur
1291 5757 1537 5814 Socrates
1579 5770 1631 5813 et
1659 5757 1913 5812 Sozome-

330 5826 549 5904 ημεοίιμί
588 5826 862 5904 Nicaznum
889 5830 1174 5904 concilium
1200 5831 1352 5904 aiunt
1376 5830 1602 5904 liberum
1632 5828 1915 5904 reliquisse

329 5889 542 5951 clericis
570 5897 881 5968 conjugium
906 5938 921 5966 ,
949 5900 1095 5969 quod
1139 5916 1298 5970 quam
1324 5899 1513 5955 falsum
1546 5900 1616 5955 sit
1643 5889 1799 5954 docet
1826 5910 1916 5951 ca-

2011 4918 2115 4959 n0ll
2145 4900 2332 4957 Ie‘l‘lItIS
2352 4944 2366 4968 ,
2396 4902 2714 4973 ἀτέηγορτῦτιν
2752 4904 3010 4977 “Bolani
3052 4907 3241 4977 μεγᾶλη
3270 4902 3459 4968 “vado;
3494 4916 3618 4972 μήτε

2010 4977 2271 5044 ἔπιτε-κόπῳ,
2304 4988 2423 5042 μήτε
2447 4970 2761 5047 «(deﬁci-ipa),
2794 4990 2915 5043 μήτε
2945 4970 3170 5047 statvi),
3200 4991 3323 5047 μήτε
3374 4970 3503 5040 ὅλως.
3527 4979 3622 5032 τινὶ

2011 5059 2099 5104 τδν
2131 5051 2176 5100 ἰν
2219 5048 2373 5117 alapa)
2420 5052 2595 5110 ἐξεῖναι
2624 5046 2927 5102 συνεῖσακτον
2957 5052 3083 5116 ἔχειν
3109 5046 3131 5076 ’⁷
3159 5052 3285 5102 πλὴν
3329 5050 3371 5100 εὶ
3408 5055 3480 5114 μὶ
3527 5053 3625 5116 ὅραι

2010 5123 2240 5186 μητξρκῆ
2266 5121 2492 5189 Helaira,
2517 5124 2546 5178 ἦ
2572 5119 2725 5184 θεῖσιν,
2749 5119 2826 5189 ἢᾉᾶ
2844 5128 2968 5185 μόνα.
2987 5123 3289 5189 «paeanes
3311 5141 3399 5175 σαν
3417 5123 3623 5185 bacillo»

2015 5182 2344 5257 castra)?»
2383 5182 2615 5262 Omnino
2629 5182 2907 5259 prohibuit,
2933 5182 3117 5262 magna
3141 5190 3367 5262 synodus
3384 5231 3397 5250 .
3427 5203 3489 5242 ne
3513 5182 3623 5262 cpi:

2015 5275 2235 5329 scapus,
2282 5274 2439 5331 neque
2484 5257 2760 5328 presbyter,
2808 5274 2967 5331 neque
3008 5257 3291 5326 diaconus,
3328 5272 3487 5329 neque
3526 5257 3623 5312 ulli

2018 5330 2213 5384 ordinis
2243 5328 2568 5384 ecclesiastici
2607 5328 2900 5384 extraneum
2941 5328 3158 5396 habere,
3192 5340 3374 5401 printer
3403 5328 3616 5384 matrem

2015 5410 2102 5454 aut
2132 5416 2357 5455 sororem
2383 5408 2471 5453 aut
2502 5400 2712 5472 amitam
2731 5443 2744 5464 ,
2777 5408 2864 5454 aut
2895 5418 2981 5455 eas
3009 5400 3209 5456 tantum
3233 5410 3476 5472 personas
3510 5416 3622 5468 qua:

2015 5487 2046 5524 a
2072 5472 2359 5541 sitcjiicione
2384 5473 2522 5525 onmi
2548 5471 2711 5525 essent
2735 5472 3004 5541 immunes.
3034 5472 3178 5528 idem
3208 5471 3374 5527 habes
3418 5486 3539 5526 can.
3565 5473 3620 5533 5,

2013 5532 2172 5598 conc:
2197 5541 2449 5611 Carthag.
2482 5551 2533 5597 ct
2562 5558 2627 5598 ex
2655 5543 2773 5611 jure
2789 5532 2950 5609 civili,
2981 5542 3017 5599 l.
3046 5547 3235 5608 Sacris,
3261 5554 3381 5598 can.
3417 5542 3491 5600 45
3521 5582 3536 5610 ,
3565 5532 3618 5598 c.

2015 5612 2082 5668 de
2111 5613 2358 5683 episetet
2380 5608 2511 5667 cier.
2540 5612 2637 5683 Ls
2671 5608 2763 5683 Pu,

2111 5629 2276 5741 εἰπερ.
2303 5629 2358 5667 et
2380 5629 2511 5667 cter.
2553 5629 2628 5669 Ls
2652 5629 2763 5697 .t'n‘.
3128 5686 3140 5697 .
3464 5694 3467 5695 ν
3605 5683 3617 5698 ο

2087 5683 2149 5760 (ξ.
2186 5684 2244 5738 Ρ.
2274 5681 2365 5760 IX.
2395 5682 2555 5759 -—(c)
2592 5680 2761 5760 ditant
2804 5701 2871 5760 an
2901 5682 3017 5760 plus
3045 5680 3205 5760 fecit?
3230 5681 3288 5739 In
3321 5678 3618 5760 eietitpiart

2021 5753 2236 5821 legitur,
2290 5755 2453 5809 minus
2479 5750 2701 5820 amplius
2733 5750 3078 5826 fecit.>'Forl'e
3104 5764 3280 5811 autem
3313 5750 3504 5810 vocula
3552 5772 3621 5808 an

2024 5838 2144 5951 Clllill
2188 5826 2474 5966 [sequenti
2533 5822 2742 5882 coaluit
2788 5822 3060 5885 adﬁnitate
3114 5826 3254 5894 sont,
3306 5826 3479 5880 atinas
3553 5841 3622 5879 aa

2024 5914 2061 5966 ρ
2087 5912 2163 5951 ms
2214 5911 2287 5950 ea
2317 5932 2331 5948 .
3248 5951 3258 5957 .

2024 5905 2163 5966 ptius
2188 5905 2331 5966 fecit.
