4052 6286
277 293 385 353 9ὶ7

1676 289 2144 353 TERTULIJANI

3462 305 3569 363 928

282 410 462 464 lirium
505 417 654 466 tuum
695 408 861 466 libera
900 404 1111 463 fronte?
1151 414 1207 463 et
1242 405 1385 464 inter
1409 414 1634 464 caeteras
1684 409 1869 463 voluu-
1899 410 1951 469 Α
1975 428 2133 483 quam
2168 414 2338 472 libens
2385 416 2518 473 filios
2547 417 2927 475 desiderasset.
2955 419 3092 487 Quid
3138 436 3268 493 ergo
3307 421 3471 478 facies
3522 422 3570 475 si

282 510 419 557 tates
446 501 599 558 bona:
625 502 839 567 mentis,
863 499 1265 583 postulabistibi
1287 508 1341 555 et
1359 501 1510 555 uxori
1531 500 1878 557 castitatem?

904 625 1131 684 CAPUT
1172 625 1287 682 XII.

352 763 474 819 Scio
493 762 685 834 quibus
728 762 1154 818 caussationibus
1195 760 1498 819 coloremus
1519 760 1875 818 insatiabilem

283 856 462 910 carnis
490 853 838 926 cupiditatem
873 871 886 908 :
916 852 1297 924 prasteudimus
1333 853 1680 909 necessitates
1703 852 1872 907 admi-

285 945 610 1015 niculorum,
636 947 850 1002 domum
872 946 1369 1014 administramlam,
1397 946 1650 1002 familiam
1682 960 1877 1017 regen-

284 1038 431 1104 dam,
461 1038 687 1107 loculos,
715 1020 891 1094 claves
921 1037 1320 1104 custodiendas,
1346 1036 1632 1092 lanificium
1664 1036 1881 1109 αἰθρίω-

284 1127 533 1200 sandum,
565 1131 763 1186 victmu
794 1130 1209 1201 procurandum,
1241 1144 1398 1185 curas
1424 1130 1747 1186 domesticas
1770 1126 1876 1202 (l).

285 1224 503 1281 Scilicet
530 1222 660 1279 solis
681 1224 992 1279 maritorum
1023 1222 1439 1293 domibus_bene
1463 1230 1565 1280 est.
1597 1221 1882 1279 Perierunt

283 1315 528 1372 caelibum
568 1314 784 1371 familize
814 1356 829 1382 ,
875 1330 963 1371 res
992 1315 1288 1386 spadonum
1315 1356 1330 1381 ,
1362 1315 1586 1370 fortuna:
1617 1314 1878 1380 militum,

285 1416 378 1463 aut
407 1406 861 1479 peregrinantium
902 1406 1022 1463 sine
1060 1406 1338 1462 uxoribus.
1369 1406 1484 1462 Non
1514 1407 1658 1463 enim
1705 1421 1803 1462 nos
1827 1415 1883 1462 et

288 1502 482 1558 milites
513 1502 742 1557 smnus?
770 1516 837 1557 eo
858 1500 1073 1572 quidem
1098 1499 1316 1570 majoris
1340 1500 1660 1572 disciplinae,
1683 1509 1883 1571 quanto

287 1594 417 1650 tanti
450 1594 808 1666 imperatoris.
869 1593 985 1648 Non
1033 1603 1089 1649 et
1118 1608 1217 1649 nos
1256 1593 1658 1665 peregrinantes
1685 1592 1741 1651 in
1780 1594 1882 1649 isto

289 1688 484 1743 stet-uio
500 1688 708 1743 smnus?
719 1685 766 1746 Ο
788 1703 831 1742 Il‘
844 1695 1019 1743 autem
1037 1687 1105 1741 ita
1121 1686 1412 1758 dispositus
1428 1702 1507 1756 es,
1523 1701 1557 1742 o
1570 1687 1880 1752 Christiane,

292 1787 349 1835 ut
366 1778 484 1835 sine
530 1793 701 1835 uxore
729 1794 837 1835 non
869 1777 1079 1849 possis?
1125 1776 1278 1833 Nunc
1303 1786 1357 1833 et
1395 1792 1620 1834 consors
1659 1791 1882 1834 onerum
1911 1802 1960 1869 Β

290 1871 713 1927 domesticorum
768 1871 1071 1927 necessaria
1092 1879 1199 1927 est.
1228 1869 1376 1926 Habe
1406 1869 1636 1942 aliquam
1659 1884 1881 1926 uxorem

290 1966 605 2037 spiritalem,
637 1964 861 2021 adsume
884 1965 952 2021 de
979 1965 1175 2033 viduis,
1199 1963 1304 2021 fide
1347 1965 1609 2037 pulcram,
1654 1981 1883 2037 pauper-

293 2067 402 2114 tate
427 2058 684 2125 dotatam,
714 2067 871 2113 :etatc
897 2057 1159 2129 signatam
1194 2076 1208 2112 :
1241 2056 1409 2114 bonas
1439 2057 1653 2128 nuptias
1671 2057 1882 2114 feceris.

296 2148 606 2218 llujusmodi
652 2164 848 2221 uxores
894 2149 1053 2204 etiam
1084 2148 1262 2220 plures
1305 2146 1491 2204 haberi
1520 2148 1632 2205 Deo
1676 2159 1885 2220 gratum

296 2251 397 2297 est.
431 2240 534 2295 Sed
594 2240 964 2311 posteritatem
994 2240 1290 2311 recogitaut
1313 2240 1593 2295 christiani
1623 2280 1638 2306 ,
1691 2241 1886 2313 quibus

296 2333 595 2390 Crastinum
621 2347 727 2387 non
760 2341 863 2388 est.
889 2330 1143 2387 "(credes
1167 2332 1258 2387 Dei
1304 2346 1496 2401 servus
1526 2330 1886 2398 desiderabit,

297 2425 387 2495 qui
409 2424 757 2494 semetipsum
786 2423 854 2478 de
883 2422 1083 2478 szeculo
1110 2421 1510 2478 exlueredavit?
1537 2422 1603 2478 Et
1632 2423 1754 2479 ideo
1770 2424 1892 2494 quis

299 2519 940 2590 repetatmatrimonimn,
969 2520 1012 2574 si
1035 2517 1101 2574 de
1129 2518 1353 2589 pristino
1380 2534 1484 2572 non
1518 2518 1708 2574 habeat
1757 2517 1890 2573 libe-

299 2614 433 2669 ros?
475 2613 699 2669 Habebit
751 2613 929 2684 itaque
960 2612 1062 2666 hor:
1111 2610 1374 2682 primum,
1429 2619 1486 2665 ut
1525 2610 1725 2666 diutius
1767 2610 1895 2667 velit

303 2706 505 2771 vivere,
537 2706 653 2776 ipso
682 2705 927 2776 apostolo
945 2702 1233 2761 festinante
1272 2703 1337 2758 ad
1370 2703 1699 2758 Dominum?
1738 2700 1896 2760 Certe

303 2797 736 2867 expeditissimus
790 2795 842 2852 in
898 2795 1383 2867 persecutionibus,
1428 2796 1897 2852 constantissimus

304 2890 358 2946 in
382 2886 685 2962 martyriis,
732 2888 1163 2962 promptissimus
1204 2889 1258 2944 in
1295 2888 1896 2954 eomnmuicationibus,

305 2983 833 3055 temperantissimos
886 2983 939 3039 in
990 2982 1433 3055 acquisitiouibus
1467 2999 1479 3036 :
1512 2992 1786 3054 postremo
1814 2996 1903 3037 se-

307 3093 467 3133 curos
491 3078 766 3143 morietur,
802 3076 1003 3134 relictis
1035 3075 1160 3131 filiis
1191 3076 1414 3132 forsitan
1457 3077 1548 3146 qui
1590 3076 1666 3131 illi
1711 3090 1903 3146 paren-

1982 519 2174 559 novam
2219 506 2299 579 (5)
2335 524 2557 565 uxorem
2604 509 2673 566 de
2723 519 2811 566 tua
2856 513 3183 567 conscientia
3228 513 3571 584 impleveris?

1979 595 2243 655 dis<olvas
2273 602 2711 659 medicaminibus
2753 616 3068 677 conceptum
3104 607 3223 680 (ω
3252 608 3385 663 Puto
3412 608 3570 663 nobis

1981 707 2086 748 non
2130 695 2297 766 magis
2327 695 2489 752 licere
2540 707 2846 756 nascentem
2899 715 3093 757 necare
3116 742 3130 767 ,
3172 717 3331 771 quam
3365 709 3573 756 natum.
3600 694 3647 724 ’ί

1981 784 2086 841 Sed
2120 785 2348 843 fortasse
2400 788 2491 843 illo
2518 798 2760 860 tempore
2788 794 3113 864 praegnantis
3144 794 3359 860 uxoris,
3393 809 3573 850 reme-

1982 876 2128 932 dium
2160 877 2235 952 (a)
2263 888 2423 936 tanta:
2444 882 2794 939 sollicitudini
2827 884 2904 954 (5)
2938 902 2965 938 a
2987 885 3094 940 Deo
3118 895 3300 956 petere
3329 885 3573 953 audebis,

1981 971 2123 1040 quod
2157 970 2207 1026 in
2242 981 2293 1028 te
2322 974 2550 1042 positum
2579 977 2859 1033 recusasti.
2894 978 3108 1048 Aliqua,
3135 978 3348 1050 opinor,
3377 980 3577 1035 sterilis

1985 1062 2376 1132 prospicietur,
2422 1064 2532 1134 jam
2563 1070 2646 1122 vel
2696 1067 2985 1141 frigidioris
3031 1072 3227 1127 aetatis.
3273 1070 3414 1126 Satis
3437 1085 3571 1127 con-

1982 1155 2142 1219 sulte,
2161 1164 2215 1212 et
2242 1157 2293 1212 in
2321 1159 2507 1228 primis
2533 1160 2777 1217 fideliter.
2808 1161 3019 1219 Nullam
3050 1164 3195 1219 enim
3222 1163 3574 1233 credidimus,

1986 1247 2096 1304 Deo
2126 1250 2359 1317 volente,
2385 1252 2623 1308 sterilem
2653 1263 2746 1310 aut
2773 1270 2935 1311 anum
2981 1256 3229 1322 enixam;
3273 1256 3414 1329 quod
3440 1258 3578 1314 adeo

1982 1341 2154 1412 magis
2181 1343 2398 1398 evenire
2443 1354 2657 1415 potest,
2712 1347 2757 1402 si
2786 1348 2905 1417 quis
2949 1349 3367 1420 praesumptione
3419 1348 3579 1420 hujus

1985 1433 2335 1505 providentia:
2361 1452 2472 1492 sua:
2522 1438 2614 1494 Dei
2663 1440 3061 1497 aemulationem
3094 1443 3413 1511 provocarit.
3458 1441 3577 1498 Sci-

1983 1542 2104 1583 mus
2149 1527 2378 1601 denique
2423 1531 2706 1602 quemdam
2751 1549 2817 1590 ex
2857 1533 3314 1602 fratribus,eum,
3359 1545 3580 1608 propter

1985 1619 2146 1674 tiliam
2172 1633 2344 1683 suam,
2375 1622 2613 1678 secundo
2666 1624 3008 1681 matrimonio
3033 1626 3272 1683 sterilem
3304 1635 3579 1699 captasset

1983 1727 2232 1780 uxorem,
2270 1724 2374 1770 tam
2400 1715 2595 1773 iterum
2624 1727 2831 1789 patrem
2859 1718 3079 1789 factum,
3107 1736 3266 1793 quam
3296 1730 3351 1779 et
3378 1722 3571 1778 iterum

1988 1805 2258 1862 maritum.

2568 1943 2795 2005 CAPUT
2834 1944 2970 2003 XIII.

2043 2075 2123 2131 Ad
2160 2076 2296 2133 hanc
2318 2092 2492 2134 meam
2513 2077 3083 2153 'cohortationcmifi),
3119 2080 3284 2138 frater
3299 2080 3587 2141 dilectissi-

1991 2168 2447 2242 me,(b)aeceduut
2462 2172 2621 2229 etiam
2638 2175 2911 2231 saecularia
2929 2176 3318 2247 exempla,qua:
3331 2190 3475 2248 sa-pe
3492 2193 3587 2233 no-

1993 2263 2075 2316 bis
2093 2264 2251 2317 ctium
2271 2263 2320 2317 iu
2342 2264 2650 2321 testimonio
2667 2268 2837 2337 posita
2852 2276 2999 2334 sunt,
3017 2283 3137 2324 cum
3151 2268 3276 2339 quid
3298 2268 3515 2335 bonum,
3533 2280 3590 2326 et

1997 2355 2109 2423 Deo,
2128 2354 2375 2419 placitum
2397 2356 2466 2410 ab
2485 2359 2752 2414 extraneis
2772 2373 2985 2430 quoque
3005 2360 3331 2431 agnoscitur,
3359 2370 3416 2418 et
3435 2362 3556 2416 testi
3570 2391 3587 2403 -

1994 2446 2174 2501 mania
2204 2457 2476 2504 oneratur.
2513 2450 2769 2522 Denique,
2799 2453 3134 2522 monogamia
3160 2451 3300 2525 apud
3345 2453 3589 2510 ethnicos

1997 2538 2066 2593 ita
2100 2540 2151 2594 in
2179 2555 2390 2595 summo
2411 2540 2615 2597 honore
2639 2551 2741 2610 est,
2764 2551 2822 2597 ut
2841 2553 2894 2599 ct
2914 2544 3209 2615 virginibus
3232 2544 3468 2616 legitime
3493 2560 3592 2600 nu-

1998 2631 2247 2686 bentibus
2268 2630 2337 2704 (r)
2363 2632 2563 2687 univira
2588 2634 2824 2704 pronuba
2849 2634 3193 2702 adhibeatur;
3219 2646 3276 2692 et
3299 2636 3345 2692 si
3367 2636 3591 2708 auspicii

1998 2738 2209 2791 caussa,
2237 2725 2419 2796 utique
2443 2726 2565 2780 honi
2589 2727 2811 2798 auspicii
2828 2736 2931 2784 est.
2950 2727 3102 2797 Item,
3121 2730 3253 2785 utin
3275 2729 3593 2800 quibusdam
3632 2774 3667 2801 ν

2001 2814 2330 2871 solemnibus
2358 2827 2409 2872 et
2440 2815 2632 2873 officiis
2657 2859 2671 2882 ,
2718 2818 2862 2889 prior
2900 2821 2970 2876 sit
2993 2821 3216 2877 univira:
3242 2822 3412 2878 locus.
3435 2806 3596 2878 Certe

2001 2908 2265 2965 flaininica
2293 2910 2503 2964 nonnisi
2550 2911 2755 2967 univira
2796 2921 2914 2979 est,
2968 2930 3089 2985 qua:
3143 2924 3197 2969 et
3244 2914 3477 2971 ﬂaminis
3508 2916 3591 2971 lex
3625 2912 3662 2955 τ’

2003 3011 2105 3056 est.
2130 3000 2261 3056 Nam
2295 3004 2439 3072 prior
2457 3018 2579 3059 cum
2611 3004 2709 3076 ipsi
2743 3004 2979 3075 pontifici
3012 3008 3458 3067 maximoiterare
3482 3023 3593 3062 ma-
3622 3010 3667 3037 ν

2007 3093 2313 3149 trimonium
2350 3112 2456 3149 non
2494 3095 2653 3164 licet,
2677 3095 2869 3167 utique
2894 3100 3251 3170 monogamia:
3280 3099 3442 3169 gloria
3467 3110 3549 3153 εει
3575 3115 3590 3152 :

309 3179 444 3227 teut.
488 3168 755 3238 Numquid
800 3184 929 3240 ergo
979 3167 1285 3253 hujusmodi
1336 3178 1393 3224 et
1422 3168 1730 3239 reipublica:
1779 3185 1904 3241 pro-

2012 3203 2132 3243 cum
2159 3198 2337 3246 autem
2384 3189 2474 3245 Dei
2506 3201 2837 3246 sacramenta
2867 3167 3093 3248 Satanas
3120 3167 3371 3260 affectat,
3400 3205 3596 3264 provo-

308 3274 493 3336 speetu
533 3272 763 3335 aguntur
782 3305 798 3331 ,
824 3279 892 3319 ne
919 3250 1164 3319 civitates
1188 3262 1463 3329 deficiant,
1491 3264 1535 3317 si
1563 3263 1777 3320 soboles
1800 3278 1904 3319 non

312 3367 693 3414 exerceantur:
734 3372 803 3412 ne
848 3357 1016 3429 leges,
1050 3372 1116 3413 ne
1139 3357 1280 3426 jura,
1314 3372 1384 3413 ne
1403 3357 1726 3412 commercia
1756 3355 1906 3413 dela-

310 3452 546 3519 bantur;
580 3467 649 3508 ne
680 3450 874 3523 templa
928 3450 1406 3522 derelinquantur;
1437 3466 1504 3508 ne
1542 3466 1646 3507 non
1679 3451 1786 3507 siut
1817 3452 1907 3522 qui

312 3547 613 3603 adelament
631 3564 644 3599 :
662 3544 1052 3601 CHRISTIANI
1075 3546 1169 3601 AD
1189 3544 1469 3602 BESTIAS
1493 3544 1597 3618 (Ξ).
1621 3544 1747 3600 Haec
1763 3546 1907 3602 enim

314 3641 502 3696 amlire
529 3638 874 3705 desiderant,
915 3637 1004 3709 qui
1058 3636 1195 3693 filios
1224 3647 1493 3709 quaerunt.
1542 3636 1820 3692 Sufficiam
1842 3637 1908 3692 ad

315 3733 596 3790 consilium
626 3732 900 3789 viduitatis
931 3731 1013 3788 vel
1042 3733 1163 3797 ista.
1202 3732 1469 3803 prmcipue
1492 3730 1631 3802 apud
1662 3746 1782 3797 nos,
1812 3731 1912 3788 im-

317 3827 614 3896 portunitas
668 3826 993 3892 liberorum,
1035 3825 1100 3881 ad
1128 3839 1264 3897 quos
1305 3824 1679 3896 suscipiendos
1707 3823 1914 3895 legibus

236 3949 288 3975 ς.
317 3918 712 3990 compelluntur
764 3915 1049 3986 homines;
1097 3918 1220 3992 quia
1268 3918 1483 3990 sapiens
1528 3916 1726 3989 quique
1772 3932 1912 3972 nun—

108 3551 245 3678 ᾔ

2010 3281 2153 3337 catio
2192 3290 2276 3338 est
2316 3292 2533 3348 nostra;
2589 3283 2696 3338 imo
2742 3282 2988 3346 suffusio.
3036 3283 3079 3339 si
3128 3283 3265 3356 pigri
3304 3298 3489 3339 sumus
3531 3282 3600 3337 ad

2011 3375 2395 3430 continentiam
2445 3375 2554 3429 Deo
2598 3374 2988 3443 exhibendam,
3038 3390 3198 3446 quam
3244 3375 3462 3432 diabolo
3483 3375 3600 3446 qui-

2012 3456 2134 3522 dam
2166 3476 2441 3537 pnestant,
2473 3481 2617 3521 nune
2643 3467 2972 3538 virginitate,
3008 3470 3150 3522 nunc
3175 3466 3440 3522 viduitate
3484 3480 3604 3536 per-

2014 3572 2169 3635 petua
2201 3560 2305 3635 (7).
2328 3560 2586 3617 Novimus
2625 3562 2856 3632 virgines
2894 3561 3073 3618 Vesta:
3110 3571 3165 3616 et
3191 3559 3419 3617 lunonis
3466 3553 3665 3629 apud“

2014 3654 2231 3711 Achaia:
2257 3653 2537 3726 oppidum,
2567 3652 2831 3724 Apollinis
2859 3653 2999 3725 apud
3024 3654 3288 3725 Ephesos,
3316 3661 3373 3709 et
3408 3652 3607 3709 Miner-

2016 3764 2096 3807 va:
2150 3748 2470 3820 quibusdam
2510 3747 2665 3804 locis.
2716 3747 2971 3829 Novituus
2997 3755 3054 3803 et
3080 3746 3415 3803 continentes
3464 3744 3609 3799 viros

2019 3840 2122 3914 (8),
2151 3849 2207 3896 et
2233 3839 2448 3911 quidem
2495 3839 2631 3895 tauri
2670 3839 2812 3895 illius
2840 3840 3053 3912 διεγειῠί
3078 3838 3364 3897 antistites.
3411 3836 3611 3894 Fanni-

2018 3948 2115 3991 nas
2137 3947 2267 3990 vero
2298 3931 2479 3989 Cereri
2506 3931 2805 3998 Africaine;
2850 3932 2935 3988 cui
2960 3931 3121 3989 etiam
3149 3941 3341 4004 sponte
3368 3929 3615 3988 abdicato

1533 4051 1912 4110 LECTIONES
1952 4048 2253 4109 VARIAN'I
2258 4047 2366 4104 ES.

385 4169 406 4233 (_
416 4169 459 4233 Ι)
483 4168 887 4233 Communiendas
904 4168 1015 4233 Rig.

409 4228 460 4294 2)
485 4230 770 4283 Christianis
791 4228 987 4294 leoneu'i
1009 4228 1120 4294 Rig.

385 4169 428 4224 (Ι
483 4169 1015 4233 Communiendasnig.

409 4233 437 4280 2
485 4230 770 4283 Christianis
791 4231 987 4280 leonem
1009 4228 1120 4294 Rig.

325 4169 467 4408 ΗΞἶέ
497 4294 551 4344 Si
581 4293 755 4345 nolens
792 4306 876 4342 ux.
913 4291 1132 4344 Ciaccon.
1160 4291 1201 4341 sl
1237 4290 1380 4353 nolis,
1419 4292 1460 4343 sl
1489 4303 1711 4342 uxorem
1748 4289 1917 4344 Paris.

387 4419 462 4492 (ut)
488 4418 905 4492 Qissolutt‘trttshcs
925 4416 1246 4492 medicamine
1270 4418 1425 4469 Fran.
1452 4419 1574 4470 Par.

489 4479 1189 4597 ἓέἶῖἒὲιῗῧξὲξεῒίιῗννιὲῗηῇαν.
1215 4543 1357 4597 Pam.

1949 4584 2006 4646 Ι)

2103 4164 2156 4229 7)
2168 4163 2261 4222 Qui
2283 4164 2515 4215 antistant
2524 4177 2660 4229 nunc
2678 4166 2976 4229 virginitate,
2989 4177 3119 4217 nunc
3137 4164 3233 4229 vid.
3256 4166 3446 4229 evitant
3466 4172 3614 4229 ιιγαῃ.

2106 4227 2159 4291 8)
2178 4229 2296 4279 Cum
2321 4234 2486 4277 autem
2524 4227 2619 4278 Dei
2656 4228 2722 4277 sit
2742 4228 2911 4291 simius
2933 4227 3119 4291 tantum
3153 4227 3438 4278 Satanasad
3470 4227 3619 4291 perti-

2021 4290 2251 4339 cieudum
2278 4291 2549 4349 provocatio
2574 4295 2652 4340 est
2675 4290 2824 4340 nostri
2841 4290 3029 4349 —quia
3069 4290 3622 4340 diabolo—noverimus

2024 4351 2267 4416 (noverim
2278 4350 2687 4416 Par.)virgiuesV
2694 4357 2814 4416 es_ta_:
2825 4350 2951 4416 apud
2963 4351 3182 4416 Romam,
3205 4351 3484 4416 etJnnonis
3496 4354 3619 4416 apud

2025 4366 2267 4416 (noverim
2278 4366 2503 4414 rami-tr
2542 4366 2679 4401 mesv
2694 4366 2852 4401 estaea
2887 4366 2951 4401 ua
2963 4366 3182 4413 nomam,
3205 4366 3474 4402 eunnoms
3496 4366 3619 4414 apud

2025 4414 2285 4479 Achaiam,
2301 4421 2363 4479 et
2376 4366 2613 4479 “gallinis
2634 4413 2770 4479 apud
2785 4366 3025 4477 Deilphos.
3044 4421 3097 4464 et
3115 4414 3348 4479 Minerva:
3371 4419 3424 4463 et
3454 4412 3621 4479 Diana:
3666 4434 3671 4437 ·

2026 4474 2726 4590 οωηὶῡιιὶεθεὶεἮονοτίωἱιδ
2749 4474 3003 4541 (noveram
3036 4474 3174 4541 Par.)
3198 4477 3513 4527 continentes
3548 4475 3621 4526 vi-

2028 4551 2111 4590 ros
2132 4551 2188 4590 co
2229 4574 2242 4588 .
2341 4552 2467 4590 oaw.

2028 4551 2111 4590 ros
2132 4551 2242 4590 εοα.
2283 4551 2329 4589 ιν
2341 4552 2467 4591 οιιω.

1698 4701 2253 4769 COMMENTARIUS.
2346 4754 2353 4761 .

334 4867 403 4878 —
423 4834 544 4907 Dig.
584 4835 637 4890 in
666 4848 766 4907 suo
810 4845 975 4907 mser.
1006 4829 1122 4907 haec
1152 4829 1380 4907 i_n_serta_
1394 4825 1622 4907 reperit,
1653 4843 1770 4899 qua:
1795 4843 1923 4907 _oon

335 4899 543 4963 dubitat
559 4909 693 4977 Aug.
716 4903 963 4960 Neander
977 4902 1104 4977 quin
1122 4902 1190 4977 ab
1203 4900 1564 4977 ipso_Tertttll.
1579 4901 1687 4977 sint
1702 4899 1922 4977 scripta:

342 4977 470 5031 Item
514 4995 602 5051 per
640 4971 869 5051 sanctam
913 4971 1264 5051 propltrtideut
1311 4972 1546 5051 Priseam
1573 4971 1644 5051 an
1673 4971 1928 5051 evangeli-

340 5043 529 5111 zstur',
572 5050 707 5120 quod
754 5043 1234 5120 saucltﬁtsgminister
1296 5043 1687 5120 sanctimoniam
1735 5043 1927 5120 noverit

342 5113 648 5175 urinistrarc.
680 5118 1020 5189 Pariﬁcautia
1048 5118 1180 5172 enim
1197 5114 1492 5189 concordat,
1521 5116 1613 5180 ait,
1637 5122 1684 5168 et
1712 5113 1928 5189 visiones

343 5193 509 5247 vident
536 5200 583 5246 et
611 5182 848 5261 ponentes
875 5190 1058 5262 faciem
1082 5188 1318 5243 deorsum
1346 5186 1499 5262 etiam
1523 5201 1663 5240 uoces
1689 5182 1926 5251 audiunt,

345 5254 660 5330 nmuifestris,
693 5274 797 5315 (aut
814 5254 1063 5330 salutares
1086 5275 1237 5329 quant
1262 5267 1306 5313 et
1329 5254 1574 5330 occultas.

417 5325 568 5387 CW.
600 5325 789 5388 XII.—-
811 5329 886 5457 Sa)
914 5325 1449 5386 Tautw‘sollicitudine
1469 5345 1500 5380 a
1520 5325 1629 5381 Deo
1651 5335 1817 5408 petere
1836 5343 1933 5405 an:

417 5405 507 5457 bis.
533 5414 637 5457 etc.
660 5402 788 5457 Leai
837 5418 961 5457 tunc
991 5401 1187 5457 locum.
1218 5400 1312 5457 sed
1362 5399 1654 5455 immutatis
1683 5404 1933 5457 tantisper

347 5404 507 5467 deliis,
533 5414 637 5459 etc.
660 5402 788 5474 Legi
819 5396 961 5457 hunc
991 5401 1187 5470 locum,
1218 5400 1312 5457 sed
1362 5399 1654 5474 immutatis
1683 5396 1939 5474 tantisper

349 5476 529 5531 verbis
571 5493 584 5529 :
631 5468 772 5529 tanta
798 5474 1140 5530 sollicitudine
1173 5468 1360 5543 petere
1385 5468 1617 5538 audebis,
1645 5468 1782 5543 quod
1808 5469 1874 5543 in
1893 5478 1940 5523 te

352 5548 572 5618 positum
598 5545 889 5618 recusabis?
917 5545 1047 5618 Illud
1078 5539 1255 5600 autem
1285 5553 1371 5599 est
1408 5543 1547 5612 quod
1580 5539 1942 5618 ait'Aristides

350 5615 419 5674 ile
444 5617 699 5674 COIICOI‘d.
729 5617 795 5672 ad
817 5615 989 5673 Rhod.
1033 5623 1210 5673 ἆτοπςιν
1240 5619 1339 5683 τρῖς
1365 5618 1488 5678 θεοῖς
1513 5616 1740 5683 ὶναχλεῖν,
1784 5616 1943 5674 αὺτοῖς

2028 4827 2119 4908 Sic
2147 4828 2390 4900 objurgat
2417 4827 2645 4908 Graecos
2663 4823 3069 4908 Demosthenes,
3091 4821 3325 4908 fliilipp.
3354 4820 3442 4906 ll].
3481 4820 3622 4895 quod

2030 4894 2270 4956 facerent
2291 4894 2739 4971 quemadmodum
2766 4898 2797 4952 ii
2816 4896 2914 4971 qui
2940 4895 3253 4971 grandinem
3274 4894 3507 4966 jamjam
3527 4909 3624 4948 ea-

2028 4971 2245 5027 deutem
2295 4967 2558 5039 spectant,
2599 4968 2666 5023 ab
2696 4984 2762 5024 ea
2814 4967 3113 5039 incolumes
3139 4980 3218 5039 sep
3240 4975 3462 5039 optant,
3504 4979 3629 5021 cum

2032 5053 2208 5097 tamen
2237 5037 2414 5096 nullus
2439 5040 2508 5095 de
2534 5055 2595 5094 ea
2626 5038 2914 5095 avertenda
2935 5038 3166 5094 laboret.
3198 5037 3276 5093 Ls
3303 5038 3399 5092 Pu.

2101 5111 2257 5168 CAP.
2292 5110 2431 5167 XIII.
2449 5110 2613 5181 ——(b)
2635 5109 2891 5166 Accedunt
2906 5112 3059 5181 etiam
3079 5108 3348 5181 meritoria
3367 5105 3628 5181 e.serupla«-

2030 5186 2129 5260 ria.
2159 5184 2330 5260 Etiam
2352 5183 2492 5254 apud
2527 5177 2620 5238 eos
2649 5184 2738 5254 qui
2792 5177 3023 5260 pecudes
3068 5190 3125 5236 et
3175 5180 3338 5260 boves
3390 5177 3630 5260 immola—

2038 5256 2201 5322 bant,
2243 5255 2294 5310 in
2355 5247 2563 5309 summa
2592 5247 3058 5308 commendatione
3104 5249 3404 5306 castitatem
3464 5247 3630 5303 fuisse

2040 5325 2252 5380 tradidit
2302 5323 2668 5395 Porphyrius,
2720 5329 2862 5395 αἰνήν
2911 5348 2961 5379 τε
3017 5327 3193 5395 castris
3237 5324 3498 5390 “pigens
3545 5329 3633 5377 τὶν

2045 5406 2164 5468 ἱερθν
2190 5400 2315 5451 ὁσίαν
2342 5399 2424 5451 καὶ
2462 5393 2588 5459 θεοῖς
2617 5393 2980 5499 κεχαξισμὲνην.
3014 5393 3131 5449 RIG.

2119 5466 2191 5499 [οἳ
2228 5466 2435 5499 lfuini...-
2462 5466 2688 5499 nun-nlu-
2727 5465 2968 5499 Innnnhn
3009 5473 3131 5499 Inc”

2118 5466 2194 5542 (ρ)
2227 5466 2445 5542 Univira
2461 5463 2708 5538 pronuba.
2727 5463 2991 5542 Pronuba,
3009 5473 3145 5542 teste
3164 5463 3390 5542 Donato,
3406 5477 3474 5519 ex
3488 5471 3638 5532 parte

2045 5534 2228 5596 uxoris
2283 5534 2479 5607 nuptiis
2534 5536 2835 5609 praeeundis
2888 5547 2943 5609 et
2985 5534 3323 5609 comitandis
3357 5544 3635 5604 prmerat:

2046 5613 2186 5668 sicut
2219 5606 2443 5681 auspex.
2490 5606 2644 5679 cujus
2697 5607 2982 5681 etiamhic
3027 5606 3269 5681 meminit
3298 5606 3523 5681 Auctor,
3570 5618 3638 5681 ex_

355 5693 403 5743 δὲ
424 5701 496 5759 μθ.
518 5694 782 5762 βρὸλιᾳθιξ
829 5694 1056 5762 τράπεθ
1080 5688 1157 5759 ἄγ’
1184 5682 1298 5762 ἡμῖν
1326 5685 1446 5739 ε’ἷναιι
1502 5682 1628 5762 ξυιὲῖ
1682 5686 1780 5745 τοῖς
1827 5682 1948 5762 οερῖς

356 5756 537 5826 ubi-oh}
570 5756 987 5817 Ridiculam'esse
1009 5756 1140 5812 Deos
1167 5760 1401 5830 fatigare,
1428 5756 1574 5830 nolle
1591 5764 1759 5830 tamen
1784 5768 1844 5807 ea
1866 5757 1947 5824 fa-

357 5848 467 5888 cere
489 5824 602 5907 quis
629 5834 681 5888 iu
721 5838 896 5887 nostra
923 5824 1177 5903 potestate
1212 5824 1309 5883 sita
1331 5842 1457 5894 esse,
1488 5825 1576 5880 Dii
1604 5824 1704 5897 ipsi
1732 5834 1941 5879 norunt.

2052 5692 2211 5754 parte
2231 5673 2370 5754 viri,
2416 5681 2493 5737 sic
2542 5673 2718 5754 dictus
2745 5678 2885 5754 quod
2920 5676 3154 5754 aruspicis
3185 5677 3292 5730 sint
3319 5674 3458 5731 dicta
3482 5673 3641 5754 quasi

2050 5745 2301 5823 avispicia
2327 5767 2423 5823 pro
2451 5752 2646 5824 nuptiis
2673 5767 2741 5809 ex
2765 5745 2947 5808 volatu
2976 5745 3153 5803 avium
3178 5757 3398 5874 capptare
3417 5745 3637 5804 soleret.

3307 5831 3399 5874 ut.
