4052 6286
171 3829 212 3866 ιι

344 238 445 298 931
1754 226 2214 297 TERTULU‘ANI
3504 225 3509 231 ‘
3534 237 3637 307 933

349 365 402 413 te
446 353 645 412 lmdunt
692 354 783 427 qui
834 352 1146 418 abutuntur,
1198 348 1646 422 quemadmodum
1697 348 1787 420 qui
1838 364 1943 403 non
1971 347 2026 408 A
2054 349 2184 405 hens
2216 347 2464 416 educere,
2499 364 2617 421 qua:
2648 351 2700 405 in
2731 349 2881 407 illum
2908 349 3115 421 distulit
3142 349 3416 416 Dominus,
3446 366 3637 413 secun-

351 459 594 507 utuulnr.
613 449 809 504 Verum
834 463 1004 517 neque
1025 445 1352 501 continentia
1372 444 1631 514 ejusmodi
1656 442 1938 508 laudanda,

350 544 473 614 quia
515 541 765 597 hatretica
797 547 918 603 est;
963 552 1135 608 neque
1165 536 1381 599 licentia
1412 534 1743 591 defendenda
1771 577 1785 601 ,
1821 533 1944 604 quia

351 634 603 708 psychica
631 641 731 688 est.
765 631 858 687 Illa
887 630 1244 701 hlaspltemat,
1275 631 1372 684 ista
1405 631 1659 685 luxuriat.
1716 629 1807 684 Illa
1847 628 1945 683 de-

348 728 506 784 struit
535 726 839 794 nuptiarum
872 724 1055 787 Deum,
1078 723 1175 775 ista
1207 720 1502 775 confundit.
1525 722 1696 776 Penes
1724 735 1817 775 nos
1847 734 1945 773 au-

350 828 478 883 tem,
508 833 642 890 quos
670 817 974 889 spirituales
996 815 1186 871 merito
1212 814 1313 870 diei
1343 814 1466 871 facit
1492 815 1690 885 agnitio
1721 813 1800 883 (l)
1832 814 1945 883 spi-

348 911 583 969 ritalium
636 910 1066 975 charismatum,
1126 908 1456 963 continentia
1529 916 1638 962 tam
1700 906 1945 978 religiosa

351 1014 457 1072 est,
491 1018 649 1075 quam
678 1002 891 1058 licentia
919 1000 1219 1056 verecunda
1253 1041 1269 1067 ,
1320 998 1749 1070 quandoquidem
1777 998 1948 1051 amba:

352 1112 476 1153 cum
519 1095 777 1151 Creatore
826 1102 969 1148 sunt.
1022 1092 1362 1148 Continentia
1416 1092 1584 1161 legem
1635 1085 1941 1159 nuptiaru'm

353 1187 605 1254 honorat,
658 1187 870 1243 licentia
925 1193 1208 1256 temperat.
1257 1184 1352 1239 Illa
1399 1200 1505 1240 non
1553 1184 1798 1255 cogitur;
1852 1183 1948 1237 ista

352 1284 578 1354 regitur.
628 1278 723 1336 Illa
771 1278 1052 1335 arbitrium
1107 1277 1283 1341 habet,
1336 1278 1451 1333 lucc
1496 1277 1730 1332 modum.
1771 1276 1949 1354 mm

1770 1350 1979 1361 _——.

352 1371 755 1430 matrimonium
785 1371 1052 1433 novimus,
1084 1370 1222 1423 sicut
1249 1385 1412 1423 unum
1445 1369 1632 1424 Deum.
1662 1367 1829 1436 Magis
1855 1367 1950 1422 bo-

352 1481 540 1523 norem
574 1465 737 1521 refert
782 1464 866 1520 lex
898 1463 1221 1533 nuptiarum,
1257 1460 1344 1517 ubi
1377 1461 1539 1517 habet
1584 1470 1639 1517 et
1671 1460 1947 1531 pudorem.

354 1558 462 1615 Sed
510 1556 787 1629 Psycbicis
818 1569 926 1609 non
956 1553 1341 1624 recipientibus
1387 1552 1632 1623 Spiritum
1664 1596 1677 1620 ,
1726 1567 1787 1616 ea
1831 1567 1949 1623 qure

354 1658 480 1705 sunt
507 1648 726 1718 spiritus
758 1662 861 1700 non
896 1645 1128 1716 placent.
1186 1643 1285 1709 Ita,
1332 1644 1460 1698 dum
1512 1660 1631 1714 quae
1685 1651 1812 1697 sunt
1838 1644 1951 1714 spi-

355 1742 492 1798 ritus
523 1755 628 1794 non
686 1739 915 1810 placent,
948 1752 1009 1792 ea
1061 1752 1179 1806 quae
1225 1746 1349 1790 sunt
1389 1737 1573 1791 carnis
1629 1736 1949 1805 placebunt,

356 1843 415 1888 ut
453 1832 714 1887 contraria
747 1831 952 1901 spiritui
984 1829 1089 1902 (Ξ).
1128 1828 1278 1894 Caro,
1314 1830 1504 1899 inquit,
1564 1829 1806 1883 adversus
1846 1830 1956 1901 spi-

354 1926 507 1980 ritum
533 1924 859 1994 concupiscit,
906 1931 951 1976 et
1000 1922 1209 1991 spiritus
1238 1921 1476 1974 adversus
1527 1937 1731 1974 carnem
1782 1918 1949 1990 (Gut,

361 2017 575 2089 v.17).
622 2016 757 2086 Quid
806 2025 985 2071 autem
1033 2015 1375 2084 concupiscet
1417 2030 1562 2079 caro,
1620 2030 1776 2085 quam
1833 2030 1955 2083 qua:

358 2110 528 2180 magis
582 2109 760 2164 carnis
813 2108 982 2163 sunt?
1038 2107 1260 2176 Propter
1287 2106 1426 2177 quod
1478 2116 1531 2161 et
1578 2108 1628 2161 in
1665 2107 1959 2187 primordio

359 2212 611 2260 extranea
689 2202 904 2272 spiritus
963 2201 1095 2256 facta
1165 2211 1247 2256 est
1294 2200 1481 2266 :Non,
1546 2202 1718 2273 inquit
1774 2200 1951 2274 (Gem,

361 2295 559 2364 V1.5),
614 2294 921 2369 permanebit
976 2294 1186 2369 spiritus
1232 2310 1368 2348 meus
1416 2294 1467 2348 in
1511 2295 1620 2349 istis
1670 2295 1954 2350 hominibus

358 2391 413 2447 in
452 2406 632 2455 tecum,
663 2405 721 2445 eo
750 2389 886 2460 quod
915 2404 1034 2443 caro
1065 2388 1186 2442 sint.

990 2479 1216 2536 CAPUT
1260 2480 1323 2534 II.

436 2577 619 2648 Itaque
650 2573 1000 2645 Monogamice
1034 2572 1370 2643 disciplinam
1407 2572 1459 2627 in
1501 2572 1748 2629 haeresim
1767 2589 1959 2646 expro-

362 2670 521 2725 brant
540 2669 639 2742 (5).
662 2667 770 2723 Nec
793 2665 895 2722 ulla
918 2667 1085 2737 magis
1106 2682 1170 2721 ex
1195 2682 1379 2721 caussa
1412 2667 1742 2725 Paraclctum
1764 2684 1960 2740 negare

363 2770 646 2834 coguntur,
669 2775 827 2832 quam
846 2758 971 2813 dum
999 2758 1309 2813 existimant
1335 2774 1483 2814 novae
1500 2759 1796 2832 disciplina:
1818 2762 1961 2819 insti-

366 2866 620 2920 tutorem,
650 2863 704 2909 et
730 2853 949 2925 quidem
979 2853 1279 2908 durissima:
1312 2854 1391 2924 (4)
1422 2854 1527 2909 illis
1558 2895 1573 2921 ,
1636 2866 1689 2909 ut
1731 2855 1843 2927 jam
1893 2858 1961 2913 de

365 2949 469 3006 hoc
498 2949 728 3020 primum
768 2945 1168 3001 consistendum
1201 2946 1266 3000 sit
1300 2946 1350 3001 in
1381 2946 1462 3016 (ὅ)
1493 2947 1729 3017 generali
1760 2957 1962 3005 retrac-

363 3051 498 3096 tatu.
553 3042 635 3094 An
687 3039 865 3109 capiat
910 3037 1242 3092 Paracletum
1292 3036 1489 3107 aliquid
1544 3038 1647 3093 tale
1692 3038 1958 3107 docuisse,

366 3131 508 3204 quod
554 3139 647 3187 aut
696 3145 895 3187 novum
944 3130 1189 3201 deputari
1221 3131 1388 3202 possit
1435 3131 1696 3187 adversus
1735 3132 1961 3189 catholi-

1728 3204 2003 3218 *υ--ι

368 3332 491 3373 nam
546 3315 753 3371 Domini
786 3314 915 3387 (6)?
949 3316 1022 3371 De
1060 3324 1288 3386 utroque
1334 3324 1512 3371 autem
1544 3316 1657 3393 ipse
1706 3317 1962 3373 Dominus

368 3407 748 3481 pronuntiavit.
779 3407 973 3463 Dieens
1002 3407 1148 3462 enim
1177 3412 1208 3461 ‘:
1250 3406 1432 3460 Adhuc
1479 3408 1637 3461 multa
1667 3409 1825 3463 habeo
1850 3425 1965 3479 qua:

369 3504 552 3573 loquar
576 3500 645 3555 ad
674 3516 782 3567 vos,
810 3500 900 3554 sed
952 3500 1178 3554 nondum
1221 3499 1429 3569 potestis
1472 3509 1678 3570 portare
1721 3517 1779 3555 ea
1806 3517 1823 3555 :
1849 3518 1963 3556 cum

368 3597 558 3651 venerit
595 3593 821 3665 Spiritus
859 3593 1101 3661 Sanctus,
1130 3592 1217 3648 ille
1242 3608 1327 3647 vos
1356 3592 1499 3647 ducet
1530 3593 1582 3647 in
1612 3610 1810 3648 omnem
1840 3596 1967 3649 veri-
1988 3614 2010 3625 ξ

375 3696 529 3742 tatem
572 3685 709 3757 (10.,
764 3684 904 3752 XVI,
938 3685 1030 3755 12)
1059 3727 1073 3751 ,
1106 3684 1236 3739 satis
1263 3685 1448 3756 utique
1475 3684 1763 3755 prietendit
1789 3701 1850 3741 ea
1877 3701 1968 3742 ac-

212 3828 237 3865 ν
272 3796 351 3835 ὀί
373 3788 554 3835 turum
586 3777 733 3834 illum
764 3792 883 3848 qua:
913 3785 967 3832 et
995 3791 1129 3837 nova
1158 3775 1455 3840 existimari
1483 3776 1709 3846 possint,
1745 3787 1804 3832 ut
1829 3794 1967 3833 nun-

372 3889 533 3946 quam
564 3881 711 3929 retro
738 3871 879 3928 edita
905 3914 920 3939 ,
967 3880 1022 3928 et
1070 3870 1344 3941 aliquanto
1373 3884 1599 3925 onerosa
1627 3913 1641 3938 ,
1676 3879 1734 3927 ut
1768 3870 1968 3927 idcirco

372 3981 481 4024 non
510 3966 672 4022 edita.
708 3962 871 4035 Ergo,
903 3962 1098 4034 inquis,
1128 3961 1232 4019 hac
1269 3963 1731 4034 argumentatione
1756 3964 1968 4035 quidvis

372 4074 568 4116 novum
603 4068 656 4113 et
683 4071 969 4112 onerosmu
1021 4055 1294 4112 Paraeleto
1321 4054 1550 4111 adscribi
1596 4056 1826 4125 poterit,
1869 4057 1968 4113 etsi

374 4153 443 4209 ab
484 4149 802 4208 adversario
842 4149 1034 4220 spiritu
1074 4148 1256 4203 fuerit.
1302 4148 1417 4204 Non
1464 4150 1666 4218 utique.
1701 4150 1971 4205 Adversa-

373 4244 487 4301 rius
514 4243 660 4298 enim
691 4241 911 4311 spiritus
938 4256 1007 4294 ex
1042 4240 1357 4295 diversitate
1384 4241 1779 4309 praedicationis
1807 4257 1967 4314 appa-

375 4345 520 4394 reret
546 4336 650 4407 (7),
684 4333 856 4404 primo
883 4332 1118 4402 regulam
1148 4331 1457 4386 adulterans
1489 4332 1627 4396 fidei,
1678 4343 1741 4407 et
1770 4335 1974 4407 ita__o_t:

1022 4415 1067 4419 ..-
1084 4412 1307 4419 ---η--ν-ιην-

375 4427 556 4485 dinem
585 4426 895 4483 adulterans
918 4414 1394 4494 discip'l—iirﬁ‘quia
1424 4424 1575 4494 cujus
1600 4426 1799 4496 gradus
1827 4428 1972 4496 prior

322 4501 1364 4593 mil
1395 4527 1476 4572 est
1504 4519 1644 4583 ﬁdei,
1677 4535 1793 4589 qua:
1824 4521 1971 4589 prior

2048 440 2175 496 dum
2208 440 2633 512 prretiuitionem,
2666 443 2838 514 ipsum
2870 443 3044 514 primo
3071 439 3339 498 Christum
3368 452 3639 511 contesta-

2050 536 2218 604 hitur,
2249 536 2456 606 qualem
2483 537 2771 604 credimus,
2802 554 2923 593 cum
2955 545 3067 593 toto
3092 536 3276 593 ordine
3304 536 3396 593 Dei
3425 534 3641 593 Creato-

2052 628 2147 694 ris,
2181 637 2236 684 et
2263 629 2445 699 ipsum
2467 629 2806 700 glorilicabit,
2838 638 2890 685 et
2923 629 2991 685 de
3018 629 3133 701 ipso
3163 624 3640 697 commeniorabit;

2050 728 2105 775 et
2168 722 2245 775 sic
2302 720 2371 777 de
2435 722 2717 792 principali
2786 722 2968 793 regula
3035 722 3245 791 agnitus
3287 763 3302 788 ,
3345 721 3433 779 illa
3482 721 3643 777 multa

2051 828 2171 885 quae
2216 822 2343 869 sunt
2407 814 2810 885 disciplinarum
2862 814 3146 880 revelabit,
3204 813 3361 889 ﬁdem
3434 814 3645 872 dicente

2052 919 2148 976 pro
2183 906 2261 961 eis
2306 907 2608 976 integritate
2650 906 3046 977 prazdicatiouis
3073 906 3099 971 ,'
3133 906 3259 961 licet
3302 906 3490 973 novis,
3525 908 3645 978 quia

2052 1011 2196 1052 nunc
2222 998 2527 1053 revelantur
2552 1014 2566 1063 ;
2598 998 2719 1054 licet
2750 999 3017 1063 onerosis,
3041 998 3164 1069 quia
3190 1013 3289 1053 nec
3318 1014 3459 1053 nunc
3489 1000 3646 1053 susti-

2052 1098 2279 1155 nentur;
2311 1106 2416 1145 non
2448 1090 2670 1146 alterius
2700 1100 2877 1145 tamen
2908 1089 3127 1155 Christi,
3153 1105 3310 1163 quam
3332 1092 3421 1163 qui
3454 1089 3648 1147 habere

2053 1194 2112 1236 se
2136 1180 2288 1246 dixit,
2313 1190 2366 1237 et
2392 1181 2494 1235 alia
2522 1182 2705 1248 multa,
2736 1191 2856 1253 qua:
2885 1197 2913 1234 a
2948 1181 3232 1238 Paracleto
3256 1182 3644 1251 edocerentur;

2054 1289 2159 1327 non
2190 1273 2367 1329 minus
2406 1274 2522 1328 istis
2552 1288 2820 1340 onerosa,
2866 1288 3027 1347 quam
3072 1274 3176 1347 illis
3218 1290 3248 1328 a
3301 1274 3495 1347 quibus
3522 1289 3650 1332 non-

2053 1360 2178 1421 dum
2210 1375 2333 1421 tunc
2356 1365 2775 1422 sustinebantur.

2676 1456 2904 1513 CAPUT
2944 1456 3024 1511 III.

2123 1549 2229 1605 Sed
2261 1566 2326 1604 an
2358 1564 2582 1605 onerosa
2630 1549 2968 1620 monogamia
2995 1591 3009 1617 ,
3040 1548 3235 1604 viderit
3262 1548 3441 1605 adhuc
3478 1550 3651 1621 impu-

2055 1643 2191 1699 dens
2224 1644 2508 1699 inﬁrmitas
2537 1644 2734 1699 carnis.
2765 1646 2844 1699 An
2878 1652 3054 1699 autem
3087 1659 3243 1710 nova,
3273 1643 3344 1701 de
3374 1645 3474 1700 hoc
3519 1646 3653 1700 inte-

2062 1737 2162 1789 rim
2202 1745 2431 1790 constet.
2473 1736 2602 1790 Illud
2628 1736 2772 1791 enim
2798 1736 3025 1807 amplius
3064 1736 3313 1801 dicimus,
3348 1736 3656 1795 etiamsito-

2072 1840 2177 1882 tam
2211 1839 2264 1883 ct
2291 1830 2515 1883 solidum
2551 1828 2912 1899 virginitatem
2941 1829 3055 1884 sive
3083 1830 3469 1885 continentiam
3497 1829 3655 1885 Para-

2057 1922 2224 1976 cletus
2282 1911 2440 1976 hodie
2489 1922 2918 1988 determinasset,
2971 1931 3030 1976 ut
3068 1936 3135 1977 ne
3164 1923 3284 1977 unis
3313 1921 3530 1992 quidem
3557 1938 3655 1983 nu-

2064 2015 2185 2084 ptiis
2239 2016 2500 2070 fervorem
2557 2017 2737 2071 carnis
2798 2015 3119 2086 despumare
3177 2017 3550 2088 permitteret,
3584 2017 3658 2071 sic

2060 2124 2270 2179 quoque
2297 2108 2425 2162 nihil
2458 2109 2578 2163 novi
2609 2108 2863 2167 inducere
2922 2108 3233 2173 videretur;
3268 2110 3415 2180 ipso“
3438 2110 3659 2163 Domino

2059 2188 2384 2270 spadonibus
2432 2200 2707 2271 aperiente
2750 2215 2910 2274 regna
2951 2200 3211 2271 (telorum
3239 2199 3653 2273 (Matth.,XlX,

2062 2289 2176 2363 12),
2209 2291 2284 2363 (u)
2327 2301 2382 2344 ut
2432 2300 2484 2346 et
2543 2293 2658 2361 ipso
2709 2292 2985 2365 spadone;
3060 2292 3127 2348 ad
3195 2308 3354 2363 quem
3414 2301 3659 2365 spectans

2059 2393 2114 2440 et
2144 2385 2452 2455 Apostolus,
2487 2395 2769 2456 propterea
2799 2396 2856 2441 et
2892 2388 3007 2459 ipse
3033 2396 3304 2443 castratns
3330 2428 3348 2454 ,
3380 2388 3658 2443 continen-

2065 2477 2190 2533 tiam
2236 2477 2458 2532 mavult.
2490 2477 2597 2533 Sed
2632 2479 2805 2545 salvo,
2839 2478 3036 2549 inquis,
3059 2479 3180 2548 jure
3206 2480 3470 2537 nubendi.
3502 2480 3658 2536 Plane

2063 2569 2253 2633 salvo;
2319 2578 2375 2623 et
2427 2568 2731 2624 videbimus
2781 2585 3099 2649 quousque;
3158 2570 3511 2628 nihilominus
3552 2572 3657 2641 jam

2064 2678 2127 2721 ex
2174 2680 2234 2720 ea
2281 2674 2433 2733 parte
2482 2663 2787 2728 destructo,
2838 2680 2941 2735 qua
2994 2665 3383 2721 ccntiuentiam
3429 2665 3655 2737 praefert.

2064 2755 2308 2821 Bonum,
2378 2758 2588 2829 inquit,
2646 2758 2838 2815 homini
2898 2759 3159 2819 mulierem
3210 2776 3313 2815 non
3378 2742 3660 2832 contingere

2068 2848 2301 2925 (ICor.,
2342 2852 2449 2915 \‘ll,
2482 2848 2557 2925 l).
2591 2852 2734 2924 Ergo
2763 2854 2962 2921 malum
2990 2863 3073 2909 est
3097 2854 3436 2925 contingere.
3467 2854 3541 2927 (b)
3572 2854 3659 2910 Ni-

2069 2944 2142 2998 hil
2174 2945 2315 2999 enitn
2344 2946 2487 3001 bono
2514 2947 2869 3012 contrarium,
2911 2946 3011 3002 nisi
3053 2949 3274 3003 malum.
3308 2948 3545 3020 Ideoque
3568 2965 3658 3005 su-

2070 3053 2307 3107 peresse,
2341 3048 2398 3094 ut
2418 3048 2473 3095 et
2499 3041 2587 3111 qui
2616 3040 2849 3099 habeant
2875 3057 3072 3097 uxores
3103 3043 3180 3098 sic
3206 3044 3340 3111 sint,
3374 3045 3531 3119 quasi
3557 3059 3657 3100 non

2068 3130 2349 3199 habeant;
2404 3148 2509 3205 quo
2558 3135 2727 3206 magis
2772 3135 2860 3205 qui
2909 3152 3015 3190 non
3063 3134 3282 3204 habent,
3328 3136 3534 3194 habere
3558 3154 3659 3194 non

367 3224 876 3302 camitLaditionem,
901 3235 1293 3279 autouerosum
1315 3223 1576 3280 adversus
1604 3226 1774 3282 levem
1801 3227 1964 3281 sarci-
1989 3237 2034 3300 ς,
2070 3225 2324 3281 debeant.
2359 3225 2555 3281 Reddit
2579 3229 2738 3281 etiam
2767 3242 2986 3283 caussas
3006 3243 3100 3284 cur
3134 3227 3204 3282 ita
3236 3230 3494 3298 suadeat;
3526 3231 3662 3302 quod

2070 3321 2276 3393 intntpti
2303 3321 2369 3378 de
2394 3322 2503 3377 Deo
2527 3323 2800 3393 cogitent:
2832 3323 2981 3392 nupti
3019 3340 3137 3378 vero
3164 3324 3423 3391 quomodo
3462 3327 3513 3380 in
3553 3342 3663 3380 ma-

2070 3414 2305 3468 trimonio
2334 3415 2444 3484 quis
2474 3431 2567 3469 suo
2590 3414 2785 3484 placeat
2810 3415 2851 3486 (l
2878 3413 3024 3483 Cor.,
3064 3415 3176 3481 VII,
3208 3413 3325 3488 52).
3356 3418 3425 3472 Et
3452 3434 3662 3488 possum

2070 3505 2397 3561 contendere
2422 3526 2434 3561 :
2463 3521 2569 3561 non
2594 3522 2740 3562 mere
2756 3490 2957 3562 bonum
2979 3522 3117 3571 esse,
3147 3508 3291 3581 quod
3319 3511 3658 3580 permittitur.

2070 3598 2221 3666 Quod
2267 3600 2408 3654 enim
2459 3615 2608 3656 mere
2647 3599 2843 3656 bonum
2887 3610 2990 3665 est,
3033 3617 3141 3657 non
3179 3604 3526 3674 permittitur,
3569 3604 3663 3662 sed

2071 3691 2212 3747 ultro
2243 3691 2384 3747 licet.
2412 3692 2703 3749 Permissio
2730 3692 2893 3749 habet
2909 3709 3176 3758 caussam.
3196 3696 3486 3769 aliquando
3505 3706 3561 3755 et
3580 3713 3666 3755 ne-

2072 3784 2345 3841 cessitatis
2375 3783 2476 3857 (8).
2510 3786 2771 3856 Denique,
2825 3791 2885 3861 in.
2908 3788 3008 3843 hac
3034 3790 3221 3858 specie
3246 3805 3352 3846 non
3376 3801 3461 3849 est
3481 3792 3666 3847 volun-

2073 3885 2153 3931 tas
2186 3874 2545 3946 permittentis
2579 3877 2805 3933 nubere.
2837 3878 2994 3934 Aliud
3030 3880 3174 3936 enim
3206 3882 3320 3937 vult
3348 3899 3361 3935 :
3403 3881 3533 3938 Volo
3554 3898 3662 3949 vos,

2073 3969 2263 4040 inquit,
2287 3984 2459 4022 omnes
2484 3969 2556 4022 sic
2580 3985 2706 4034 esse,
2734 3970 2991 4041 quomodo
3013 3981 3061 4026 et
3085 3988 3175 4043 ego
3201 3971 3248 4043 (I
3272 3971 3412 4039 Con,
3451 3973 3562 4042 VII,
3585 3973 3664 4047 7).

2074 4061 2141 4118 Et
2191 4076 2311 4116 cum
2369 4060 2604 4116 ostendit
2648 4062 2840 4117 melius
2882 4077 3003 4119 esse
3059 4063 3161 4137 (9),
3209 4066 3336 4136 quid
3385 4066 3567 4138 utique
3607 4081 3668 4122 se

2074 4155 2212 4209 velle
2236 4154 2509 4220 continuat,
2541 4171 2699 4225 quam
2729 4154 2869 4225 quod
2900 4157 3092 4211 melius
3119 4172 3239 4212 esse
3271 4160 3577 4228 praemisit?
3601 4158 3670 4214 Et

2076 4246 2166 4312 ita,
2210 4246 2252 4301 si
2302 4246 2447 4300 aliud
2479 4262 2636 4316 quam
2681 4249 2820 4316 quod
2850 4249 3018 4302 voluit
3056 4250 3333 4317 permittit,
3366 4252 3669 4307 nonvolun-

2078 4346 2204 4401 tate,
2238 4337 2330 4390 sed
2373 4338 2689 4392 necessitate
2734 4339 3072 4408 permittens,
3120 4357 3223 4394 non
3274 4357 3420 4397 ntere
3466 4349 3667 4399 bonum
3766 4382 3769 4383 ν

2076 4429 2330 4494 ostendit,
2365 4428 2509 4497 quod
2562 4430 2760 4483 invitus
2789 4430 3031 4487 indulsit.
3064 4433 3298 4503 Denique
3350 4450 3473 4489 cum
3500 4435 3667 4501 dicit,

2081 4520 2265 4574 Melius
2305 4530 2374 4573 est
2402 4522 2584 4575 nubere
2625 4539 2775 4588 quam
2804 4525 3104 4594 uri;qnale
3144 4525 3193 4579 id
3240 4526 3435 4580 bonum
3467 4526 3669 4583 intelli-

376 4627 457 4676 est
477 4616 779 4688 disciplina.
805 4615 944 4669 Ante
970 4613 1088 4682 quis
1115 4612 1180 4667 de
1204 4611 1312 4666 Deo
1343 4610 1627 4666 hmreticus
1654 4612 1721 4666 sit
1750 4627 1972 4668 necesse
1999 4628 2051 4687 D
2078 4614 2307 4685 gendum
2336 4622 2438 4678 est,
2464 4613 2605 4684 quod
2632 4616 2822 4670 melius
2848 4627 2929 4671 est
2956 4633 3110 4688 pretia
3131 4617 3155 4671 ἲ
3179 4618 3319 4690 quod
3348 4635 3453 4674 non
3494 4628 3669 4689 potest

375 4720 479 4781 est,
509 4719 565 4767 et
598 4719 726 4766 tunc
754 4708 820 4764 de
849 4708 1109 4767 instituto.
1144 4705 1448 4762 Paraclelus
1477 4714 1652 4760 autem
1685 4705 1845 4761 multa
1885 4708 1977 4762 ha~

2086 4707 2269 4791 videri.
2304 4706 2533 4776 melius,
2576 4708 2677 4763 nisi
2732 4711 2967 4782 pessimo
3008 4715 3417 4785 comparatum?
3461 4715 3669 4773 Bonum

1606 4822 1985 4901 moriones
2025 4821 2431 4883 VARIANTES.

461 4947 512 5052 ξ)

463 5010 512 5076 ὲ)
537 5010 787 5063 contraria
805 5010 1004 5072 spiritus
1026 5010 1178 5058 Rhen.

461 5076 513 5145 τῇ)
538 5069 991 5145 β-χρτρὺπιιιμηεη.

436 5074 513 5200 (5';
538 5074 818 5149 Euprobaut
841 5074 966 5121 Rhen

440 5136 517 5263 (ἒ)
539 5142 795 5249 Ιέἷιίεῇἓιτξξ
815 5132 966 5184 ltlten.

2162 4938 2214 4999 ὁ)
2238 4934 2429 4985 Domini
2451 4933 2582 4987 abest
2606 4936 2756 4989 Itlten.
2776 4941 2897 4991 Par.

2163 5000 2212 5067 7)
2236 5000 2456 5067 {apparet
2479 4999 2623 5067 Leop.

2166 5062 2216 5126 β)
2240 5060 2522 5126 necessitas
2541 5060 2693 5113 Seml.

2158 5122 2210 5185 9)
2238 5122 2356 5172 lisse
2379 5123 2513 5187 quid,
2537 5126 2709 5190 utique
2730 5125 2880 5177 Seml.

1120 5348 1128 5357 .
1400 5364 1411 5373 η
1747 5290 2306 5350 COMMENTARIUS.

377 5400 639 5473 Septimio
665 5395 926 5473 Psychici,
945 5393 1031 5473 qui
1055 5401 1110 5473 et
1134 5385 1815 5473 Catltolici.lltG.—I]riqus
1835 5396 1968 5470 tuos.
2075 5396 2131 5442 et
2158 5403 2243 5473 [ett
2271 5385 2475 5473 vjfgjpe
2504 5395 2683 5473 [talum
2716 5387 2897 5445 ﬁtiSSB-
2920 5390 2997 5473 LI?
3024 5390 3120 5446 PR-

378 5474 436 5529 Si
455 5458 620 5542 'legas
646 5458 847 5542 urigas,
877 5458 1023 5542 quasi
1063 5463 1132 5517 ab
1170 5458 1405 5542 urendo,
1430 5461 1530 5542 hoc
1554 5467 1645 5542 est
1674 5458 1970 5542 qui'prnri-

415 5530 558 5600 inedi
577 5530 1076 5601 velutivtnOVebunt,
1112 5532 1237 5602 quid
1266 5532 1527 5602 juvabunt
1554 5530 1644 5602 illa
1670 5538 1972 5584 commenta

425 5612 604 5670 amelii
649 5613 715 5667 de
766 5608 965 5677 aurigis
993 5608 1043 5661 in
1064 5600 1227 5660 Circo
1253 5601 1453 5677 Rom?
1592 5600 1689 5677 I’n.

453 5685 604 5743 CAP.
633 5683 796 5738 ML—
815 5671 912 5752 (τι)
928 5677 996 5752 Ut
1026 5689 1071 5752 et
1097 5678 1209 5752 ipso
1225 5672 1469 5742 spadone.
1505 5672 1618 5725 Etsi
1644 5671 1855 5752 vox-illa
1875 5686 1976 5752 qua

384 5758 632 5817 Christus
658 5744 914 5809 Dominus
940 5749 1291 5823 signiﬁcatur,
1322 5757 1512 5823 parum
1545 5744 1979 5823 conveniatcxi-

387 5812 508 5893 trtihc
536 5827 697 5887 illius
729 5812 1050 5899 integritati,
1086 5817 1260 5875 nullus
1304 5812 1512 5870 dubitat
1556 5830 1679 5871 cum
1724 5813 1979 5888 virginem

2154 5456 2232 5539 (b)
2266 5455 2573 5539 tilitait‘enim
2604 5460 2734 5515 bono
2772 5465 3081 5539 contrarium
3111 5463 3221 5539 nisi
3258 5461 3469 5539 malum.
3497 5463 3664 5539 Paulo

2080 5528 2242 5584 latius
2292 5528 2380 5582 hic
2423 5536 2616 5584 tractat
2659 5531 2803 5611 quod
2846 5534 3079 5605 prmeed.
3111 5528 3555 5611 [ἰῐιητιιῑίεἰίιοίψἔ
3603 5536 3659 5611 5.

2081 5615 2149 5678 ex
2178 5614 2423 5678 _(_|_t1ut‘tlttt
2479 5611 2726 5678 tttroqtte_
2769 5600 2879 5678 ipsa
2918 5620 3061 5678 pene
3114 5606 3271 5660 verba
3326 5600 3661 5678 transcripsit

2084 5671 2549 5746 B.‘_Ili_eronyntus,
2582 5674 2673 5728 lib.
2708 5674 2727 5728 Ι
2753 5676 2870 5729 adv.
2898 5671 3050 5730 Jovin
3080 5718 3093 5741 ,
3139 5691 3257 5746 qua:
3286 5671 3660 5744 qttomodo'in-

2087 5742 2550 5821 telligiupossuut,
2592 5760 2709 5821 non,
2748 5754 2803 5800 ut
2843 5742 3171 5821 damnentur
3209 5742 3392 5815 prima:
3434 5748 3650 5821 nuptite,

2086 5814 2319 5872 ostendit
2347 5816 2554 5889 apolog.
2586 5816 2651 5873 ad
2679 5817 3095 5877 I’ammachium.
3132 5814 3264 5876 Pin.
