4052 6286
452 211 557 273 935
1722 216 1940 286 LIBER.
1975 224 2068 295 ut:
2105 222 2534 288 MONOGAMIA.
2628 210 2632 215 ’
3653 244 3760 307 ast

448 324 576 381 illud
606 334 711 394 est,
744 328 884 401 quod
919 345 1011 401 per
1032 348 1093 392 se
1122 335 1226 390 hoc
1256 348 1453 393 nomen
1496 342 1663 403 tenet,
1687 337 1805 394 sine
1828 353 2046 410 compa-
2070 338 2127 400 Α
2150 339 2343 399 dehinc
2369 343 2421 398 in
2455 345 2838 418 Apostolorum
2863 351 2982 422 ejus
3009 362 3113 409 tam
3138 355 3375 412 consiliis
3396 372 3554 429 quam
3574 372 3759 415 exem-

446 420 653 473 rationc
702 434 809 477 non
856 422 978 480 dico
1031 427 1196 495 mali,
1248 426 1342 482 sed
1398 430 1561 485 etiam
1611 430 1736 486 boni
1789 432 2047 498 alterius;

446 517 503 565 ut
532 509 576 565 si
602 519 658 565 et
705 512 794 566 alii
846 514 928 586 (l)
959 515 1101 572 bono
1130 529 1498 588 comparatum
1546 520 1894 579 adumbretur
1918 565 1931 590 ,
1964 538 2050 579 re-

444 611 660 657 maneat
688 603 1035 665 nihilominus
1086 610 1137 665 in
1192 609 1318 665 boni
1366 613 1601 669 nomine.
1650 612 1940 679 Caeterum,
2000 617 2045 671 si

444 709 543 765 per
592 697 716 751 mali
759 699 1101 757 collationem
1157 705 1365 776 cogitur
1391 706 1587 762 bonum
1630 708 1756 777 dici,
1787 724 1892 765 non
1938 718 2042 765 tam

441 785 639 842 bonmn
666 798 751 845 est
775 807 934 865 quam
978 809 1148 867 genus
1190 795 1315 851 mali
1360 795 1655 864 inferioris,
1695 803 1835 872 quod
1864 801 1930 855 ab
1959 801 2040 857 al-

441 880 578 937 tiore
621 884 762 943 malo
790 884 1160 953 obscuratttm,
1208 889 1275 943 ad
1326 905 1523 962 nomen
1568 891 1691 947 boni
1726 892 2037 964 impellitur.

437 974 604 1031 Aufer
655 975 886 1049 denique
944 980 1329 1042 conditionem.
1379 994 1435 1038 ut
1492 999 1599 1040 non
1651 986 1822 1054 dicas,
1851 986 2039 1042 Melius

436 1074 510 1131 est
539 1066 725 1122 nubere
759 1084 915 1139 quam
942 1072 1057 1139 uri;
1085 1081 1140 1127 et
1169 1089 1354 1142 quzcro
1379 1090 1446 1129 an
1474 1074 1656 1132 dicere
1681 1077 1901 1143 audeas,
1931 1078 2038 1134 Me-

437 1157 538 1214 lius
567 1160 809 1229 nubere;
860 1177 965 1219 non
1014 1164 1275 1237 adjiciens
1304 1184 1412 1240 quo
1448 1170 1643 1225 melius
1671 1172 1760 1227 sil.
1796 1172 1881 1227 Fit
1906 1188 2036 1243 ergo

429 1248 539 1319 jam
589 1265 694 1307 non
739 1253 973 1325 melius;
1022 1265 1077 1310 et
1119 1255 1246 1312 dum
1294 1274 1398 1313 non
1430 1259 1642 1324 melius,
1674 1278 1773 1317 nec
1811 1264 2031 1332 bonum,

432 1344 641 1400 sublata
672 1347 1007 1417 conditione,
1040 1366 1160 1419 qua:
1189 1351 1315 1407 dum
1345 1353 1536 1410 melius
1568 1355 1696 1410 illud
1726 1356 1853 1411 facit
1879 1359 1986 1413 alio
2014 1400 2028 1423 ,

431 1435 501 1489 ita
557 1437 756 1494 bonum
809 1440 993 1497 haberi
1039 1445 1201 1515 cogit.
1236 1444 1425 1501 Melius
1473 1457 1556 1505 est
1607 1464 1768 1503 unum
1819 1450 2029 1506 oculum

430 1529 697 1595 amittere,
730 1547 889 1603 quam
918 1532 1053 1590 duos
1084 1553 1097 1589 :
1133 1535 1178 1591 si
1213 1547 1391 1592 tamen
1416 1537 1667 1595 discedas
1690 1556 1719 1594 a
1751 1557 2029 1613 compara-

431 1621 575 1678 tione
606 1623 729 1679 tnali
759 1625 844 1695 (2)
896 1626 1195 1698 utriusque,
1246 1644 1351 1683 non
1376 1630 1478 1685 erit
1506 1632 1695 1687 melius
1719 1648 1880 1688 unum
1903 1650 2030 1690 ocu-

2154 432 2278 504 plis.
2308 433 2445 499 Olim
2492 441 2759 497 sanctitati
2812 443 2934 500 huic
2981 446 3396 521 destinabamur.
3449 450 3591 507 Nihil
3632 456 3757 510 novi

2153 526 2460 585 l’aracletus
2512 532 2735 591 inducit.
2767 535 2919 605 Quod
2960 543 3300 610 praemonuit,
3345 543 3568 601 definit:
3611 547 3753 618 quod

2151 622 2418 687 sustinuit,
2449 629 2711 695 exposcit.
2748 627 2814 685 Et
2841 646 2982 685 nunc
3012 636 3309 707 recogitans
3335 636 3456 704 ista,
3499 638 3651 696 facile
3683 640 3751 696 ti-

2149 711 2199 767 bi
2244 717 2587 784 persuadebis
2613 721 2781 777 multo
2801 724 2969 795 magis
2994 728 3178 782 unicas
3199 729 3409 801 nuptias
3429 733 3751 803 competisse

2148 803 2426 862 Paracleto
2454 811 2746 877 praedicare
2769 854 2785 879 ,
2819 818 2908 886 qui
2941 819 3110 885 potuit
3138 827 3193 873 et
3233 820 3407 878 nullas
3428 862 3442 887 ,
3476 823 3749 897 magisque

2146 899 2470 957 credendum
2496 900 2828 976 temperasse
2875 909 3021 964 illum
3043 954 3058 978 ,
3090 914 3230 985 quod
3258 923 3312 969 et
3338 917 3621 975 abstulisse
3646 919 3745 977 de-

2143 992 2361 1058 cuisset,
2393 996 2437 1049 si
2461 1012 2574 1068 qua:
2598 999 2987 1063 velitChristus
3021 1002 3302 1078 intelligas.
3351 1008 3408 1064 lti
3459 1008 3561 1065 hoc
3607 1028 3744 1089 quo-

2142 1098 2246 1157 que
2297 1086 2370 1157 (ε)
2432 1088 2763 1145 Paracletum
2824 1107 3117 1164 agnoscere
3166 1098 3333 1155 debes
3390 1086 3738 1173 advocatum,

2140 1177 2281 1246 quod
2333 1194 2362 1232 a
2410 1188 2515 1235 tota
2559 1183 2885 1245 continentia
2928 1186 3287 1247 infirmitatem
3326 1204 3467 1251 tuam
3495 1206 3736 1255 excusat.

2745 1319 2972 1378 CAPUT
3014 1323 3113 1380 IV.

2209 1426 2434 1484 Secedat
2463 1446 2602 1485 nunc
2654 1434 2855 1489 mentio
2899 1434 3175 1504 Paracleti,
3203 1449 3262 1494 ut
3307 1443 3472 1498 nostri
3507 1446 3734 1519 alicujus

2136 1520 2391 1579 auctoris.
2411 1523 2730 1582 Evolvamus
2749 1531 3053 1586 communia
3079 1532 3431 1605 instrumenta
3450 1540 3733 1610 scriptura-

2133 1626 2249 1665 rum
2275 1613 2634 1681 pristinarum.
2653 1616 2762 1674 lloe
2789 1619 2958 1689 ipsum
2977 1620 3377 1683 demonstratur
3394 1643 3422 1682 a
3440 1631 3611 1696 nobis,
3633 1648 3733 1689 ne-

427 1711 537 1767 lum
570 1714 766 1771 habere
796 1732 809 1783 ;
838 1718 959 1787 quia
990 1734 1089 1773 nec
1119 1719 1341 1774 bonum.
1373 1720 1510 1790 Quid
1541 1737 1701 1787 nunc,
1736 1724 1778 1779 si
1807 1740 2009 1782 omnctr

2134 1719 2236 1775 que
2258 1721 2477 1773 novam,
2514 1725 2685 1780 neque
2706 1723 3014 1769 extraneatn
3044 1732 3163 1773 esse
3190 1725 3542 1792 monogamiaa
3565 1725 3730 1783 disci-

428 1803 816 1878 iudulgentiam
865 1811 1123 1880 nubendi,
1157 1811 1226 1869 de
1276 1829 1395 1883 suo,
1431 1816 1481 1870 id
1524 1826 1627 1881 cst,
1666 1812 1735 1873 de
1785 1821 2021 1875 humano

426 1913 587 1953 sensu
617 1903 989 1958 accommodat
1015 1921 1080 1960 cx
1115 1905 1438 1963 necessitate
1469 1924 1572 1979 qua
1601 1908 1855 1977 diximus,
1890 1911 2022 1979 Quia

426 1991 605 2055 melius
631 1996 694 2048 sit
730 1995 918 2050 nubere
957 2014 1108 2069 quant
1155 1999 1284 2053 uri?
1335 2000 1594 2071 Denique,
1636 2018 1925 2059 conversus
1953 2005 2016 2059 ad

425 2085 647 2141 alteram
697 2088 930 2158 speciem
980 2089 1233 2154 dicendo,
1290 2089 1485 2163 Nuptis
1532 2104 1697 2148 autem
1753 2094 2016 2159 denuntio,

426 2193 529 2232 non
555 2194 667 2250 ego,
718 2180 807 2236 sed
856 2180 1132 2246 Dominus,
1162 2183 1393 2252 ostendit
1424 2184 1513 2240 illa
1543 2202 1661 2255 qua:
1687 2202 1849 2258 supra
1878 2187 2018 2242 dixe-

422 2279 526 2334 rat,
563 2286 666 2325 non
697 2273 985 2328 DOlllilliCiI‘.
1025 2276 1359 2330 auctoritatis
1405 2275 1570 2332 fuisse
1596 2320 1612 2346 ,
1644 2277 1739 2333 sed
1769 2278 2018 2333 humanae

422 2362 814 2423 aestimationis.
849 2368 917 2420 At
961 2366 1046 2420 ubi
1099 2367 1165 2422 ad
1202 2367 1584 2425 continentiam
1635 2370 1862 2425 reflectit
1902 2371 2019 2425 ani-

421 2466 562 2519 mos,
605 2454 730 2510 Volo
758 2466 927 2511 autem
957 2473 1043 2513 vos
1090 2460 1164 2513 sic
1210 2476 1317 2515 esse
1343 2477 1515 2515 omnes
1538 2480 1556 2516 :
1579 2473 1700 2534 puto
1721 2473 1908 2532 autent,
1937 2464 2017 2519 itt-

419 2548 555 2618 qttit,
588 2557 633 2601 et
656 2563 748 2621 ego
769 2549 1007 2619 spiritum
1041 2549 1136 2604 Dei
1167 2552 1325 2607 habeo
1350 2568 1371 2618 ;
1402 2564 1459 2609 ut
1485 2555 1529 2609 si
1561 2555 1686 2627 quid
1720 2556 2018 2613 indulserat

419 2660 483 2698 ex
513 2646 854 2711 necessitate,
884 2645 934 2700 id
964 2646 1196 2717 Spiritus
1223 2647 1404 2704 Sancti
1435 2651 1761 2708 auctoritate
1789 2668 1981 2708 revoca

417 2745 520 2793 ret.
554 2736 660 2793 Sed
690 2746 742 2792 et
771 2737 1006 2793 Joannes
1037 2754 1265 2794 monens
1295 2740 1376 2818 sic
1408 2756 1505 2796 nos
1535 2742 1788 2798 incedere
1816 2744 2015 2800 debere

416 2830 872 2900 quemadmodum
904 2842 957 2887 et
988 2831 1244 2887 Dominus
1267 2875 1281 2899 ,
1318 2836 1500 2907 utique
1531 2837 1690 2891 etiam
1718 2837 2012 2894 secundum

415 2923 753 2983 sanctitatem
804 2924 984 2987 carnis
1031 2923 1312 2981 admonuit
1354 2926 1623 2996 incedere,
1652 2929 1791 2986 adeo
1836 2932 2011 2997 mani-

413 3012 570 3069 feste.
648 3012 715 3071 Et
759 3016 961 3082 omnis,
1023 3015 1235 3087 inquit,
1290 3018 1377 3088 qui
1432 3035 1574 3089 spem
1615 3020 1764 3074 istam
1818 3022 1871 3075 in
1921 3023 2011 3079 illo

2130 1799 2352 1869 plinatn,
2377 1802 2483 1856 imo
2505 1806 2867 1875 ctantiqnam,
2894 1818 2945 1862 ct
2971 1812 3241 1880 propriam
3268 1815 3725 1889 Christianorum;

2127 1901 2181 1945 ut
2215 1891 2544 1949 Paracletum
2580 1897 2937 1954 restitutorem
2966 1901 3145 1971 potius
3166 1906 3367 1962 sentias
3386 1907 3535 1977 ejus,
3565 1925 3726 1981 quam

2124 1983 2499 2040 institutorem.
2529 1989 2678 2056 Quod
2703 1992 2964 2059 pertineat
2990 1994 3053 2048 ad
3078 1996 3467 2065 antiquitatem,
3496 2017 3617 2071 qua:
3640 2017 3728 2073 po-

2125 2084 2229 2131 test
2251 2078 2519 2148 antiquior
2548 2082 2712 2136 forma
2746 2083 2994 2153 proferri,
3018 2103 3177 2158 quam
3204 2089 3319 2169 ipsc
3343 2107 3531 2148 sensus
3554 2111 3769 2174 gene-x

2121 2167 2197 2223 ris
2228 2169 2476 2225 humani?
2504 2169 2673 2228 Unam
2703 2175 2969 2231 fmminam
2997 2167 3235 2236 masculo
3262 2183 3402 2239 Deus
3419 2183 3591 2257 ﬁnxit,
3616 2167 3939 2258 unahm

2121 2274 2266 2319 costa
2295 2265 2412 2334 ejus
2451 2267 2697 2338 decerpta
2722 2310 2737 2336 ,
2781 2280 2834 2325 et
2864 2271 3047 2343 utique
3071 2289 3135 2329 ex
3171 2274 3429 2346 pluribus.
3456 2280 3560 2335 Sed
3584 2292 3641 2337 et
3665 2284 3717 2340 itt

2122 2357 2432 2427 praefatione
2460 2358 2627 2429 ipsius
2648 2362 2859 2432 operis:
2889 2362 3012 2419 Non
3038 2376 3132 2431 est,
3165 2367 3352 2437 inquit,
3387 2370 3573 2426 bonum
3620 2373 3716 2428 Ito-

2121 2451 2247 2504 mini
2274 2451 2438 2505 solum
2486 2470 2599 2507 eum
2634 2471 2764 2520 esse;
2811 2457 3062 2528 faciamus
3106 2460 3428 2531 adjutoriunt
3455 2464 3554 2518 illi.
3592 2465 3719 2523 Ad—

2116 2544 2321 2617 jutores
2344 2547 2484 2601 enim
2512 2548 2760 2616 dixisset,
2778 2551 2821 2605 si
2849 2551 3089 2621 pluribus
3119 2568 3240 2608 eum
3270 2557 3522 2613 uxoribus
3547 2559 3716 2616 desti-

2120 2650 2316 2695 nasset.
2348 2640 2555 2711 Adjecit
2585 2654 2640 2697 et
2668 2644 2838 2714 legem
2863 2645 2933 2701 de
2961 2644 3162 2702 futuro.
3186 2647 3459 2720 Siquidem
3483 2653 3715 2724 prophe-

2119 2732 2221 2787 tice
2237 2732 2436 2788 dictum
2459 2744 2541 2789 est
2566 2751 2578 2787 :
2613 2733 2681 2790 Et
2705 2747 2852 2791 erunt
2873 2737 2974 2792 duo
2995 2740 3047 2794 in
3067 2756 3268 2796 carnem
3288 2759 3441 2797 unam
3476 2746 3626 2816 (Cen.
3646 2747 3714 2816 ll,

2119 2823 2205 2891 18,
2237 2823 2354 2898 ‘24),
2395 2842 2501 2880 non
2532 2834 2664 2894 tres,
2710 2843 2883 2900 neque
2913 2829 3111 2899 plures.
3136 2833 3426 2901 Caeterum,
3464 2837 3575 2905 jam
3605 2856 3711 2896 non

2116 2917 2244 2981 duo,
2273 2918 2317 2972 si
2347 2918 2541 2987 plures.
2572 2917 2733 2974 Stetit
2753 2921 2857 2991 lex.
2891 2922 3131 2994 Denique
3152 2966 3167 2991 ,
3202 2931 3561 2994 perseveravit
3585 2932 3712 2986 unio

2116 3013 2347 3084 conjugii
2389 3014 2444 3068 in
2487 3014 2792 3070 auctoribus
2833 3018 3043 3087 generis
3082 3017 3147 3072 ad
3176 3019 3336 3075 linem
3365 3036 3564 3092 usque;
3605 3039 3713 3081 non

414 3105 583 3175 habet,
616 3108 691 3179 (a)
723 3108 971 3178 casti/ient
1015 3125 1088 3175 se,
1147 3110 1276 3164 sicut
1317 3121 1364 3165 et
1403 3112 1511 3183 ipse
1550 3123 1719 3168 castus
1758 3125 1829 3170 est
1869 3114 2005 3191 (10.,
2035 3127 2080 3192 ρ
2115 3105 2235 3176 quia
2259 3120 2364 3159 non
2394 3114 2547 3160 erant
2572 3104 2801 3161 immitia:
2828 3107 3073 3174 alia),st
3103 3111 3225 3179 quia
3257 3110 3375 3166 ideo
3404 3128 3511 3167 non
3537 3124 3710 3184 erant,

410 3195 500 3263 Ill,
527 3197 605 3267 5).
632 3197 765 3253 Nam
792 3210 846 3263 et
870 3199 994 3255 alibi
1020 3215 1033 3253 :
1059 3198 1236 3257 Estote
1259 3204 1443 3271 sancti,
1472 3204 1601 3258 sicut
1619 3214 1666 3259 et
1691 3206 1778 3260 ille
1803 3219 2007 3265 sanctus

410 3292 507 3361 fuit
534 3289 667 3362 (Jo.,
696 3289 764 3358 ll,
822 3289 902 3364 5),
932 3292 1161 3358 scilicet,
1187 3306 1381 3352 carne.‘
1402 3296 1479 3353 De
1508 3299 1699 3370 spiritu
1731 3302 1873 3357 enim
1897 3318 2002 3359 non

406 3382 648 3448 dixisset,
693 3384 813 3455 quia
854 3384 1076 3455 spiritus
1117 3386 1258 3442 ultro
1288 3399 1506 3447 sanctus
1532 3394 1859 3464 agnoscitur,
1905 3412 2005 3454 nec

405 3487 678 3549 exspectat
701 3477 1002 3534 sanetitatis
1030 3479 1475 3551 admonitionem,
1505 3500 1623 3554 qua:
1650 3489 1861 3559 propria
1893 3505 2003 3544 na-

406 3576 519 3627 tura
556 3579 634 3625 est
677 3568 815 3649 ejus.
840 3568 983 3625 Caro
1019 3580 1196 3627 autem
1227 3573 1451 3630 docetur
1487 3579 1850 3647 sanctitatem,
1881 3598 2000 3653 qua}

402 3673 457 3725 et
483 3664 534 3719 iii
563 3664 783 3721 Christo
808 3666 905 3722 fuit
935 3676 1143 3723 sancta.
1167 3667 1333 3740 Igitur
1358 3670 1403 3726 si
1444 3671 1623 3727 omnia
1655 3673 1754 3728 ista
1799 3674 1997 3733 oblite-

400 3766 523 3812 rant
564 3758 837 3815 licentiam
883 3760 1144 3829 nubendi,
1191 3772 1246 3818 et
1287 3764 1593 3821 conditione
1636 3767 1865 3826 licentia:
1910 3773 1994 3827 in-

398 3862 603 3922 specta,
634 3863 685 3909 et
719 3854 1032 3925 przclationc
1074 3849 1420 3914 continentia:
1447 3860 1691 3930 imposita
1715 3905 1730 3932 ,
1765 3878 1861 3919 cur
1888 3882 1993 3925 non

398 3946 637 4015 potuerit
667 3956 788 4016 post
824 3948 1110 4018 Apostolus
1154 3948 1294 4004 idem
1336 3951 1559 4022 spiritus
1604 3957 1993 4025 superveniens

298 4040 357 4067 “⁵
399 4033 465 4093 ad
502 4032 871 4092 deducendam
893 4038 1230 4109 disciplinam
1256 4042 1308 4097 iti
1332 4056 1544 4098 omnem
1568 4049 1865 4113 veritatem,
1899 4066 1994 4119 per

393 4126 596 4198 gradus
620 4138 919 4201 temporum
944 4132 1262 4199 (secundum
1285 4134 1428 4205 quod
1450 4134 1820 4204 EcclesiaSIes,
1849 4140 1993 4197 Tent-

396 4239 492 4295 pus
516 4224 653 4283 omni
679 4225 773 4293 rei,
806 4225 1020 4294 inquit),
1044 4242 1346 4297 supremam
1363 4227 1473 4298 jam
1497 4230 1643 4284 carni
1664 4231 1876 4289 fibulam
1894 4238 1990 4292 itii-

394 4329 614 4387 ponerc,
639 4316 747 4387 jam
768 4332 872 4371 nou
895 4318 1109 4390 oblique
1128 4336 1155 4373 a
1178 4318 1380 4389 nuptiis
1400 4336 1651 4388 avocans,
1678 4324 1774 4379 sed
1805 4338 1989 4385 exerte

390 4386 473 4483 '(b)
526 4386 649 4468 cum
689 4413 861 4483 magis
891 4386 1038 4469 nunc
1065 4424 1273 4483 tempus
1316 4415 1364 4468 iu
1397 4414 1626 4471 collecto
1656 4417 1850 4483 factum
1879 4423 1984 4488 sit,

2113 3211 2180 3252 ne
2226 3197 2471 3268 primitiae
2507 3199 2718 3269 generis
2759 3198 2953 3270 duplici
2997 3202 3338 3258 matrimonio
3375 3209 3711 3264 contamina-

2109 3297 2313 3346 rentur.
2343 3290 2613 3361 Alioquin,
2650 3292 2693 3345 si
2737 3292 2875 3347 Deus
2903 3293 3176 3362 voluisset,
3206 3311 3329 3351 esse
3369 3299 3707 3369 potuissent:

2105 3391 2253 3439 certe
2295 3383 2360 3438 de
2406 3383 2631 3439 filiarum
2673 3401 2887 3441 suarum
2935 3390 3323 3446 numerositate
3368 3394 3706 3464 sumpsisset,

2104 3489 2210 3530 non
2243 3476 2417 3530 minus
2444 3492 2507 3531 ex
2536 3477 2746 3533 ossibus
2788 3487 2842 3532 et
2877 3494 2941 3534 ex
2971 3495 3132 3535 carne
3157 3496 3252 3536 sua
3285 3484 3485 3539 habens
3516 3486 3708 3557 Evam,
3767 3494 3771 3499 ’

2103 3568 2147 3622 si
2187 3566 2286 3622 lioc
2319 3570 2402 3639 pie
2430 3569 2601 3624 fieret.
2636 3569 2810 3625 Atubi
2841 3571 3068 3640 primum
3098 3574 3295 3642 secius,
3336 3575 3706 3646 homicidium,

2102 3661 2155 3716 in
2197 3660 2491 3717 fratricidio
2533 3661 2864 3731 dedicatum,
2899 3675 3005 3722 tam
3046 3667 3264 3739 dignum
3305 3672 3543 3728 secundo
3586 3675 3707 3734 loco

2100 3755 2273 3809 scelus
2305 3770 2406 3810 non
2441 3753 2568 3820 fuit,
2610 3771 2767 3827 quam
2812 3758 2930 3813 dua:
2971 3761 3188 3830 nuptiae.
3225 3763 3304 3835 (d)
3343 3764 3529 3838 Neque
3560 3770 3704 3827 enim

2100 3848 2261 3904 refert
2288 3848 2419 3904 duas
2445 3849 2564 3920 quis
2597 3865 2791 3906 uxores
2827 3851 3063 3923 singulas
3094 3854 3354 3921 habuerit,
3398 3875 3464 3913 an
3507 3864 3705 3930 pariter

2098 3941 2321 4013 singula:
2356 3942 2489 3998 duas
2531 3942 2772 3998 fecerint.
2808 3944 2949 4000 ldetn
2996 3963 3249 4004 numerus
3288 3952 3700 4022 conjunctorum

2097 4045 2151 4091 ct
2179 4046 2564 4106 separatorum.
2592 4036 2767 4092 Semel
2799 4048 2972 4092 tamen
3000 4039 3104 4094 vim
3138 4055 3291 4110 passa
3320 4042 3583 4101 institutio
3606 4047 3699 4103 Dei

2099 4143 2192 4198 per
2222 4127 2449 4184 Lamcch
2473 4170 2486 4194 ,
2517 4129 2755 4183 constitit
2793 4139 2974 4198 postea
3024 4132 3074 4185 in
3118 4133 3278 4189 linem
3324 4150 3493 4207 usque
3523 4139 3701 4209 gentis

2094 4221 2254 4276 illius.
2286 4221 2563 4277 Secundus
2590 4219 2820 4277 Lamecli
2851 4222 3026 4277 nullus
3049 4225 3249 4293 existit,
3275 4228 3545 4298 quomodo
3568 4231 3700 4287 dua~

2093 4317 2190 4373 bus
2218 4317 2516 4370 maritatus.
2570 4315 2642 4388 (ε)
2682 4315 2850 4388 Negat
2900 4316 3175 4388 Scriptura
3205 4322 3347 4391 quod
3380 4338 3485 4379 non
3523 4334 3694 4383 notat.

2094 4409 2225 4463 Alite
2271 4407 2527 4463 diluvium
2559 4408 2860 4478 iniquitates
2908 4423 3352 4481 provocavcrunt,
3388 4416 3555 4470 semel
3596 4417 3695 4473 de-

391 4504 545 4563 annis
602 4504 816 4565 circiter
868 4504 971 4561 l60
1015 4506 1216 4569 exinde
1264 4506 1581 4576 producds?
1634 4508 1820 4567 Nonne
1864 4515 1976 4583 ipse
2004 4522 2056 4582 D
2083 4523 2255 4580 fensm
2278 4504 2693 4577 qualescumque
2733 4500 2947 4555 merum
2990 4518 3141 4567 illo"
3189 4513 3365 4559 ίίιιιιθιι
3394 4510 3697 4580 δεριυοείυε

389 4594 530 4665 apud
559 4604 608 4651 te
636 4604 962 4659 retractares
990 4598 1012 4653 ?
1046 4597 1207 4654 Vetus
1239 4599 1353 4653 Ιιιιξιε
1400 4598 1679 4670 disciplina
1712 4613 1814 4670 est,
1853 4621 1989 4677 pra:-

388 4694 649 4744 tnonstata
690 4686 801 4758 jam
829 4696 952 4745 tunc
997 4688 1049 4744 in
1094 4703 1254 4745 carne
1291 4690 1532 4758 Domini,
1581 4699 1633 4747 et
1675 4693 1985 4755 voluntate:

2096 4608 2322 4677 Septies,
2351 4597 2491 4671 quod
2523 4596 2629 4650 duo
2654 4594 2987 4649 matrimonia
3021 4607 3349 4652 meruerunt.
3382 4599 3488 4654 Sed
3516 4610 3570 4655 ct
3601 4613 3691 4657 re-

2097 4696 2344 4755 formatio
2389 4687 2607 4747 secundi
2656 4686 2865 4759 generis
2895 4685 3111 4743 butnani
3141 4691 3476 4762 monogamia
3523 4701 3693 4752 matre

1618 4783 1999 4848 LECTIONES
2036 4782 2448 4851 VARIANTES.

448 4874 521 4938 (ι)
539 4873 650 4925 Alio
671 4872 823 4929 Seml.

2150 4883 2226 4947 (‘2)
2252 4877 2363 4929 Mali
2386 4874 2535 4928 omitt.
2557 4867 2709 4924 Seml.

1749 4962 2309 5025 COMMENTARIUS.

398 5096 410 5130 ._
460 5056 535 5127 (ιι)
564 5055 1090 5130 Cestiﬁcat‘se,__sicut
1118 5065 1163 5109 et
1184 5057 1293 5126 ipse
1317 5067 1483 5121 castus
1509 5066 1600 5111 est.
1632 5057 1709 5111 Ex
1741 5058 1979 5130 Epistola

383 5124 566 5193 Jortin,
599 5126 687 5190 ill,
721 5126 880 5181 vertit
906 5124 1125 5180 liberius
1156 5124 1311 5198 quam
1340 5143 1434 5198 par
1471 5139 1553 5182 est
1596 5124 1979 5196 ἀννέζειέαυτὸν

386 5214 480 5270 per
505 5199 777 5267 castiﬁcat,
804 5205 861 5253 et
882 5201 1017 5265 ἀγνσς
1045 5208 1242 5266 castus,
1266 5214 1430 5270 purus
1456 5200 1599 5254 enim
1629 5211 1715 5255 cst
1740 5210 1796 5259 et
1817 5219 1975 5259 muti-

381 5268 503 5325 dus.
532 5270 611 5329 Li;
635 5271 731 5329 l’tt.

459 5340 537 5411 (b)
568 5340 696 5413 Cum
738 5340 902 5411 magis
930 5356 1065 5393 nunc
1108 5350 1304 5409 tempus
1339 5340 1411 5413 in
1442 5341 1648 5395 collecto
1675 5343 1866 5413 factum
1890 5344 1976 5399 sit.

384 5409 439 5464 In
470 5409 591 5466 eum
625 5412 783 5481 plane
827 5409 1053 5482 sensum
1101 5412 1290 5467 beatus
1338 5410 1649 5482 Hieronym.
1675 5409 1884 5482 'epist.'
1911 5415 1979 5469 ad

382 5482 741 5537 Ccroutiam:
782 5481 905 5551 quid
952 5482 1020 5535 ad
1058 5499 1171 5548 nos,
1241 5482 1293 5534 in
1336 5499 1461 5551 quos
1508 5481 1633 5550 ﬁnes
1679 5481 1982 5539 saeculorum

378 5553 721 5607 devenerunt?
745 5551 822 5607 [ιε
846 5552 942 5607 Ριι.

454 5622 529 5697 (c)
574 5621 902 5697 Paracfetum
937 5638 1207 5697 agnoscere
1240 5622 1389 5685 debes
1426 5622 1987 5697 advocatum.Adludit

375 5692 943 5767 “signiﬁcationem
974 5692 1127 5767 vocis
1174 5701 1479 5767 παράελητος
1519 5709 1637 5767 qua:
1682 5696 1983 5767 advocatum

374 5754 640 5843 significat
667 5780 683 5835 ;
721 5762 818 5822 sed
847 5763 1070 5824 ridicula
1106 5773 1194 5824 est
1221 5754 1511 5842 a'pplicatio
1537 5754 1809 5825 'Auctoris'.
1840 5754 1978 5825 tu...

2154 5060 2310 5118 CAP.
2343 5056 2433 5111 IV.
2452 5084 2523 5096 ——
2548 5052 2626 5124 (d)
2679 5051 2858 5122 Neque
2888 5050 3020 5124 enim
3046 5050 3201 5124 refert
3227 5052 3354 5107 duas
3370 5053 3481 5124 quis
3502 5069 3687 5112 uxores

2083 5133 2313 5206 singulas
2358 5121 2634 5207 imbuerit,
2686 5140 2753 5176 an
2777 5121 2985 5207 pariter
3024 5122 3240 5207 einqulw
3281 5121 3409 5207 duas
3449 5126 3683 5207 fecerint.

2084 5192 2231 5270 lino,
2283 5201 2401 5272 quia
2431 5197 2718 5272 plurimum
2764 5192 2927 5272 refert
2946 5194 3165 5272 ,_edicto
3195 5192 3683 5272 praetorisinfantia

2086 5263 2321 5334 iiotaiur',
2370 5263 2460 5340 qui
2488 5268 2606 5321 bina
2659 5263 2926 5388 sponsalia
2965 5263 3435 5336 binasve'uuptias
3497 5265 3685 5322 eodem

2086 5356 2330 5388 ιρηιηηνρ
2354 5339 2670 5388 constitutas
2710 5333 2956 5388 tabuerit.
2989 5335 3105 5388 lito.

2084 5333 2332 5417 tempore
2354 5333 2670 5417 constitutas
2693 5333 2956 5417 habuerit.
2989 5335 3105 5388 lito.
3182 5415 3188 5417 _
3519 5404 3531 5417 .

2157 5405 2235 5489 (ἑ)
2278 5413 2447 5489 Negat
2478 5408 2746 5487 Scriptura
2786 5405 2922 5489 quod
2964 5420 3063 5489 non
3107 5415 3267 5489 notat.
3298 5406 3420 5487 Mihi
3452 5405 3683 5489 primum

2084 5475 2420 5554 hae‘c'legetili
2442 5522 2457 5546 ,
2482 5478 2725 5554 quamvis
2749 5476 2921 5554 obiter
2954 5485 3008 5530 et
3043 5475 3405 5554 perfunctorie
3427 5520 3440 5542 ,
3458 5475 3688 5548 durius-

2087 5559 2207 5615 cula
2239 5544 2347 5611 visa
2411 5544 2533 5603 sunt
2575 5550 2625 5602 in
2667 5561 2760 5619 eo)
2773 5547 3039 5619 scriptore
3068 5544 3157 5614 qui
3189 5548 3527 5619 traditionem
3571 5544 3686 5601 tau.

2090 5640 2274 5699 rapere
2300 5622 2635 5699 defenderat.
2662 5620 2729 5673 At
2752 5616 2823 5671 ibi
2844 5615 3199 5687 ofthodoxus,
3233 5620 3316 5674 hic
3342 5615 3470 5674 vero
3496 5634 3524 5673 ιι
3553 5633 3685 5677 vero

2085 5692 2291 5759 devius.
2324 5696 2402 5753 Le
2431 5692 2525 5750 Ριι.
