4006 6280
358 243 466 302 935

1764 237 2230 296 TERTULLIANI

3555 235 3660 290 936

354 369 626 419 censetur.
651 348 844 420 lterum
873 363 978 420 duo
1001 364 1051 418 in
1083 362 1254 420 unicis
1285 362 1505 431 nuptiis.
1537 362 1713 417 Etiam
1743 364 1792 417 in
1819 364 1945 434 ipsis
1973 370 2022 430 Α
2051 364 2120 419 de
2149 361 2449 430 videamus,
2481 376 2548 417 an
2587 361 2815 432 idipsum
2841 359 3041 416 debeas
3070 357 3195 414 huic
3221 371 3435 429 quoque
3476 357 3661 412 censui

354 453 674 510 animalibus
714 454 1044 526 monogamia
1091 455 1512 532 recognoscitur,
1547 471 1614 510 ne
1643 455 1724 512 vel
1767 455 1953 512 bestia)

354 543 422 599 de
451 546 676 600 mmehia
707 556 1070 603 nascerentur.
1105 547 1186 602 Ea:
1215 547 1448 602 omnibus
1471 589 1485 613 ,
1520 547 1726 617 inquit,
1761 547 1949 613 bestiis,

355 653 421 691 ex
447 637 592 692 omni
631 652 812 704 carne,
841 639 948 695 duo
989 639 1211 696 induces
1244 641 1295 694 in
1324 655 1522 704 arcam,
1563 649 1620 694 ut
1660 641 1837 692 vivant
1877 648 1954 693 te-

354 745 474 785 cum
507 733 774 787 masculus
796 743 849 789 et
877 735 1109 790 lozmiua.
1137 733 1387 790 Ertmtde
1412 734 1732 789 animalibus
1756 733 1952 788 volati-

354 822 492 878 libus
537 825 829 881 secundum
874 843 1080 897 genus,
1131 827 1274 883 etde
1323 828 1586 882 omnibus.
1615 828 1954 898 serpentibus

356 921 534 982 terra),
567 918 856 972 secundum
884 933 1051 988 genus
1080 920 1337 988 ipsorum,
1365 919 1473 973 duo
1497 935 1560 974 ex
1592 919 1842 974 omnibus
1868 919 1954 973 itt-

356 1007 592 1062 troibunt
616 1009 680 1063 ad
723 1020 772 1066 te
806 1013 1074 1066 masculus
1103 1021 1157 1067 et
1186 1011 1425 1067 immitia.
1461 1011 1657 1066 Eadem
1691 1011 1856 1066 forma
1903 1021 1955 1066 et

355 1109 574 1170 septena
589 1117 653 1157 ex
679 1102 812 1156 binis
841 1101 1011 1175 adlegi
1041 1105 1258 1159 mandat
1280 1119 1344 1160 ex
1369 1105 1606 1158 masculo
1633 1114 1684 1159 et
1714 1103 1953 1168 fiumina,

355 1208 462 1246 uno
485 1202 538 1246 et
573 1210 695 1248 una.
728 1196 881 1262 Quod
908 1197 1140 1267 amplius
1168 1197 1378 1252 dicam?
1411 1197 1704 1252 [inmundis
1742 1214 1956 1269 quoque

353 1284 565 1340 alitibus
593 1301 713 1340 cum
743 1287 882 1343 binis
921 1289 1152 1342 l'teminis
1182 1290 1406 1346 introire
1437 1307 1539 1344 non
1575 1289 1738 1346 licuit.

982 1380 1209 1437 CAPUT
1261 1381 1321 1436 V.

427 1469 552 1526 lliec
601 1481 859 1542 quantum
907 1472 971 1527 ad
1001 1475 1432 1543 primordiorum
1480 1476 1872 1541 testimonium,
1903 1487 1958 1534 ct

353 1561 573 1632 originis
605 1573 804 1618 nostra:
848 1555 1244 1646 patrocinium,
1288 1575 1343 1620 ct
1387 1566 1582 1620 divina:
1610 1567 1957 1623 institutionis

354 1651 743 1724 priejudicintn.
771 1657 900 1723 Qua:
933 1657 1114 1728 utique
1134 1656 1218 1712 lex
1251 1669 1352 1724 cst,
1385 1673 1489 1713 non
1507 1670 1910 1716 monumentum
1939 1679 1953 1729 ;

2057 454 2328 518 secundo;
2357 470 2424 510 an
2473 455 2524 508 in
2550 453 2738 510 eadem
2790 464 2862 516 te,
2887 452 3053 506 forma
3101 466 3222 506 esse
3267 451 3570 513 conveniat,
3611 450 3662 502 in

2057 563 2160 618 qua
2208 547 2529 602 novissimus
2583 562 2793 616 quoque
2848 544 3038 610 Adam,
3070 543 3122 598 in
3171 559 3272 614 qua
3319 553 3372 598 et
3423 542 3660 612 primus;

2057 638 2271 709 quando
2311 638 2634 693 novissimus
2666 637 2856 700 Adam.
2887 636 2937 691 id
2981 647 3063 692 est
3103 637 3376 700 Christus,
3411 637 3664 704 innuptas

2058 732 2111 787 in
2141 742 2328 797 totum,
2352 733 2493 803 quod
2518 732 2677 787 etiam
2705 733 2905 801 primus
2927 730 3096 786 Adam
3119 740 3243 786 ante
3269 729 3534 784 exsilium.
3558 732 3662 784 Sx-d

2057 823 2255 881 donato
2285 825 2584 880 inﬁrmitati
2613 834 2715 879 tua:
2738 824 2915 878 carnis
2937 838 3048 878 sua:
3077 824 3347 893 exemplo,
3381 822 3667 894 perfectior

2059 917 2251 985 Adam,
2290 917 2339 972 id
2365 927 2447 972 est
2477 915 2743 981 Christus,
2785 931 2848 970 eo
2877 931 3088 986 quoque
3125 917 3340 969 neruine
3379 912 3668 985 perfectior

2059 1024 2163 1079 qua
2217 1011 2491 1080 integrior,
2543 1009 2742 1062 volenti
2787 1007 2999 1078 quidem
3033 1006 3121 1060 tibi
3154 1007 3321 1078 spado
3348 1008 3582 1062 occurrit
3612 1008 3666 1061 in

2059 1118 2249 1168 carne;
2285 1104 2331 1156 si
2372 1118 2498 1156 vero
2531 1118 2634 1155 non
2687 1101 2908 1167 snlticis,
2939 1114 3288 1170 monogamns
3333 1101 3564 1154 occurrit
3610 1100 3664 1154 in

2059 1197 2271 1266 Spiritu,
2302 1212 2459 1250 unam
2491 1194 2696 1249 habens
2733 1194 3026 1248 Ecclesium
3055 1207 3340 1262 sponsam,
3369 1191 3664 1247 secundum

2063 1289 2234 1344 Adam
2264 1297 2318 1344 et
2344 1289 2470 1343 Eva:
2493 1288 2749 1359 tignram;
2781 1303 2941 1358 quain
2993 1287 3282 1357 Apostolus
3308 1285 3359 1340 ia
3389 1285 3514 1340 illttd
3548 1301 3666 1338 tua-

2060 1398 2222 1453 gnum
2245 1392 2641 1436 sacramentum
2674 1382 3075 1450 interpretatur,
3103 1380 3154 1433 in
3179 1379 3451 1434 Christum
3481 1388 3532 1432 et
3569 1379 3667 1432 lic-

2059 1475 2301 1541 clesiam,
2345 1475 2666 1545 competisse
2695 1473 2895 1528 carnali
2941 1473 3293 1545 monogamia:
3340 1488 3430 1541 per
3457 1471 3668 1540 Spirita-

2060 1565 2186 1620 lein.
2220 1563 2380 1620 Vides
2411 1566 2567 1636 igitur
2591 1565 3043 1636 quemadmodum
3074 1566 3313 1620 etiamin
3341 1564 3556 1619 Christo
3579 1580 3668 1618 no-

2061 1671 2190 1712 vans
2216 1671 2456 1721 censum,
2500 1673 2606 1712 non
2637 1658 2808 1728 possis
2847 1673 2969 1712 eum
3001 1656 3117 1711 sine
3159 1656 3509 1727 tnuttngatnitc
3548 1673 3666 1726 pro-

351 1745 602 1814 qnoniam
632 1745 677 1800 si
707 1746 777 1800 ita
802 1746 996 1802 factum
1025 1760 1104 1803 est
1134 1765 1162 1804 a
1194 1749 1506 1818 primordio,
1537 1752 1833 1806 invenimus
1859 1769 1956 1808 nos
1987 1768 2033 1826 Β
2063 1747 2295 1804 fossione
2323 1748 2534 1803 deferre
2559 1791 2573 1814 ,
2607 1750 2710 1802 nisi
2735 1763 2897 1802 carne
2940 1748 3014 1803 sis
3043 1746 3184 1818 quod
3207 1747 3394 1817 spiritu
3439 1747 3526 1801 ille
3559 1755 3663 1811 t-st,

351 1837 418 1892 ad
455 1837 662 1894 initium
693 1839 848 1912 dirigi
879 1857 910 1896 a
937 1840 1152 1897 Christo
1182 1861 1194 1895 ε
1224 1842 1362 1898 sicut
1387 1843 1438 1897 in
1467 1849 1763 1915 quarstiune
1792 1863 1950 1918 repu-

351 1929 445 1997 dii,
476 1930 660 1986 dicens
688 1931 813 1986 illud
857 1943 1076 2004 propter
1114 1936 1365 1990 duritiam
1415 1937 1651 2006 ipsorum
1701 1955 1730 1992 a
1771 1939 1953 2011 Moyse

351 2039 472 2079 esse
503 2026 856 2094 permissum,
889 2028 958 2082 ab
987 2029 1136 2083 initio
1165 2040 1341 2084 autem
1373 2047 1478 2085 non
1507 2032 1576 2084 ita
1601 2033 1767 2088 fuisse
1791 2075 1805 2100 ,
1837 2036 1954 2089 sine

351 2117 514 2171 dttbio
537 2117 600 2170 ad
631 2118 836 2172 initium
887 2131 1100 2175 revocat
1139 2122 1464 2177 matrimonii
1506 2123 1950 2183 individuitatem.

351 2207 582 2279 Ideoque
605 2226 736 2279 qttus
765 2210 904 2265 Deus
932 2212 994 2264 ab
1013 2212 1159 2266 initio
1189 2215 1456 2285 conjunxit
1487 2216 1537 2268 in
1569 2232 1723 2269 unam
1750 2234 1954 2272 carnem

352 2299 502 2366 duos,
531 2301 679 2354 hodie
706 2301 856 2355 homo
886 2320 987 2356 non
1016 2305 1266 2374 separabit
1301 2304 1480 2375 (68".,
1515 2306 1708 2378 ll,2i).
1735 2309 1872 2363 Dicit
1899 2317 1954 2364 et

351 2393 640 2460 Apostolus
670 2395 911 2450 scribens
930 2395 996 2448 ad
1029 2395 1325 2466 Ephesios:
1353 2396 1518 2452 Deum
1545 2402 1872 2469 proposuisse
1900 2402 1952 2456 in

351 2485 619 2553 semetipso
649 2486 716 2538 ad
747 2487 1179 2556 dispensationem
1224 2489 1603 2560 adimpletionis
1646 2503 1949 2563 temporum,

351 2578 421 2632 ad
470 2588 651 2648 caput,
703 2579 753 2634 id
779 2589 882 2647 est,
933 2582 1001 2634 ml
1039 2581 1238 2635 initium
1283 2579 1596 2649 reciprocare
1642 2588 1871 2642 universa
1900 2590 1953 2642 in

351 2668 583 2738 Christo,
615 2687 729 2741 qua:
752 2682 867 2726 sunt
895 2689 1047 2740 super
1071 2674 1221 2728 (mles
1264 2685 1310 2728 et
1356 2693 1508 2747 super
1546 2688 1705 2732 terra:
1745 2681 1796 2733 in
1841 2681 1951 2750 ipso

353 2761 518 2834 (Eph.
551 2763 590 2829 Ι,
623 2764 798 2834 9,10).
833 2765 918 2820 Sic
948 2775 1004 2821 et
1031 2767 1164 2820 duas
1185 2767 1408 2823 Graecia:
1453 2769 1653 2836 literas,
1686 2788 1950 2829 summam

352 2867 404 2909 et
433 2855 694 2923 ultimam,
719 2857 820 2911 sibi
853 2857 1302 2926 ittduitDominns,
1339 2861 1540 2917 initiiet
1571 2863 1691 2918 linis
1721 2881 1950 2921 concur-

351 2947 581 3002 rentium
621 2948 672 3002 in
701 2965 762 3004 se
795 2950 1020 3020 ﬁguras:
1054 2953 1125 3006 uti
1159 2955 1574 3022 quemamodnm
1603 2980 1635 3010 α
1680 2959 1744 3014 ad
1789 2983 1824 3011 ω
1857 2975 1950 3015 ns-

350 3057 454 3110 que
487 3041 748 3110 volvitur,
779 3052 832 3098 et
870 3059 1054 3100 rursus
1081 3068 1117 3097 ω
1145 3045 1211 3100 ad
1241 3071 1275 3100 α.
1304 3048 1592 3119 replicatur
1638 3051 1874 3123 (Apocal.
1906 3053 1946 3119 l,

2059 1841 2181 1896 licet
2203 1853 2257 1896 et
2285 1842 2425 1912 quod
2466 1841 2564 1895 luit
2604 1841 2655 1896 in
2695 1857 2858 1898 carne
2879 1877 2893 1904 ,
2922 1856 3073 1910 teque
3103 1855 3223 1895 esse
3259 1839 3526 1894 debueris.
3555 1839 3664 1895 Sed

2057 1935 2232 1990 adhuc
2279 1934 2434 1989 nobis
2485 1949 2788 2004 qtneratnus
2835 1934 3045 2004 aliquos
3095 1933 3317 2003 originis
3371 1933 3662 2001 principes.

2055 2026 2172 2082 Non
2222 2027 2434 2096 placent
2488 2029 2630 2081 enim
2675 2026 2993 2097 quibusdam
3040 2025 3345 2096 tnonogatni
3393 2036 3663 2095 parentes,

2020 2119 2227 2175 'Adatn
2273 2130 2327 2174 ct
2364 2118 2495 2184 Noe,
2544 2118 2771 2173 fortasse
2820 2134 2919 2174 nec
2967 2118 3232 2172 Christus.
3276 2119 3358 2171 Ab
3391 2118 3664 2173 Abraham

2056 2212 2288 2284 denique
2337 2223 2659 2284 prmo-cant,
2712 2211 2964 2282 prohibiti
3012 2220 3215 2282 patrem
3258 2211 3420 2264 alium
3469 2220 3666 2280 praeter

2059 2305 2222 2360 Deum
2253 2321 2565 2375 agnoscere.
2609 2304 2689 2360 Sit
2735 2320 2877 2358 nunc
2932 2315 3080 2374 pater
3131 2311 3317 2357 noster
3365 2303 3661 2368 Abraham,

2057 2397 2128 2452 sit
2165 2407 2220 2453 et.
2255 2398 2470 2454 Paulus.
2519 2398 2586 2452 In
2619 2398 2918 2469 Evangelia,
2943 2396 3110 2467 inquit
3134 2438 3148 2461 ,
3179 2414 3270 2466 ego
3315 2413 3399 2450 vos
3429 2398 3666 2464 generari

2060 2487 2104 2561 (Ι
2128 2489 2272 2558 Cena,
2307 2489 2395 2557 ιν,
2428 2489 2541 2561 16).
2569 2491 2736 2545 Etiam
2765 2488 2992 2545 Abralizc
3025 2499 3076 2544 te
3107 2489 3271 2542 lilitnn
3305 2489 3518 2543 exhibe.
3546 2488 3662 2545 Non

2055 2583 2198 2636 enim
2231 2580 2304 2653 (a)
2337 2585 2578 2652 passivus
2611 2583 2700 2636 tibi
2731 2596 2925 2637 census
2946 2592 3027 2636 est
3068 2582 3119 2634 in
3145 2580 3252 2635 illo.
3278 2580 3495 2634 Certum
3537 2592 3664 2635 temo

2057 2693 2153 2746 pus
2180 2687 2282 2742 est,
2305 2694 2412 2748 quo
2437 2689 2558 2734 tttus
2583 2690 2734 2747 pater
2759 2685 2859 2730 est.
2889 2676 2944 2730 Si
2971 2675 3114 2730 enim
3143 2690 3208 2728 ex
3239 2674 3344 2728 lide
3371 2675 3462 2728 lilii
3487 2675 3663 2744 depu-

2058 2781 2234 2824 tamur
2272 2770 2522 2836 Abraltte,
2558 2781 2615 2824 nt
2657 2769 2945 2838 Rpustolus
2983 2767 3159 2832 ducet,
3188 2766 3374 2821 dicens
3403 2765 3468 2820 ad
3513 2767 3665 2821 Cala-

2056 2873 2138 2917 tas
2159 2862 2512 2934 aCognoscitis
2539 2879 2734 2931 nempe,
2773 2861 2892 2930 quia
2921 2860 3009 2928 qui
3038 2875 3100 2913 ea:
3137 2859 3257 2929 ﬁde,
3295 2860 3380 2912 iui
3417 2870 3533 2912 sunt
3565 2859 3664 2926 ﬁlii

2057 2954 2274 3009 Abralue
2323 2954 2476 3027 (Gal.
2509 2953 2608 3022 ΙΙΙ,
2648 2953 2792 3024 7.);
2844 2951 3058 3024 quando
3120 2949 3348 3007 credidit
3390 2951 3662 3007 Abraham

2061 3048 2189 3113 Deo,
2217 3058 2272 3103 et
2299 3049 2610 3117 deputatum
2638 3058 2720 3101 est
2745 3045 2795 3101 ei
2828 3046 2880 3099 in
2904 3044 3164 3115 justitiam
3188 3045 3210 3098 ἳ
3233 3043 3454 3114 Opinor,
3486 3045 3665 3099 adhuc

354 3133 423 3198 8;
449 3131 617 3201 XXII,
654 3135 770 3206 l5),
793 3137 861 3190 ita
885 3138 1194 3193 ostenderet
1222 3139 1272 3193 in
1305 3155 1364 3194 sc
1386 3156 1506 3196 esse
1523 3152 1574 3197 ct
1597 3144 1730 3198 initii
1754 3149 1946 3200 deum.
1981 3163 2024 3223 C
2059 3141 2110 3194 in
2155 3141 2530 3210 monogamia,
2561 3141 2684 3210 quia
2714 3140 2765 3194 in
2793 3137 3203 3194 circumcisione
3220 3137 3475 3192 nondmn.
3505 3139 3662 3204 Quod

353 3243 470 3281 sum
501 3227 567 3282 ad
599 3229 779 3293 linetn,
811 3240 865 3284 et
895 3229 1015 3284 linis
1043 3246 1316 3286 recursum
1341 3234 1404 3286 ad
1425 3236 1630 3290 initium
1657 3253 1672 3301 ;
1699 3249 1753 3291 nt
1779 3239 1954 3294 omnis

353 3319 632 3391 dispositio
661 3322 710 3376 in
739 3337 859 3378 eum
887 3323 1169 3391 desinens,
1207 3341 1300 3396 per
1323 3343 1480 3397 quem
1508 3339 1680 3400 empta
1711 3341 1794 3388 est
1814 3373 1827 3398 ,
1861 3349 1955 3402 per

330 3405 670 3470 Sermonem
697 3415 901 3471 scilicet
931 3417 1054 3484 Dei,
1086 3419 1174 3488 qni
1207 3433 1334 3474 caro
1360 3419 1559 3476 laetum
1587 3433 1699 3489 est,
1733 3425 1954 3495 proinde

353 3505 563 3562 desinat
592 3507 1036 3578 quemadmodum
1064 3519 1119 3564 et
1143 3511 1325 3580 cmpit.
1370 3511 1439 3567 Et
1465 3513 1600 3569 adeo
1644 3515 1695 3570 in
1739 3516 1954 3573 Christo

354 3599 533 3652 onntia
557 3611 874 3654 revocantur
903 3596 983 3672 (l)
1001 3602 1308 3666 adinitium,
1328 3613 1384 3658 ιιι
1413 3614 1466 3660 et
1495 3606 1624 3662 lidcs
1650 3621 1862 3666 reversa
1885 3611 1956 3666 sit

355 3692 765 3748 circumcisione
793 3692 859 3746 ad
888 3695 1244 3765 integritatem
1286 3700 1462 3753 carnis
1505 3700 1646 3755 illius
1666 3743 1681 3768 ,
1711 3703 1849 3758 sicut
1886 3705 1955 3762 ab

279 3847 282 3849 ,
357 3783 524 3840 initio
556 3784 688 3852 fuit;
731 3796 786 3841 et
832 3785 1047 3856 libertas
1085 3787 1325 3843 ciborum
1365 3800 1419 3845 et
1447 3795 1756 3864 ~sanguiuis
1791 3797 1956 3852 solius

355 3877 674 3933 abstine.:tia
702 3878 840 3933 sicut
863 3879 929 3933 ab
967 3880 1118 3935 initio
1163 3880 1285 3936 luit:
1320 3892 1374 3938 et
1402 3886 1726 3940 matrimonii
1767 3887 1954 3943 indivi-

356 3969 560 4036 dnitas,
593 3970 822 4025 sicutab
864 3970 1012 4026 initio
1043 3972 1159 4037 fuit,
1184 3984 1236 4029 ct
1265 3976 1468 4043 repudii
1504 3978 1786 4045 cohibitio,
1813 3982 1954 4051 ψωά

357 4065 425 4117 ab
453 4063 600 4117 initio
629 4079 733 4116 non
769 4064 862 4116 luit
885 4078 900 4128 ;
927 4074 980 4118 et
1007 4075 1275 4134 postremo
1299 4077 1440 4121 totus
1467 4069 1628 4124 homo
1661 4072 1710 4124 in
1744 4075 1951 4140 paradi-

357 4171 474 4210 sum
509 4163 810 4222 revocatur,
834 4154 920 4209 ubi
949 4155 1016 4210 ab
1044 4157 1194 4211 initio
1224 4158 1323 4213 fuit
1372 4158 1478 4214 Cur
1504 4175 1631 4230 ergo
1660 4163 1741 4216 vel
1771 4179 1957 4218 mono-

357 4262 572 4318 gamutn
596 4247 688 4300 illo
715 4263 817 4301 non
845 4245 1037 4301 debeat
1067 4248 1232 4302 Adam
1263 4248 1483 4315 referre,
1515 4253 1603 4320 qui
1645 4269 1748 4306 non
1783 4265 1958 4324 potest

361 4349 466 4392 tam
491 4337 752 4407 integrum
787 4345 1060 4405 pl‘:BSl8|‘0,
1088 4353 1246 4407 quam
1271 4339 1392 4394 inde
1420 4341 1614 4396 missus
1635 4344 1754 4398 est?
1782 4345 1958 4413 Quan-

359 4440 470 4486 tutn
513 4431 744 4499 pertinet
784 4432 961 4501 itaque
1000 4431 1066 4485 ad
1107 4433 1240 4486 initii
1288 4434 1698 4503 restitutionem,
1735 4439 1783 4492 id
1829 4457 1857 4493 a
1907 4451 1958 4497 te

2060 3233 2105 3288 si
2137 3243 2322 3304 postea
2373 3236 2424 3287 in
2473 3243 2760 3301 utrumque
2791 3241 3026 3286 mutatus
3052 3241 3168 3298 est,
3215 3241 3268 3285 et
3295 3231 3345 3284 in
3373 3230 3660 3300 digamintt

2061 3344 2155 3398 per
2197 3329 2407 3384 ancilla:
2443 3329 2879 3394 concubinatum,
2911 3337 2964 3382 et
2996 3327 3050 3382 in
3075 3327 3536 3382 circumcisionetn
3567 3345 3664 3398 per

2061 3420 2361 3476 testamenti
2383 3420 2736 3491 signaculum,
2762 3435 2866 3474 neu
2897 3431 3048 3488 potes
3071 3419 3218 3473 illum
3244 3430 3448 3490 patrem
3469 3435 3664 3490 agnos-

2059 3527 2202 3580 cere,
2237 3514 2336 3568 nisi
2366 3523 2512 3580 tunc,
2543 3529 2664 3568 cum
2714 3513 2822 3568 Deo
2847 3513 3110 3578 credidit;
3159 3511 3420 3582 siquidem
3461 3527 3663 3568 Secun-

2059 3604 2186 3659 dqu
2208 3605 2366 3660 tidem
2392 3605 2529 3660 [ilius
2548 3605 2663 3674 ejus
2685 3619 2765 3670 es,
2793 3619 2895 3660 non
2915 3603 3208 3659 secundum
3233 3619 3468 3660 carnem.
3489 3604 3594 3659 Ant
3615 3607 3670 3664 si

2062 3699 2413 3767 posteriorem
2445 3697 2712 3753 Abraham
2756 3707 2962 3768 patrem
2990 3697 3252 3766 sequeris,
3300 3697 3350 3751 id
3389 3707 3473 3753 est
3509 3700 3667 3769 diga-

2062 3805 2229 3855 tntnu,
2258 3792 2434 3862 recipe
2475 3800 2528 3845 et
2557 3791 2954 3845 circumcisum.
2987 3789 3043 3845 Si
3068 3789 3242 3859 rejieis
3264 3789 3666 3860 circumcisum,

2061 3899 2190 3956 ergo
2216 3886 2488 3940 recusabis
2527 3894 2579 3940 et
2607 3885 2902 3955 digatnntn.
2937 3885 3077 3938 Duas
3107 3883 3483 3953 dispositiones
3525 3887 3666 3954 ejus,

2064 3981 2202 4035 binis
2232 3981 2370 4034 inter
2400 3994 2458 4033 se
2487 3977 2659 4032 modis
2692 3979 2938 4033 diversas
2958 4017 2973 4044 ,
3020 3977 3247 4030 miscere
3293 3991 3398 4031 non
3445 3979 3666 4047 pulcris.

2067 4072 2316 4143 Digamus
2368 4088 2488 4126 cum
2533 4070 3106 4124 circmncisioneesse
3140 4083 3296 4122 orsus
3321 4077 3424 4133 est,
3476 4083 3671 4123 mono-

2060 4181 2248 4234 gatnus
2296 4181 2418 4220 curn
2475 4161 2906 4236 praeputiatione.
2953 4160 3168 4230 Recipis
3220 4161 3546 4231 digamiam?
3577 4159 3673 4216 ad-

2064 4257 2214 4310 mitte
2286 4264 2342 4312 et
2397 4255 2882 4310 eircmneisioncm.
2935 4253 3122 4308 'l‘ueris
3171 4252 3674 4323 prteputiationem?

2066 4351 2262 4405 teneris
2288 4359 2344 4406 et
2373 4352 2742 4420 monogamia).
2774 4348 2923 4403 Adeo
2948 4357 3126 4402 autent
3156 4349 3457 4418 monogami
3499 4351 3675 4403 Abra-

2065 4440 2146 4496 ha:
2179 4441 2316 4497 lilins
2342 4458 2422 4507 es,
2446 4441 2582 4496 sicut
2613 4451 2668 4497 et
2711 4440 3048 4510 praeputiati;
3079 4448 3136 4493 ut
3168 4440 3214 4494 si
3240 4439 3670 4508 eireutncidaris,

357 4523 520 4596 exigit
546 4536 597 4580 et
625 4524 987 4595 dispositionis
1015 4534 1070 4580 et
1095 4526 1206 4595 spei
1231 4534 1332 4579 tua:
1361 4528 1514 4588 ratio.
1540 4529 1680 4598 quod
1711 4532 1778 4586 ab
1809 4533 1956 4588 initio
1990 4557 2035 4618 ι)
2059 4535 2169 4603 jam
2194 4552 2298 4589 non
2330 4535 2404 4590 sis
2433 4536 2593 4599 titius,
2626 4535 2749 4602 quia
2778 4550 2882 4590 non
2911 4533 3020 4588 eris
3040 4548 3105 4588 ex
3137 4532 3260 4598 lide,
3286 4513 3380 4588 sed
3405 4549 3467 4588 cx
3489 4535 3673 4603 signa-

357 4616 476 4682 i'uit,
508 4618 800 4673 secundmn
827 4618 1032 4672 initium
1055 4617 1195 4688 quod
1225 4619 1317 4674 tibi
1344 4628 1397 4674 et
1420 4619 1469 4674 in
1494 4622 1662 4676 Adam
1685 4634 1954 4694 censetur,

358 4718 412 4763 et
458 4709 510 4762 in
555 4708 666 4765 Noe
716 4723 1045 4764 recensetnr.
1091 4710 1236 4781 Elige
1281 4710 1330 4764 in
1371 4727 1477 4781 quo
1519 4729 1700 4769 eorum
1749 4719 1956 4774 initium

361 4809 507 4854 tuum
538 4800 783 4870 deputes.
819 4799 875 4854 lit
907 4802 1166 4857 ambobus
1191 4812 1240 4857 te
1267 4803 1365 4858 sibi
1396 4809 1747 4876 monogamite
1768 4826 1959 4865 censu-

361 4912 420 4950 ra
446 4895 702 4950 deiendit.
735 4895 838 4949 Sed
865 4906 918 4950 et
949 4895 990 4948 si
1020 4896 1226 4951 initium
1267 4898 1578 4954 transmittit
1600 4901 1664 4956 ad
1688 4905 1867 4972 tit'tem,
1904 4917 1962 4961 ut

359 5012 396 5041 α,
417 4988 484 5043 ad
511 5011 568 5054 ω,
600 4987 870 5060 quomodo
898 4987 1016 5041 imis
1045 4990 1267 5045 remittit
1299 4991 1365 5046 ad
1398 4992 1627 5060 initimn,
1659 5005 1715 5050 ut
1742 5021 1778 5049 ω
1807 4997 1870 5052 ad
1901 5022 1954 5065 ιι,

360 5095 520 5156 atque
551 5087 619 5140 ita
645 5097 840 5140 census
868 5093 1050 5140 noster
1073 5084 1389 5141 transfertur
1415 5087 1468 5142 in
1508 5088 1810 5157 Christum,
1843 5095 1960 5148 ani-

363 5176 522 5231 malis
566 5177 618 5232 in
656 5175 952 5246 spiritalem
975 5219 989 5240 ,
1022 5177 1142 5248 qttia
1191 5195 1294 5234 non
1334 5179 1506 5250 primo
1549 5181 1691 5251 quod
1720 5184 1961 5252 spiritale

364 5279 468 5337 est,
493 5271 584 5325 sed
615 5269 757 5341 quod
793 5271 1043 5339 animale,
1077 5270 1270 5329 deliine
1297 5270 1438 5343 quod
1463 5273 1707 5344 spiritale
1734 5293 1746 5330 :
1781 5278 1964 5346 proin-

2064 4625 2186 4680 cnlo
2213 4627 2334 4681 lidei
2371 4628 2420 4681 in
2455 4626 2859 4696 praeputiatione
2881 4627 3205 4695 jllSllllCﬂliB.
3239 4625 3415 4680 llabes
3446 4633 3672 4695 Aposto-

2066 4719 2194 4785 ltnn,
2225 4720 2369 4774 disce
2400 4735 2521 4773 eum
2563 4715 2784 4773 Galatis.
2821 4716 3052 4772 Proinde
3099 4717 3200 4772 etsi
3237 4707 3522 4786 digamiam
3573 4716 3674 4773 tibi

2067 4816 2345 4881 intuleris,
2379 4830 2483 4868 non
2529 4829 2588 4868 es
2614 4813 2754 4866 illius
2783 4811 3013 4866 Abralue
3051 4810 3221 4874 (ilius,
3253 4810 3406 4879 cujus
3451 4808 3582 4863 tidus
3615 4810 3672 4865 in

2067 4907 2399 4978 monogamia
2432 4908 2723 4977 prmcessit.
2753 4903 2882 4959 Nam
2911 4903 3011 4960 etsi
3055 4915 3238 4973 postea
3282 4912 3433 4972 pater
3473 4904 3673 4956 limita-

2065 5020 2183 5060 rum
2227 5002 2502 5056 nationum
2545 5008 2918 5071 nuncupatur,
2948 4997 3041 5053 sed
3079 5012 3263 5052 earmn
3293 5012 3412 5067 qua:
3450 5011 3512 5050 ex
3565 4996 3675 5053 tide

2064 5095 2347 5166 digamiam
2379 5091 2834 5162 prmeedentetiiii
2889 5089 3155 5144 habebant
3200 5087 3443 5158 deputari
3495 5089 3675 5143 Abra-

2067 5187 2169 5242 Ιιω.
2195 5185 2402 5241 Exinde
2432 5199 2518 5240 res
2540 5183 2792 5238 viderint.
2823 5181 2983 5256 Aliud
3011 5190 3136 5236 sunt
3164 5180 3364 5256 ﬁgurae,
3394 5179 3700 5259 albidior;

2052 5295 2222 5363 ﬂ
2244 5277 2736 5357 A_l_i_qt_l__ilnagines,
2793 5273 2938 5330 aliud
2999 5273 3354 5329 delinitiones.
3403 5271 3676 5356 inagines

1610 5387 1907 5478 LECTION
1915 5393 1997 5452 ES
2034 5391 2447 5450 VARIANTES.

429 5475 448 5535 (
458 5476 502 5538 ι)
522 5473 882 5529 Revocarentur
906 5479 1057 5529 Rlicn.

1739 5556 2299 5628 consummatus.

442 5673 596 5731 CAP.
649 5679 882 5754 V.-—(a)
929 5680 1165 5737 Possivua
1195 5683 1283 5738 tibi
1308 5699 1505 5750 census,
1535 5693 1639 5740 etc.
1692 5685 1967 5744 Passivum

367 5762 618 5821 censum,
685 5757 855 5826 inquit
910 5754 1236 5825 liltcnanus,
1284 5764 1436 5810 voeat
1503 5775 1723 5819 censum
1791 5761 1968 5816 inlini-

2077 5699 2188 5747 tum
2207 5731 2222 5759 ,
2245 5704 2458 5762 vagum,
2486 5657 2712 5746 liberum
2739 5730 2754 5758 ,
2806 5697 2860 5743 ct
2889 5687 3130 5743 licentem
3159 5681 3672 5810 sivepliccntiosum.

3300 5770 3393 5808 an.

3300 5770 3393 5808 All.
