4052 6286
115 1938 347 2085 corvi.‘

92 2483 376 2601 ne»,

361 280 466 339 957

360 500 396 532 ﬂ

398 484 589 541 lendaz.
615 479 883 541 Ituaaiiies
911 483 1251 541 uroohetaut,
1280 479 1620 537 definitiones
1636 479 1956 541 gubernant.

363 570 869 646 thlla
900 574 1129 630 Abrahae
1156 573 1472 644 portendat,
1505 572 1646 628 idem
1686 570 1961 642 apostolus

363 668 585 735 edocet,
637 665 1019 736 interpretator
1074 666 1354 737 utriusque
1415 664 1781 730 Testameuti,
1826 663 1964 718 sicut

362 762 509 818 idem
538 772 722 816 semen
761 768 1003 816 nostrum
1050 760 1102 815 in
1141 759 1287 815 Isaac
1327 768 1572 816 vocatum
1620 756 1964 814 determinat.

363 851 420 909 Si
447 868 511 908 ex
542 852 706 907 libera
737 866 817 915 es,
845 851 912 906 ad
951 850 1098 905 Isaac
1142 851 1445 921 pertinens,
1490 850 1577 906 hic
1615 841 1762 906 certe
1802 863 1965 904 unum

367 943 767 1000 matrimonium
806 942 1040 1013 pertulit.
1082 941 1181 997 Isti.
1202 943 1381 1013 itaque
1413 952 1562 1010 sunt,
1583 950 1641 997 ut
1673 942 1886 1012 opinor,
1916 940 1968 995 in

368 1035 562 1107 quibus
600 1048 842 1090 eenseor.
875 1034 1113 1089 Cmteros
1147 1035 1348 1089 nescio.
1383 1034 1620 1101 Quorum
1647 1034 1693 1089 si
1728 1019 1971 1103 exempla

368 1127 773 1198 cireumSpicis,
823 1128 1047 1199 alicujus
1096 1127 1261 1183 David
1309 1129 1470 1183 etiam
1519 1144 1614 1198 per
1657 1128 1972 1199 sanguinem

373 1222 588 1291 nuptias
614 1220 714 1277 sibi
739 1222 1047 1292 ingerentis,
1079 1214 1303 1293 alicujus
1324 1221 1627 1277 Salomonis
1654 1223 1974 1282 etiamuso-

375 1308 526 1371 ribus
554 1313 771 1380 divitis;
800 1313 1021 1369 meliora
1049 1314 1242 1369 sectari
1267 1314 1469 1383 jussus,
1504 1313 1669 1370 habes
1700 1323 1752 1370 et
1776 1311 1976 1384 Ioseph

372 1406 671 1477 unijugum,
702 1414 757 1462 et
787 1405 888 1461 hoc
918 1405 1158 1474 nomine,
1177 1405 1351 1462 audeo
1379 1405 1579 1472 dicere,
1617 1415 1766 1476 patre
1787 1405 1976 1485 int-lio-

373 1515 524 1567 rem;
548 1500 711 1556 habes
737 1489 977 1573 Moysen,
1011 1500 1105 1555 Dei
1127 1499 1194 1555 de
1221 1501 1463 1569 proximo
1483 1500 1782 1564 arbitrum;
1813 1498 1980 1554 habes

376 1594 669 1659 Aaroncm.
712 1593 1057 1665 principalem
1132 1591 1487 1649 sacerdotem.
1540 1589 1642 1665 (a)
1698 1591 2025 1667 Secundus

376 1700 591 1756 quoque
620 1685 826 1757 Moyses
852 1684 1032 1757 populi
1052 1684 1292 1750 secundi,
1316 1684 1406 1756 qui
1436 1685 1719 1755 imaginem
1743 1692 1980 1740 nostram

1585 272 1789 334 LIBER
1835 270 1925 329 DE
1979 266 2405 328 MONOGAMIA.

360 389 1019 467 transeun_t_adimpleta:,
1057 362 1397 446 deﬁnitiones
1447 397 1763 467 permanent
1782 385 1955 440 adim-
1982 385 2035 446 A

3562 258 3668 315 938

2062 390 2267 444 rentur,
2314 380 2403 451 qui
2462 390 2567 433 non
2616 385 2818 433 naturae
2868 382 3048 454 reatu,
3081 381 3136 430 at
3185 372 3370 428 mortis
3426 387 3669 442 przeveu-

2065 484 2121 530 ιιι
2150 474 2266 529 orbi
2298 472 2683 536 decessissent,
2710 469 2836 525 ideo
2868 468 2971 524 illis
2997 483 3062 524 ex
3090 482 3188 522 suo
3215 481 3415 538 genere
3445 465 3663 528 vicaria,

2065 574 2122 623 et
2162 565 2314 641 quasi
2348 574 2592 633 postuma
2627 562 2844 618 soboles
2897 560 3309 631 supparabatur.
3363 561 3431 613 At
3482 557 3571 612 ubi
3618 567 3673 611 et
3758 565 3765 572 ’

2066 655 2285 713 Crescite
2313 666 2357 711 et
2386 653 2670 710 redundatc
2693 652 2973 709 evacuavit
2998 650 3309 707 extremitas
3341 658 3667 718 temporum,

2071 748 2355 804 inducente
2374 745 2629 817 Apostolo
2659 744 2700 816 (ι
2731 743 2849 799 Cor.
2880 741 2994 807 VII,
3015 739 3107 810 29)
3129 758 3141 794 :
3166 740 3430 809 Superest,
3457 747 3566 793 utet
3586 740 3672 808 qui

2073 841 2258 896 habent
2285 856 2490 905 uxores,
2518 839 2591 894 sic
2620 838 2746 903 sint,
2775 854 2836 891 ae
2852 838 2896 892 si
2922 853 3023 891 non
3049 832 3288 898 habeant,
3319 835 3438 905 quia
3470 844 3669 904 tempus

2074 932 2128 987 in
2157 932 2365 987 collecto
2394 942 2468 985 est
2496 931 2632 999 (Jer.
2666 928 2860 994 XXXI,
2879 928 2990 998 29);
3021 936 3073 982 et
3106 943 3120 980 :
3150 925 3311 980 Desiit
3348 941 3445 980 una
3472 926 3669 991 acerba,

2077 1042 2110 1080 a
2140 1025 2369 1096 patribus
2410 1022 2738 1086 manducata,
2760 1022 2987 1090 ﬁliorum
3031 1016 3211 1074 dentes
3257 1018 3635 1088 obstupefacere
3657 1036 3675 1073 :

2077 1118 2428 1189 unusquisque
2457 1116 2588 1171 enim
2617 1116 2690 1169 in-
2709 1131 2800 1170 suo
2827 1113 3010 1168 delicto
3035 1112 3310 1174 morietur;
3335 1120 3389 1166 et
3413 1109 3680 1180 spadones

2080 1225 2187 1267 nou
2245 1218 2449 1264 tantum
2499 1206 2787 1277 ignominia
2818 1213 3124 1283 caruerunt,
3154 1218 3340 1260 verum
3374 1212 3427 1259 ct
3454 1203 3678 1274 gratiam

2081 1299 2646 1367 meruerunt,iuvitali
2675 1300 2726 1354 in
2778 1313 2937 1370 regna
2977 1297 3259 1363 caelorum,
3312 1296 3521 1367 sepulta
3568 1296 3684 1366 lege

2082 1393 2406 1451 succedendi
2434 1393 2488 1447 in
2520 1390 2919 1447 matrimonium
2953 1388 3160 1453 fratris,
3201 1388 3527 1443 contrarium
3568 1388 3685 1457 ejus

2083 1475 2317 1542 obtinuit
2384 1500 2491 1539 non
2547 1482 2865 1539 succedendi
2922 1482 2975 1537 iu
3029 1481 3429 1536 matrimonium
3485 1478 3683 1534 fratris.

2085 1576 2156 1631 Et
2192 1576 2263 1631 ita
2288 1617 2303 1643 ,
2331 1582 2389 1631 ut
2439 1572 2788 1645 praediximus
2838 1571 2917 1645 (l)
2946 1613 2960 1636 ,
2998 1571 3141 1643 quod
3189 1571 3422 1627 cessavit
3470 1570 3685 1636 valere,

2085 1676 2335 1725 cessante
2383 1666 2614 1730 ratione,
2668 1680 2778 1721 non
2824 1672 2996 1735 potest
3037 1663 3144 1718 alii-
3170 1661 3689 1734 argumentationem

377 1777 433 1832 in
472 1777 883 1848 promissionem
927 1754 1021 1831 Dei
1061 1774 1308 1843 induxit,
1335 1754 1409 1831 vin
1437 1754 1748 1847 quoiprimo
1787 1789 1981 1832 nomen

2115 1756 2519 1817 iecommodare.
2555 1756 2700 1828 Ergo
2747 1771 2852 1811 nou
2905 1755 3071 1811 nubet
3100 1754 3353 1811 defuncto
3385 1755 3500 1810 viro
3532 1770 3690 1821 uxor,

385 1871 599 1928 Domini
629 1871 930 1928 dedicatum
959 1878 1075 1937 est,
1107 1885 1212 1925 non
1242 1868 1339 1924 fuit
1362 1868 1646 1950 digamusa

1002 2004 1232 2063 CAPUT
1271 2006 1384 2062 VII.
1442 2005 1448 2009 ’

456 2121 586 2178 Post
608 2129 786 2178 vetera
808 2120 1050 2191 exempla
1078 2120 1412 2193 originalium
1442 2135 1814 2191 personarum,
1841 2136 1994 2193 aique

389 2216 460 2274 ad
476 2228 658 2274 vetera
680 2228 1011 2272 transeamus
1032 2215 1384 2271 instrumenta
1415 2213 1665 2286 legalium
1689 2214 1996 2287 Scriptura-

388 2325 531 2376 rum,
551 2316 614 2364 ut
633 2323 728 2379 per
748 2307 988 2364 ordinem
1015 2305 1090 2379 (ὁ)
1108 2306 1177 2362 de
1189 2306 1334 2362 omni
1356 2316 1537 2362 nostra
1560 2317 1806 2378 paratura
1829 2315 1999 2362 retra-

388 2411 619 2459 ctemus.
655 2398 982 2470 thuouiam
1011 2398 1225 2470 quidam
1255 2396 1521 2454 interdum
1542 2397 1673 2452 nihil
1692 2398 1791 2453 sibi
1818 2397 2003 2454 dicunt

394 2509 519 2550 esse
532 2508 654 2549 cum
676 2493 815 2564 lege,
831 2506 989 2562 quam
1018 2492 1263 2547 Christus
1291 2507 1397 2547 non
1422 2490 1688 2558 dissolvit,
1708 2492 1802 2547 sed
1827 2493 2000 2547 adiut-

394 2587 580 2659 plevit,
602 2585 869 2642 interdum
888 2601 1006 2656 qua:
1043 2586 1229 2641 volunt
1264 2584 1395 2656 legis
1420 2585 1714 2655 arripiunt;
1750 2585 1907 2655 plane
1949 2593 2004 2639 et

396 2694 498 2737 nos
541 2679 621 2734 sic
666 2678 894 2734 dicimus
942 2677 1240 2734 decessisse
1290 2678 1482 2748 legem,
1512 2688 1570 2732 ut
1595 2691 1759 2734 onera
1790 2675 2004 2747 quidem

397 2776 547 2842 ejus,
595 2786 715 2840 quae
759 2770 1055 2826 secundum
1107 2770 1428 2825 sententiain
1476 2770 1854 2837 Apostolorum
1907 2783 2008 2824 nec

398 2859 893 2919 Patrcs‘sustiuere
932 2861 1244 2928 voluerunt,
1289 2862 1694 2928 concesserint;
1724 2876 1843 2933 quae
1880 2875 2009 2915 vero

398 2956 467 3011 ad
500 2956 760 3027 justitiam
787 2963 1065 3026 Speclaut,
1102 2970 1206 3009 non
1240 2962 1442 3009 tantum
1484 2963 1759 3010 reservata
1802 2960 2010 3025 perma-

401 3058 598 3122 neant,
630 3063 816 3105 verum
838 3056 895 3104 et
918 3048 1204 3119 ampliata:
1240 3057 1298 3102 ut
1322 3047 1528 3104 scilicet
1554 3046 1855 3103 redundare
1887 3060 2011 3118 pos-

2091 1851 2245 1908 fratri
2287 1850 2472 1921 utique
2508 1857 2735 1920 nuptura
2791 1848 2835 1903 si
2885 1847 3142 1919 nupserit.
3190 1847 3389 1903 Omnes
3427 1848 3568 1904 enim
3597 1862 3696 1915 nos

2096 1945 2289 2000 fratres
2304 1958 2489 1999 sumus
2508 1941 2930 2011 :etillannptura
2962 1940 3014 1994 in
3048 1939 3275 1995 Domino
3292 1939 3696 2011 liabetuubere,

2096 2037 2272 2102 idest,
2296 2052 2404 2092 non
2429 2035 2671 2101 etlmico,
2691 2033 2784 2089 sed
2815 2032 2998 2099 fratri;
3032 2031 3155 2103 quia
3199 2040 3254 2087 et
3281 2041 3434 2087 vetus
3465 2031 3547 2086 lex
3577 2029 3698 2085 adi-

2098 2130 2198 2186 mit
2234 2129 2542 2199 conjugium
2578 2124 2998 2197 allophylorum.
3023 2123 3158 2179 Cum
3181 2131 3435 2179 autemet
3460 2122 3512 2177 in
3538 2121 3704 2177 Levi-

2102 2224 2209 2279 lico
2232 2230 2451 2278 cautum
2474 2220 2545 2275 sit
2577 2236 2591 2275 :
2622 2219 2937 2287 Quicumque
2962 2217 3233 2287 sumpserit
3265 2216 3441 2284 fratris
3467 2231 3703 2281 uxorem,

2101 2313 2430 2371 immunditia
2500 2320 2604 2378 est,
2683 2308 2949 2379 turpitudo
2969 2351 2984 2373 ,
3014 2309 3121 2362 sine
3151 2303 3320 2363 liberis
3349 2307 3592 2361 morietur
3623 2305 3701 2377 (2)

2107 2410 2252 2484 (Leu.
2282 2406 2402 2470 XX,
2433 2405 2548 2476 5|);
2584 2404 2701 2459 sine
2719 2401 2903 2468 dubio,
2931 2399 3057 2456 dum
3082 2399 3169 2456 ille
3198 2399 3512 2471 prohibetur
3528 2398 3706 2455 denuo

2107 2502 2343 2567 nubere,
2376 2508 2431 2555 et
2457 2498 2545 2553 illa
2574 2494 2909 2567 prohibetur,
2945 2508 3051 2547 nun
3089 2491 3297 2547 habens
3341 2491 3545 2547 nubere
3601 2490 3707 2545 nisi

2108 2593 2283 2649 fratri.
2313 2587 2597 2658 Quomodo
2637 2601 2768 2658 ergo
2822 2585 3082 2654 Apostolo
3137 2583 3421 2640 conveniet
3466 2592 3522 2639 et
3546 2581 3708 2654 Legi,

2109 2702 2271 2757 quant
2318 2700 2425 2739 non
2473 2683 2527 2739 in
2566 2689 2737 2736 lotum
2787 2679 3085 2749 impugnat,
3137 2692 3258 2732 cum
3313 2677 3378 2731 ad
3427 2677 3709 2747 epistolam

2112 2777 2283 2849 ipsius
2312 2774 2642 2840 venerimus,
2660 2769 2995 2851 ostendetur.
3022 2766 3240 2822 Interim
3264 2767 3403 2838 quod
3443 2767 3712 2837 pertineat

2112 2868 2181 2924 ad
2210 2867 2405 2938 Legem
2429 2908 2443 2931 ,
2477 2864 2644 2934 magis
2683 2861 2841 2917 nobis
2868 2868 3180 2930 competunt
3222 2860 3713 2930 argumentationes

2114 2962 2250 3034 ejus.
2288 2960 2527 3030 Denique
2554 2956 2809 3028 prohibet
2821 2954 3008 3010 eadem
3032 2995 3046 3016 ,
3075 2952 3382 3009 sacerdotes
3407 2952 3583 3008 denuo
3609 2969 3714 3007 nu-

2116 3057 2246 3114 bere
2278 3053 2419 3129 (Lev.
2463 3050 2659 3116 XXXI,
2693 3049 2761 3106 14
2783 3050 2825 3120 γ.
2860 3047 2933 3121 (ε)
2991 3046 3178 3102 Filiam
3207 3061 3420 3118 quoque
3458 3047 3716 3103 sacerdo-

402 3141 474 3197 sit
508 3140 711 3211 justitia
742 3149 925 3195 nostra
967 3152 1134 3211 super
1169 3139 1476 3196 Scribarum
1518 3148 1574 3196 et
1617 3137 2008 3194 Pharisaeorum

2117 3151 2184 3207 tis
2198 3149 2352 3220 jubet
2381 3146 2596 3202 viduam
2618 3143 2701 3200 vel
2724 3144 2972 3213 ejectum,
3006 3140 3050 3195 si
3083 3154 3269 3196 semen
3301 3154 3407 3195 non
3438 3138 3716 3208 fueritilli,

400 3233 682 3304 justitiam.
712 3229 767 3288 Si
786 3231 1011 3303 justitia,
1038 3232 1218 3302 utique
1247 3240 1303 3287 et
1330 3231 1604 3303 pudicitia.
1622 3230 1680 3287 Si
1707 3246 1859 3303 ergo,
1878 3247 2014 3302 qun-

405 3326 550 3381 niam
594 3325 648 3380 in
692 3323 809 3393 lege
859 3323 1191 3394 praccipitur,
1238 3333 1294 3378 ut
1318 3323 1438 3394 quis
1470 3322 1646 3379 fratris
1671 3323 1752 3378 sui
1787 3337 2015 3378 uxorem

406 3419 526 3474 sine
551 3417 738 3473 liberis
756 3416 991 3472 defuncti
1025 3417 1076 3471 in
1101 3417 1494 3472 matrimonium
1512 3415 1775 3498 adsumat,
1805 3415 1871 3471 ad
1897 3430 2016 3481 sus-

408 3511 680 3569 citandum
710 3511 857 3567 fratri
887 3526 985 3567 suo
1014 3526 1196 3567 semen
1224 3553 1239 3578 ,
1270 3510 1430 3582 idque
1469 3512 1665 3583 smpius
1703 3511 1918 3567 evenire
1965 3511 2016 3566 in

409 3622 572 3662 unam
626 3621 914 3678 personam
968 3613 1150 3676 potest
1207 3605 1503 3661 secundum
1573 3605 1820 3660 callidam
1874 3604 2017 3660 illam

411 3699 764 3770 qumstionem
803 3697 1247 3760 Sadducmorum,
1278 3697 1399 3754 ideo
1424 3707 1480 3753 et
1524 3697 1656 3753 alias
1686 3707 1868 3767 putant
1892 3713 2020 3770 per;

414 3792 633 3846 missam
665 3790 1021 3861 frequentiam
1054 3789 1391 3860 nuptiarum;
1429 3789 1734 3862 intelligere
1753 3790 2024 3846 debebunt

414 3883 883 3956 primo'rationem
922 3882 1088 3951 ipsius
1128 3882 1418 3953 praecepti,
1446 3889 1502 3938 et
1546 3882 1618 3938 ita
1667 3882 1840 3938 scient
1878 3882 2023 3938 illam

418 3976 681 4031 rationem
724 3973 834 4045 jam
863 3983 1163 4030 cessantem
1204 3990 1274 4031 ex
1321 3975 1401 4030 eis
1448 3989 1567 4031 esse
1608 3991 1730 4047 qua:
1773 3982 2025 4031 evacuata

417 4077 545 4124 sunt
611 4067 764 4138 legis.
824 4066 1141 4123 Necessario
1207 4065 1599 4123 succedendum
1653 4067 1849 4122 eratin
1915 4082 2028 4122 iuao

421 4158 732 4215 trimonium
802 4159 980 4214 fratris
1044 4159 1160 4214 sine
1203 4158 1384 4215 liberis
1428 4158 1685 4215 defuncti.
1749 4159 2027 4226 Primum,

421 4253 543 4323 quia
588 4252 765 4307 adhuc
810 4260 963 4307 vetus
1009 4250 1099 4305 illa
1161 4251 1460 4307 benedictio
1515 4252 1802 4308 decurrere
1862 4251 2027 4308 habe-

423 4346 561 4402 bat:
609 4344 829 4401 Crescite
873 4353 920 4398 et
968 4344 1249 4400 redundate
1301 4344 1472 4417 (Cen.
1523 4344 1567 4411 I,
1597 4344 1669 4401 28
1700 4345 1743 4417 ).
1800 4345 2028 4414 Dehine,

433 4437 687 4509 quoniam
717 4446 925 4506 patnum
952 4435 1145 4493 delicta
1184 4438 1344 4492 etiam
1391 4437 1458 4493 de
1497 4436 1618 4492 filiis
1660 4437 2029 4509 exigebantur.

2120 3244 2173 3299 in
2207 3242 2427 3298 domum
2473 3238 2638 3308 patris
2688 3236 2769 3291 sui
2825 3230 3058 3305 regredi,
3091 3231 3239 3288 etde
3268 3247 3405 3302 pane
3454 3231 3572 3301 ejus
3621 3230 3715 3286 ali.

2120 3337 2268 3400 Ideo,
2295 3333 2341 3390 si
2367 3346 2552 3388 semen
2583 3345 2687 3385 non
2711 3328 2872 3384 fuerit
2893 3326 2992 3398 illi,
3026 3339 3154 3391 non,
3179 3333 3237 3380 ut
3262 3326 3307 3380 si
3335 3324 3514 3391 fuerit,
3541 3324 3720 3381 denuo

2122 3433 2326 3490 nubat:
2357 3438 2557 3502 quanto
2600 3426 2769 3495 magis
2805 3422 2950 3479 enim
3004 3435 3109 3477 non
3153 3418 3337 3485 nubet,
3369 3419 3414 3474 si
3447 3417 3583 3474 ﬁlios
3624 3418 3724 3473 lia-

2124 3526 2284 3583 beat!
2315 3522 2411 3580 sed
2440 3529 2518 3585 ut,
2552 3519 2598 3574 si
2631 3515 2899 3583 habuerit,
2930 3529 2957 3568 a
2983 3512 3091 3568 filio
3114 3513 3289 3584 potius
3315 3511 3486 3567 alatur
3501 3527 3659 3582 quam
3691 3529 3724 3568 a

2124 3628 2299 3689 patre.
2323 3628 2430 3687 quo
2447 3611 2656 3668 etlilius
2675 3614 2999 3681 princeptum
3018 3604 3113 3660 Dei
3140 3611 3484 3675 exsequatur,
3516 3601 3728 3658 Honora

2127 3719 2319 3783 putrem
2349 3716 2394 3762 et
2444 3715 2654 3760 matrem
2681 3701 2702 3775 (
2726 3700 2847 3755 Leu.
2880 3697 3075 3762 XXXI,
3109 3696 3220 3769 I5).
3271 3696 3379 3752 Nos
3421 3706 3599 3752 autem
3629 3696 3726 3753 Jc-

2127 3821 2221 3861 sus
2244 3815 2485 3860 summus
2514 3796 2765 3853 sacerdos
2807 3803 2858 3850 et
2906 3806 3131 3862 magnus
3176 3790 3370 3857 l’atris,
3411 3789 3480 3845 de
3514 3806 3612 3845 suo
3638 3807 3728 3846 vc-

2130 3897 2297 3952 sticns
2327 3897 2343 3965 (
2369 3892 2492 3964 quia
2520 3888 2678 3961 [GaL
2707 3885 2795 3952 III,
2832 3883 2942 3956 27]
2979 3883 3067 3954 qui
3092 3884 3143 3936 in
3176 3881 3374 3937 Christo
3405 3883 3730 3953 tinguuntur,

2132 3986 2387 4042 Christum
2411 3977 2742 4051 induerunt"),
2778 3977 2856 4049 (tt)
2885 3974 3169 4031 sacerdotes
3216 3973 3320 4028 Deo
3348 3972 3496 4028 Patri
3522 3991 3615 4029 suo
3650 3981 3727 4047 fe-

2132 4089 2199 4143 cit
2242 4070 2535 4141 secundum
2591 4077 2851 4134 Joannem
2883 4073 3080 4145 (Apoc.
3113 4071 3153 4138 I,
3189 4071 3271 4145 6).
3308 4070 3439 4128 Nam
3484 4080 3539 4128 et
3584 4073 3731 4127 illum

2133 4179 2530 4235 adolescentem
2562 4160 2900 4227 festinantem
2930 4164 2997 4220 ad
3027 4166 3280 4235 exequias
3311 4163 3472 4233 patris
3503 4163 3629 4219 ideo
3656 4181 3737 4221 re.

2135 4280 2312 4338 vocat,
2336 4280 2393 4324 ut
2417 4264 2667 4324 ostendat
2696 4260 3003 4318 sacerdotes
3041 4273 3139 4313 nos
3172 4258 3354 4313 vocari
3381 4257 3448 4313 ab
3473 4272 3540 4315 eo
3559 4299 3575 4326 ,
3601 4275 3736 4329 quos

2136 4366 2224 4422 lex
2268 4364 2485 4420 vetabat
2512 4365 2794 4431 parentum
2843 4353 3134 4424 sepulturm
3188 4351 3380 4408 adesse
3413 4367 3426 4405 :
3459 4351 3529 4426 (ε)
3561 4354 3735 4423 Super

2139 4471 2361 4522 omnem,
2391 4452 2582 4523 inquit,
2635 4448 2858 4503 animum
2901 4446 3192 4515 defunctam
3238 4443 3474 4498 sacerdos
3518 4460 3620 4499 non
3652 4446 3738 4500 in-

427 4530 645 4596 'l‘ertio,
695 4528 948 4599 quoniam
999 4529 1266 4600 Spadones
1315 4537 1372 4585 et
1421 4529 1639 4586 steriles
1691 4529 2009 4601 ignominios

2115 4547 2332 4611 ltroibit,
2359 4553 2406 4600 et
2451 4557 2603 4615 super
2641 4548 2837 4610 patrem
2876 4552 3045 4601 suum,
3087 4543 3133 4589 et
3159 4550 3313 4604 super
3359 4542 3568 4589 matrem
3589 4552 3737 4592 suam

428 4621 780 4679 habebantur.
847 4622 1061 4693 Itaque,
1130 4638 1199 4680 ne
1250 4622 1473 4695 proinde
1522 4623 1790 4680 maledicti
1834 4624 2008 4694 judico

2145 4659 2245 4698 non
2274 4635 2697 4694 contamiuabitur
2739 4629 2885 4711 (Leu.
2929 4627 3099 4698 XXII,
3128 4629 3238 4698 I5).
3272 4627 3415 4701 Ergo
3442 4637 3497 4687 et
3522 4645 3621 4687 nos
3636 4631 3741 4690 hoc

714 4726 725 4732 ’
1230 4740 1245 4763 κ
1677 4736 2060 4796 moriones
2099 4727 2514 4793 VAniAN'rEs.

499 4828 577 4892 (1)
602 4827 925 4879 Ριιωιιίοίιιιιιε
955 4834 1116 4880 Venet.

510 5006 586 5082 (τι)
606 5005 902 5088 Secundus
925 5023 1120 5088 quoque
1147 5006 1337 5088 diosa.
1363 5010 1546 5067 Jesum
1576 5010 1723 5088 l‘lavc
1746 5011 2032 5088 significat,

437 5078 507 5136 de
522 5078 691 5150 cujus
723 5078 925 5148 nuptiis
977 5078 1109 5154 nihil
1150 5081 1451 5154 Scriptura.
1481 5082 1716 5140 tradidit.
1765 5078 1944 5154 Itaque
1967 5097 2037 5138 ex

437 5165 516 5225 eo_
549 5163 724 5225 neque
750 5164 848 5219 pro
893 5152 1127 5225 nuptiis,
1157 5167 1328 5225 neque
1366 5153 1627 5209 adversus
1650 5152 1891 5225 nuptias,
1923 5155 2039 5209 sive

440 5220 660 5295 primas,
682 5221 797 5276 sive
833 5220 1123 5295 secundas,
1143 5220 1430 5293 quidquam
1455 5220 1739 5295 colligitur;
1771 5225 1837 5280 Et
1862 5235 2038 5280 tamen

442 5292 758 5367 Septimium
799 5293 1055 5367 sequitur
1085 5292 1924 5367 Hieronymuslib."l__adversus
1952 5295 2044 5351 Jo—

442 5362 751 5436 vinianutn:
788 5361 1010 5436 Ostende
1023 5364 1173 5436 imi/ti,
1206 5361 1593 5436 inquit,.lesum
1619 5365 1786 5430 Nave.
1818 5367 1894 5420 vel
1922 5382 2048 5422 uxo-

443 5447 550 5487 rem
575 5432 826 5498 habuisse,
856 5434 934 5488 vel
954 5435 1106 5501 ﬁlios.
1139 5435 1258 5491 llic.

516 5503 670 5585 CAP.
708 5503 891 5585 V_ll.+
914 5503 994 5576 (υ)
1028 5503 1104 5585 De
1127 5508 1273 5585 omni
1286 5516 1457 5561 nostra
1483 5517 1747 5585 partitum.
1775 5507 2053 5585 Signiﬁcat

447 5572 1083 5646 utriusquelnstruineuti
1113 5592 1207 5634 seu
1230 5572 1557 5633 Testamenti
1582 5572 1900 5646 Scripturas.
1930 5579 2048 5635 Βισ.

520 5643 597 5715 (c)
643 5642 836 5699 Filiam
881 5662 1076 5714 quoque
1116 5650 1413 5715 sacerdotis,
1465 5659 1573 5704 etc.
1623 5642 1832 5706 Clarius
1864 5651 2052 5707 beatus

448 5715 805 5789 Hieronymus
822 5734 836 5773 :
853 5716 1209 5773 Sarerdotalis
1227 5719 1380 5775 vidua
1398 5722 1448 5773 in
1463 5719 1850 5789 domojubetur
1861 5722 2052 5777 sedere

462 5786 635 5861 patris
661 5787 764 5854 sui,
820 5804 920 5843 nec
965 5792 1255 5844 secundum
1283 5805 1446 5850 nosse
1489 5786 1912 5850 matrimonium.
1944 5792 2051 5851 Sed

778 5885 1217 5949 TearULLtANr
1259 5888 1340 5951 II.

2208 4823 2282 4890 (2)
2300 4822 2569 4873 Morientur
2594 4827 2744 4869 Fran.
2776 4820 2933 4867 Venet.

1676 4865 1685 4871 ’
1750 4952 1763 4962 .
1808 4865 2370 4975 conamina—ius:

2138 5008 2340 5063 Auctor
2364 5001 2604 5074 sequitur
2622 4995 2785 5054 verba
2796 4994 3090 5074 scrip-tura}
3123 4993 3292 5074 Cavit.
3325 4993 3491 5074 XXII.
3524 4997 3662 5074 Pin.

2215 5074 2298 5148 (ιι)
2330 5064 2631 5148 sacerdotes
2653 5083 2746 5123 nos
2786 5064 2895 5148 ῼεο
2919 5064 3083 5119 Patri
3138 5068 3276 5136 fecit.
3334 5068 3410 5124 De
3463 5072 3736 5148 intellectu

2142 5137 2453 5215 vero'hujus
2485 5140 2588 5215 loc_i
2622 5150 2677 5215 e_t
2704 5137 2989 5194 verborum
3018 5151 3139 5209 qua:
3164 5149 3464 5209 sequuntur
3487 5143 3608 5200 vide
3638 5145 3731 5203 lib,

2144 5210 2381 5294 praecari:
2399 5229 2518 5285 cap.
2554 5211 2607 5267 7.
2635 5210 2771 5265 Pu.

2222 5291 2298 5363 (θ)
2329 5287 2367 5343 S
2378 5277 2499 5363 ἔφαθ’
2521 5296 2745 5363 9¹²²ῐ¹ε¹¹⁸ο
2758 5277 3219 5363 ,ῖιιίιυὶινηαηὶηιηιιρ
3240 5281 3558 5363 defunctam:
3569 5285 3737 5363 .Coni.

2219 5348 2301 5417 rat
2328 5348 2489 5428 etiam
2521 5354 2573 5408 in
2611 5354 2713 5428 hoc
2758 5348 2928 5421 legem
2961 5348 3493 5428 Evangelicaurcum
3539 5355 3739 5428 Moysi;

2179 5448 2292 5503 ege,
2329 5426 2470 5500 quod
2503 5424 2972 5503 sepelirepatre‘m
3002 5437 3164 5503 suurn
3189 5421 3532 5503 prohibeatur
3561 5421 3741 5483 sacer-

2157 5491 2254 5561 ad;
2281 5491 2688 5569 inﬁgnus,Lev.
2714 5491 2855 5548 XXI.
2877 5492 3063 5569 _Quar_e
3096 5494 3256 5569 etiam
3283 5493 3420 5569 apud
3448 5498 3737 5554 Auctorem

2156 5563 2477 5639 subiutelligi
2520 5567 2700 5630 debet,
2739 5563 2892 5639 quod
2920 5564 3077 5633 paulo
3109 5564 3253 5632 prius
3287 5563 3355 5619 de
3392 5564 3518 5639 Jcsu
3540 5568 3740 5625 dictum

2157 5660 2260 5712 θεῖ’
2292 5635 2818 5712 ⁵¹¹¹¹¹¹ί¹¹¹⁵ηδ³θὲτά9⁵
2843 5637 2957 5712 sive
2982 5649 3227 5705 "mgnus.
3261 5650 3383 5712 nam
3411 5637 3607 5707 alioqui
3651 5656 3743 5695 sa-

2157 5706 2464 5775 cerdotibus
2501 5710 2620 5764 aliis
2654 5706 2849 5762 licebat
2868 5707 3078 5780 intrare
3100 5719 3264 5780 super
3284 5710 3522 5780 animam
3542 5706 3740 5780 patris.

2156 5789 2367 5857 muris,
2397 5781 2599 5852 (fauis,
2629 5789 2684 5836 et
2709 5778 2910 5836 sororis
2951 5776 3192 5846 virginis,
3222 5778 3295 5832 uti
3349 5776 3572 5837 habetur
3598 5783 3750 5840 initio

2956 5870 3252 5950 (Trente.)
