4052 6286
265 260 271 266 ’
322 261 427 316 959

1710 252 2171 312 TERTULLIANI

3509 252 3616 310 940

321 375 666 432 interdictum
717 376 999 431 observare
1039 373 1337 430 debemus?
1376 384 1482 427 nou
1535 370 1737 441 utique.
1768 340 1926 424 Vivit.
1946 381 1990 439 Α
2020 368 2149 421 sicut
2194 366 2361 421 cwteri
2390 365 2606 436 apostoli
2653 373 2701 420 et
2753 363 2952 435 Cap/ias
2982 363 3036 435 (Ι
3065 364 3183 420 Cor.
3237 364 3372 435 IX)?
3409 366 3483 421 At
3527 365 3620 422 ubi

226 450 235 454 ”
319 469 461 521 enim
486 469 674 521 unicus
705 477 853 537 pater
884 473 1064 520 noster
1086 464 1245 530 Deus,
1266 473 1319 519 et
1348 472 1520 519 mater
1546 462 1786 518 Ecclesia
1812 478 1827 528 ;
1857 471 1913 518 et

318 575 492 630 neque
515 559 611 630 ipsi
646 558 837 611 mortui
886 573 1091 621 smnus,
1122 557 1210 627 qui
1259 557 1369 612 Deo
1419 556 1685 621 vivimus;
1736 571 1911 627 neque

316 661 557 705 mortuos
604 650 911 719 sepeliunts,
969 650 1093 720 quia
1124 660 1177 704 et
1223 649 1299 704 illi
1350 650 1535 704 vivunt
1572 649 1625 703 in
1666 647 1905 703 Christo.

310 740 468 796 Certe
494 741 803 796 sacerdotes
829 756 943 795 sum
955 755 1014 795 us
1035 756 1061 794 a
1088 738 1304 795 Christo
1324 741 1519 807 vocati,
1553 740 1907 811 monogamia:

308 835 581 890 debitores
610 849 671 889 ex
709 833 926 904 pristina
973 833 1063 889 Dei
1092 832 1228 904 lege,
1259 848 1379 903 qua:
1420 847 1520 888 nos
1551 840 1677 889 tunc
1705 833 1759 887 in
1793 832 1907 887 suis

310 927 679 984 sacerdotibus
712 925 1064 997 prephetavit.

893 1016 1119 1075 CAPUT
1181 1016 1314 1075 Vill.

379 1112 529 1167 Nunc
566 1111 631 1166 ad
664 1111 833 1183 legem
876 1112 1092 1181 proprie
1115 1122 1374 1179 neSIram,
1406 1110 1456 1167 id
1485 1120 1588 1177 est,
1619 1110 1685 1167 ad
1731 1111 1905 1167 Evan-

309 1205 525 1276 gelitnn,
558 1205 828 1274 conversi,
861 1205 1105 1275 qualibus
1132 1206 1431 1275 excipimur
1451 1205 1744 1275 exemplis!
1771 1206 1904 1260 Dum

308 1298 374 1351 ad
400 1297 691 1352 sententias
721 1296 1084 1367 pervenimus,
1104 1312 1229 1352 ecce
1251 1298 1431 1351 statim
1450 1298 1599 1368 quasi
1621 1297 1671 1350 itt
1695 1296 1899 1362 limine,

306 1393 424 1445 dna:
451 1391 530 1463 (Ι)
563 1391 716 1446 nobis
761 1390 1026 1447 antistites
1054 1390 1360 1455 christiaine
1387 1390 1684 1445 sanctitatis
1710 1405 1900 1445 occur-

304 1494 451 1543 runt,
485 1485 819 1552 monogamia
850 1492 904 1539 et
947 1482 1275 1539 continentia
1306 1500 1318 1535 :
1346 1482 1447 1537 alia
1479 1482 1692 1551 pudica,
1722 1482 1774 1536 in
1804 1481 1903 1536 Za-

307 1576 489 1630 cliaria
511 1576 791 1632 sacerdote
809 1593 823 1641 ;
840 1577 941 1631 alia
958 1575 1182 1646 integra,
1209 1577 1259 1629 in
1281 1574 1488 1631 Joanne
1517 1585 1897 1635 antecursore:

303 1666 407 1721 alia
460 1666 677 1736 placans
728 1668 915 1730 Deum,
948 1666 1051 1721 alia
1103 1666 1399 1736 praedicans
1447 1666 1754 1727 Christum;
1794 1666 1897 1721 alia

2017 476 2081 518 ea
2109 462 2400 533 subiungit,
2433 476 2551 531 quae
2580 460 2647 516 de
2676 461 2932 516 victuaria
2984 459 3314 516 exhibitione
3340 459 3617 516 abstinen-

2014 558 2140 610 tiam
2164 555 2304 627 ejus,
2336 554 2642 619 ostendunt,
2695 554 2927 626 dicentis
2980 571 2991 606 :
3045 551 3169 607 Non
3220 553 3352 607 enim
3395 561 3621 622 potesta-

1974 656 2116 701 tem
2163 647 2403 703 habemus
2454 645 2798 701 manducandi
2846 655 2893 698 et
2948 643 3203 701 bibendi?
3263 659 3368 698 non
3424 658 3620 700 uxores

2011 740 2345 796 demonstrat
2387 739 2455 793 ab
2502 739 2775 809 Apostolis
2818 737 3234 803 circumductus,
3268 751 3401 808 quas
3435 745 3488 792 et
3528 741 3619 809 qui

2012 850 2120 889 non
2169 832 2388 897 habent,
2419 823 2738 904 potestatem
2789 840 2965 886 tamen
3020 831 3378 886 manducandi
3427 842 3481 885 et
3532 830 3615 884 bi-

2009 925 2167 981 bendi
2195 923 2430 990 habent;
2463 922 2559 979 sed
2593 923 2910 993 simpliciter
2931 922 3184 981 mulieres
3212 964 3226 988 ,
3256 938 3375 992 qua:
3411 922 3504 976 illo
3530 936 3625 978 eo-

2011 1017 2133 1073 dem
2165 1017 2429 1086 instituto,
2462 1032 2568 1086 quo
2599 1026 2655 1071 et
2680 1016 2964 1070 Dominum
2985 1018 3327 1081 comitantes,
3355 1015 3628 1070 ministra-

2008 1108 2155 1162 bant.
2187 1108 2305 1164 .lam
2340 1123 2469 1162 vero
2498 1107 2544 1161 si
2571 1106 2816 1163 Christus
2843 1106 3097 1176 reprobat
3136 1106 3360 1162 Sc'ribas
3384 1117 3435 1160 et
3479 1105 3623 1161 Pha-

2006 1200 2215 1267 risatos,
2245 1199 2499 1255 sedentes
2524 1199 2576 1253 in
2604 1184 2858 1254 cathedra
2882 1197 3068 1269 Moysi,
3101 1212 3204 1253 nec
3227 1195 3486 1252 facientes
3503 1213 3626 1268 quae

2006 1291 2284 1357 docerent,
2334 1291 2491 1363 quale
2531 1299 2614 1358 est
2640 1299 2703 1345 ut
2741 1292 2859 1361 ipse
2905 1305 3070 1362 super
3107 1290 3423 1345 cathedram
3468 1305 3620 1345 suam

2006 1385 2297 1441 collocaret
2326 1384 2437 1457 (6),
2479 1388 2568 1456 qui
2606 1384 3160 1441 sanctitatem-carnis
3189 1383 3482 1454 praecipere
3512 1399 3625 1437 tua-

2003 1481 2106 1551 gis,
2138 1480 2427 1534 nonetiam
2455 1478 2608 1535 obire
2633 1479 3024 1543 meminissent,
3047 1493 3208 1549 quam
3242 1478 3345 1532 illis
3367 1479 3623 1534 omnibus

2004 1573 2178 1628 modis
2206 1574 2500 1628 insinuarat
2545 1572 2624 1645 (7)
2673 1580 2730 1627 et
2777 1571 3072 1628 docendam
3123 1582 3178 1628 et
3227 1572 3523 1644 agendam,
3569 1574 3623 1628 in

2002 1666 2192 1733 primis
2230 1667 2295 1721 de
2338 1680 2437 1723 suo
2488 1666 2758 1736 exemplo,
2815 1676 2941 1721 tunc
2972 1665 3056 1739 (8)
3102 1666 3171 1720 de
3201 1667 3413 1722 caeteris
3463 1681 3627 1736 argu-

303 1766 472 1812 totmn
524 1757 822 1827 prmdicans
878 1757 1231 1823 sacerdotem,
1282 1758 1385 1812 alia
1436 1757 1556 1827 plus
1605 1756 1897 1828 praeferens
1927 1772 1973 1831 Β
2001 1758 2241 1822 mentis;
2286 1774 2408 1813 cum
2462 1774 2734 1827 puerorum
2787 1756 2914 1812 dicit
2960 1771 3081 1812 esse
3120 1770 3332 1827 regnum
3376 1755 3625 1811 castorum

301 1865 461 1915 quam
491 1848 786 1920 propheteu
817 1848 920 1920 (2),
946 1848 1152 1903 scilicet
1192 1863 1338 1913 eum,
1397 1848 1488 1919 qui
1535 1863 1641 1903 non
1690 1857 1894 1902 tantum

303 1938 698 2010 praedicaret-it,
722 1950 813 1993 aut
830 1939 1275 1994 demonstraverit
1302 1953 1508 2007 coram,
1526 1955 1709 1994 verum
1731 1939 1890 1993 etiam

302 2032 661 2103 baptizaverit
712 2032 1008 2088 Christum.
1056 2034 1185 2100 Quis
1233 2033 1378 2088 enim
1426 2047 1622 2103 corpus
1683 2032 1895 2087 Domini

297 2126 509 2198 dignius
537 2126 769 2181 initiaret
796 2124 899 2199 (5),
951 2140 1110 2195 quam
1141 2123 1400 2195 ejusmodi
1446 2139 1593 2192 caro,
1643 2124 1817 2196 qualis
1843 2135 1897 2179 et

303 2219 551 2288 concepit
576 2217 701 2272 illud
744 2225 799 2273 et
840 2217 1068 2287 peperit.
1127 2215 1201 2290 (τι)
1248 2215 1315 2272 Ει
1363 2216 1634 2272 Christum
1680 2214 1895 2289 quidem

299 2308 452 2379 virgo
472 2309 632 2364 enixa
663 2319 765 2372 est,
798 2309 968 2365 semel
998 2316 1226 2374 nuptura
1254 2317 1372 2377 post
1403 2318 1634 2377 partum,
1660 2316 1718 2362 ut
1750 2317 1897 2363 uter-

296 2417 405 2471 que
437 2402 619 2457 titulus
642 2401 942 2456 sanctitatis
966 2401 1016 2454 iu
1039 2399 1237 2455 Christi
1266 2414 1425 2455 sensu
1466 2399 1895 2472 dispungcrctur,

297 2512 394 2566 per
422 2509 646 2552 matrem
693 2504 745 2550 et
784 2495 1045 2566 virginem
1086 2504 1139 2549 et
1169 2493 1454 2548 ttniviram.
1486 2493 1554 2547 At
1584 2494 1669 2547 ubi
1723 2492 1899 2549 infans

302 2588 507 2657 templo
534 2587 835 2652 exhibetur,
865 2586 984 2657 quis
1007 2584 1153 2639 illum
1177 2584 1227 2639 in
1261 2599 1452 2641 manus
1488 2584 1754 2654 suscipit?
1781 2585 1900 2655 quis

305 2679 359 2733 in
388 2679 576 2749 spiritu
617 2678 818 2747 primus
865 2676 1147 2747 agnoscit?
1176 2674 1271 2730 Vir
1314 2675 1493 2745 justus
1522 2684 1576 2730 et
1610 2685 1818 2743 cautus,
1846 2685 1903 2733 et

297 2774 483 2844 utique
525 2772 607 2846 (4)
655 2788 762 2827 ιιοη
810 2772 1094 2841 digamus,
1143 2771 1227 2825 vel
1273 2785 1340 2825 ne
1386 2769 1598 2840 dignius
1642 2767 1726 2843 (5)
1778 2785 1904 2826 mox

292 2866 537 2920 Christus
564 2880 591 2917 a
620 2864 836 2922 fmnniua
873 2861 1258 2934 priedicaretur
1284 2871 1466 2918 vetere
1502 2862 1659 2916 vidua
1697 2871 1751 2917 ct
1787 2863 1905 2918 uni-

294 2957 430 3022 vira,
464 2972 581 3028 qna:
610 2965 666 3011 et
690 2955 890 3025 templo
919 2953 1098 3015 dedita
1124 2953 1257 3009 satis
1287 2954 1339 3008 in
1364 2952 1651 3024 semetipsa
1680 2963 1901 3024 porten-

293 3050 474 3116 debat,
519 3049 706 3120 quales
734 3048 960 3119 spiritali
992 3047 1213 3119 templo,
1266 3046 1320 3103 id
1363 3056 1467 3115 est,
1515 3046 1773 3102 Ecclesiae
1810 3046 1904 3102 de-

2001 1849 2019 1923 (
2049 1849 2236 1907 Matth.
2284 1850 2470 1915 XVIII,
2503 1853 2567 1915 3;
2599 1849 2797 1919 XXIX,
2846 1851 2912 1906 14
2945 1849 2964 1921 )
2995 1867 3009 1917 ;
3043 1865 3165 1905 cum
3205 1860 3487 1905 consortes
3514 1848 3623 1907 illis

1997 1944 2125 2000 facit
2156 1946 2290 2002 alios
2313 1958 2435 2017 post
2487 1948 2702 2013 nuptias
2735 1960 2963 2015 pueros;
2998 1959 3118 1998 cum
3145 1945 3210 1998 ad
3234 1944 3613 2015 simplicitatem

2003 2037 2291 2110 columba:(
2325 2036 2513 2092 Matth.
2546 2037 2741 2104 XXIX,
2778 2036 2867 2108 16)
2916 2044 3185 2107 provocat,
3229 2034 3342 2089 avis
3382 2046 3485 2089 non
3514 2044 3625 2090 tan-

1999 2138 2112 2185 ttttn
2140 2129 2408 2196 innocuae,
2428 2145 2611 2184 verum
2635 2143 2683 2183 et
2708 2128 2943 2199 pudicae,
2974 2126 3047 2200 (b)
3091 2143 3253 2198 qttam
3286 2142 3442 2181 unam
3480 2122 3624 2181 ttuus

2003 2222 2272 2277 masculus
2294 2224 2472 2287 novit;
2497 2237 2617 2277 cum
2645 2222 2984 2277 samaritatne
3021 2222 3270 2275 maritum
3322 2229 3510 2291 negat,
3543 2216 3621 2290 (c)

2004 2324 2061 2369 ut
2082 2313 2383 2371 adulterum
2406 2314 2655 2370 ostendat
2684 2329 3030 2369 numerosum
3073 2314 3321 2367 maritum
3358 2311 3378 2382 (
3406 2310 3494 2366 J0.
3518 2310 3614 2379 IV,

2005 2406 2092 2472 l7)
2119 2421 2133 2470 ;
2162 2420 2282 2461 cum
2313 2407 2366 2461 in
2410 2406 2737 2461 revelatione
2766 2405 2953 2477 glori-.e
2980 2419 3094 2460 suae
3129 2404 3198 2459 de
3234 2412 3311 2459 tot
3336 2404 3534 2459 sanctis
3560 2413 3618 2460 et

2004 2498 2299 2569 prophetis,
2340 2498 2555 2570 Moysen
2583 2509 2637 2553 et
2678 2498 2861 2552 llelian
2893 2512 3074 2552 secum
3103 2496 3302 2551 mavult
3329 2536 3344 2561 ,
3388 2496 3618 2550 alterum

2010 2605 2406 2662 monogamum,
2434 2590 2657 2645 alterum
2686 2588 3017 2665 spadonem!
3051 2588 3168 2643 Non
3190 2588 3330 2643 enim
3353 2587 3495 2643 aliud
3521 2585 3624 2642 fuit

2009 2681 2208 2749 Helias,
2233 2698 2394 2753 quam
2434 2682 2692 2750 Joannes,
2721 2685 2808 2753 qui
2834 2683 2886 2736 in
2936 2686 3118 2736 uirtute
3168 2690 3213 2735 et
3260 2683 3444 2753 spiritu
3484 2682 3617 2735 venit

2012 2771 2357 2840 lleliw;cum
2385 2775 2473 2830 ille
2499 2785 2704 2828 vorator
2748 2785 2793 2828 et
2838 2783 3039 2841 potator
3063 2774 3233 2841 homo,
3285 2773 3618 2843 prandiorum

2008 2878 2055 2924 et
2100 2884 2354 2922 coenarum
2394 2884 2510 2921 cum
2541 2867 2823 2937 publicanis
2867 2877 2915 2921 et
2945 2866 3289 2937 peccatoribus
3331 2870 3622 2937 frequenta-

2011 2971 2089 3015 tor
2114 2959 2326 3032 (Matth.
2384 2959 2449 3024 X;
2501 2960 2609 3013 Luc
2640 2959 2758 3027 XV,
2795 2959 2883 3027 15,
2935 2958 3050 3031 l9),
3100 2959 3269 3015 semel
3299 2958 3439 3029 apud
3484 2971 3618 3013 unas

2012 3054 2228 3123 nuptias
2250 3063 2429 3109 comat
2449 3052 2630 3107 multis
2649 3052 2829 3122 utique
2849 3051 3196 3107 nubentibus;
3224 3050 3447 3107 Totiens
3469 3049 3619 3106 enim

294 3142 457 3197 beant
518 3142 814 3197 adhaerere.
848 3140 1004 3195 Tales
1031 3140 1266 3196 arbitros
1295 3140 1470 3196 infans
1517 3140 1777 3197 Dominus
1805 3155 1903 3196 ex.
1932 3167 1976 3229 ρ
2013 3144 2177 3201 voluit
2201 3144 2474 3200 celebrare
2499 3159 2613 3211 eas,
2642 3145 2891 3213 quotiens
2914 3153 3138 3198 etesse.

299 3242 504 3301 pertus,
547 3248 655 3287 non
704 3232 840 3287 alios
887 3230 1072 3286 habuit
1100 3240 1156 3288 et
1183 3231 1422 3287 adultus.
1476 3232 1694 3287 Petrum
1724 3232 1899 3288 solum

299 3325 515 3379 invenio
538 3324 806 3391 maritum,
825 3340 918 3395 per
938 3338 1151 3379 socrum
1173 3341 1187 3386 ;
1213 3338 1589 3394 monogamum
1612 3339 1903 3396 praesumo,

300 3433 399 3487 per
440 3417 755 3485 Ecclesiam,
810 3434 929 3489 quae
973 3432 1138 3488 super
1166 3417 1312 3472 illum
1345 3416 1629 3485 :ediﬁcata,
1686 3433 1904 3473 omnem

204 3468 216 3476 .
303 3447 386 3487 νυι
440 3447 755 3485 υυωῠδιαιιι,
810 3447 929 3489 qua;
973 3447 1129 3488 θιιμυι
1167 3447 1312 3472 ιιιυιιι
1345 3447 1629 3485 ωυιιιιιιια,
1686 3447 1900 3473 υιιιιιυιιι

107 3447 522 3594 θξνῖθςωὼιη]
569 3510 772 3565 ordinis
810 3511 893 3565 sui
922 3509 990 3564 de
1019 3510 1348 3581 monogamis
1390 3517 1510 3567 erat
1551 3510 1900 3569 collocatura.

301 3602 540 3659 Crateros
579 3619 698 3659 cum
728 3604 951 3659 maritos
983 3619 1088 3658 non
1115 3603 1369 3668 invenio;
1399 3611 1491 3658 aut
1518 3604 1785 3674 spadones
1817 3606 1901 3659 in-

297 3697 530 3767 telligam
566 3711 788 3752 necesse
814 3705 916 3764 est,
946 3705 1037 3750 aut
1084 3696 1441 3752 continentes.
1497 3693 1608 3751 Nec
1656 3698 1801 3751 enim
1851 3695 1899 3753 si

299 3806 468 3863 penes
493 3789 711 3847 Graecos
744 3789 1014 3845 communi
1042 3788 1303 3845 vocabulo
1324 3798 1614 3847 censentur
1640 3788 1897 3847 mulieres

305 3897 358 3941 et
386 3900 601 3950 uxores,
634 3900 732 3956 pro
757 3882 1161 3945 consuetudinis
1194 3881 1444 3938 facilitate
1476 3880 1776 3954 (caeterum,
1806 3891 1887 3937 est

294 3980 573 4052 proprium
601 3977 917 4032 vocabulum
948 3975 1220 4047 uxorum),
1270 3975 1390 4031 ideo
1438 3975 1659 4049 Paulum
1708 3974 1896 4031 sicin-

301 4072 741 4142 tcrpretabitnur,
799 4070 951 4140 quasi
1009 4070 1343 4124 demonstret
1378 4082 1573 4124 uxores
1602 4068 1893 4139 Apostolus

300 4165 576 4220 habuisse.
601 4163 658 4220 Si
689 4162 756 4218 de
799 4162 1154 4217 matrimoniis
1183 4162 1482 4231 disputaret
1508 4161 1672 4231 (quod
1717 4162 1768 4214 in
1810 4176 1897 4217 se-

301 4257 589 4329 quentibus
633 4250 780 4320 facit,
812 4255 898 4310 ubi
948 4253 1117 4324 magis
1150 4253 1443 4324 Apostolus
1467 4252 1681 4323 aliquod
1708 4269 1896 4309 exem-

295 4349 445 4420 plum
493 4348 771 4404 nominare
811 4344 1116 4418 potuisset),
1158 4354 1306 4411 recte
1360 4343 1633 4400 videretur
1674 4344 1890 4401 dicere:

2620 3236 2847 3295 CAPUT
2913 3237 3005 3292 IX.

2083 3330 2188 3387 Sed
2221 3330 2305 3385 ba:
2349 3330 2847 3401 argumentationes
2894 3324 3073 3400 patius
3124 3329 3498 3386 existimentur
3548 3326 3620 3384 de

2009 3421 2337 3491 coniecturis
2385 3431 2604 3485 coactae,
2653 3421 2697 3475 si
2742 3435 2847 3475 non
2878 3429 2933 3476 et
2962 3421 3245 3476 sententia:
3285 3419 3617 3485 adstiterint,

2008 3530 2141 3585 quas
2173 3515 2429 3570 Dominus
2459 3514 2640 3570 emisit
2662 3515 2715 3569 in
2742 3513 2949 3583 repudii
2970 3522 3290 3580 retractatu,
3315 3513 3458 3585 quod
3490 3529 3617 3583 pcr-

2009 3609 2246 3664 missttm
2294 3608 2583 3678 aliquando
2633 3608 2743 3676 jam
2776 3607 3026 3678 prohibet
3048 3625 3063 3673 ;
3084 3608 3136 3661 iu
3166 3608 3376 3679 primis,
3404 3607 3527 3679 quia
3555 3605 3621 3660 ab

2008 3700 2159 3759 initio
2181 3716 2281 3755 non
2312 3700 2410 3769 fuit
2438 3700 2532 3765 sic,
2586 3701 2725 3755 sicut
2774 3698 3101 3755 matrimonii
3162 3714 3451 3764 numerus;
3504 3708 3622 3753 tum

2000 3794 2121 3862 quia
2182 3809 2309 3862 quos
2342 3791 2513 3876 \Deus
2579 3792 2843 3860 coniunxit
2872 3834 2888 3859 ,
2967 3792 3116 3846 homo
3187 3808 3287 3846 non
3356 3789 3619 3863 separabit

2003 3884 2216 3957 (Matth.
2247 3884 2386 3951 XIX,
2415 3884 2470 3951 6,
2515 3884 2606 3955 8);
2638 3885 2863 3951 scilicet,
2897 3899 2964 3939 ne
2990 3894 3174 3939 contra
3210 3883 3492 3939 Dominum
3540 3882 3620 3938 fa-

2001 3981 2131 4037 ciat.
2164 3981 2323 4036 Solus
2347 3980 2488 4035 enim
2518 3979 2606 4035 ille
2636 3980 2926 4051 separabit,
2958 3981 3047 4051 qui
3078 3988 3131 4035 et
3165 3980 3441 4050 conjunxit
3471 3995 3486 4042 ;
3532 3995 3621 4034 sc-

1999 4072 2208 4143 parabit
2235 4083 2436 4136 autem,
2470 4076 2708 4141 uoufper
2745 4071 2996 4126 duritiam
3048 4070 3251 4141 repudii
3280 4112 3293 4135 ,
3327 4084 3488 4142 quam
3521 4084 3621 4125 es-

2005 4164 2225 4233 probrat
2251 4172 2307 4220 et
2334 4163 2654 4233 compescit,
2676 4161 2771 4218 sed
2814 4178 2912 4234 per
2936 4162 3173 4218 debitum
3197 4162 3406 4217 mortis.
3435 4161 3622 4232 Siqui-

2001 4256 2125 4312 dem
2155 4273 2285 4311 unus
2306 4272 2370 4310 ea:
2396 4255 2687 4327 passeribus
2718 4254 2918 4309 duobus
2950 4271 3047 4308 non
3071 4254 3205 4307 cadit
3224 4254 3275 4307 in
3297 4265 3486 4308 terram
3507 4254 3623 4309 sine

2000 4348 2161 4425 patris
2189 4347 2446 4403 voluntate
2471 4346 2686 4419 (Matth.
2722 4345 2791 4408 Χ,
2818 4344 2933 4419 29).
2980 4345 3164 4417 Igitur,
3211 4346 3255 4398 si
3301 4359 3427 4414 quos
3478 4343 3623 4399 Deus

301 4441 427 4499 Non
451 4444 584 4499 enim
612 4440 850 4498 habemus
898 4448 1193 4512 potestatem
1233 4453 1420 4495 uxores
1457 4439 1892 4508 circumducendi,
1921 4451 1975 4515 Β
2000 4440 2266 4511 conjunxit
2290 4482 2306 4510 ,
2330 4439 2480 4496 homo
2500 4454 2603 4495 non
2626 4437 2877 4510 separabit
2915 4436 3172 4510 repudio;
3204 4451 3357 4507 teque
3382 4450 3622 4493 consen-

1546 4577 1927 4639 LECTIONES
1965 4578 2380 4638 VARIANTEIS.

364 4676 439 4741 (ἰ)
461 4682 564 4741 ἱ)υο
583 4675 652 4741 (ιιι
797 4733 853 4741 _.
894 4696 900 4701 ‘

385 4733 437 4811 si
459 4737 770 4811 reputans
791 4733 945 4811 ιυιεης

378 4738 437 4802 2)
463 4738 770 4811 Pr0phetans
791 4738 945 4787 Rhen.

362 4738 440 4927 ἒξ)
857 4802 1027 4849 contra
1047 4808 1212 4849 omnes
1230 4794 1346 4847 edd.

389 4858 440 4925 4)
466 4861 690 4925 Uterque
710 4858 814 4912 alii.

2093 4672 2146 4735 5)
2168 4673 2421 4737 [ndignius
2446 4679 2596 4723 n-an.
2622 4669 2786 4724 Obert.
2810 4691 2813 4694 ⁴

2167 4734 2437 4788 Collocarat
2458 4743 2611 4785 Fran.

2074 4796 2149 4856 Π)
2175 4796 2454 4847 [minueret
2477 4797 2630 4847 Fran.

2076 4860 2151 4921 (8)
2176 4860 2302 4911 Tum
2325 4866 2423 4910 Lat.

1670 4965 2235 5025 COMMENTARIUS.

302 5081 541 5154 ejusdem
569 5097 687 5152 cap.
715 5080 851 5137 Hine
880 5080 1043 5162 etiam
1071 5078 1133 5135 Β.
1186 5078 1548 5205 Ηὶοτοηζςηυε
1589 5077 1658 5135 de
1682 5095 1897 5162 .magno

302 5154 575 5205 sacerdote
605 5154 833 5205 idinsum
862 5160 992 5205 citat
1020 5167 1105 5205 eo.
1136 5151 1230 5205 25.
1259 5151 1328 5205 de
1356 5164 1389 5205 o
1431 5161 1506 5205 itu
1536 5150 1786 5205 Blazsdlte
1829 5154 1897 5205 ad

297 5150 575 5210 sacerdote
605 5150 833 5225 impsum
862 5152 992 5208 citat
1020 5167 1105 5222 ep.
1136 5151 1230 5220 25,
1259 5151 1328 5207 de
1356 5150 1506 5206 obitu
1536 5150 1898 5209 Bhesillze'ad

298 5225 538 5279 Paulam.
574 5224 713 5279 Pan.

321 5227 538 5285 ’anlan‘t.
574 5227 713 5280 PAM.

366 5295 743 5353 CAP.V|I|.—
861 5292 930 5348 Et
959 5294 1215 5368 Christum
1236 5295 1604 5368 quidentbirgo
1623 5295 1775 5350 enixa
1794 5304 1894 5368 est,

294 5369 447 5422 semel
464 5380 683 5439 nuptura
711 5365 821 5437 post
839 5377 1060 5438 partum.
1076 5366 1224 5439 Hanc
1238 5366 1561 5439 (Tertulliani
1576 5372 1761 5439 senten
1770 5365 1893 5439 tiam

290 5435 551 5494 assere-uti
579 5435 822 5495 llelvidio
840 5435 1026 5493 contra
1049 5440 1183 5493 dixit
1211 5438 1584 5509 Hieronymus,
1608 5435 1761 5509 Etde
1776 5435 1895 5490 ’I'er-

291 5511 502 5564 tulliano
520 5512 740 5581 quidem,
756 5509 943 5579 inquit,
952 5510 1080 5565 nihil
1098 5511 1319 5579 amplius
1332 5507 1632 5581 dictamnum
1653 5507 1895 5581 Ecclesia:

295 5578 548 5637 hominem
570 5598 670 5637 non
693 5578 1077 5653 fuisserQuibns
1105 5578 1280 5653 verbis
1297 5578 1890 5653 signiﬁcatSeptimium

288 5656 545 5706 nonnulla
563 5649 840 5722 scripsisse
854 5649 1889 5722 Catholicisminimeconsentanealtie.

359 5726 437 5795 (li)
477 5726 640 5793 Quam
672 5720 824 5780 imam
869 5742 999 5778 ututs
1054 5722 1505 5795 masrultts‘upuit.
1557 5720 1703 5775 Istud
1755 5722 1892 5776 i‘orte

284 5808 314 5849 e
364 5791 519 5857 Plinii
564 5797 655 5857 lib.
700 5797 768 5868 Χ,
807 5812 854 5856 c.
899 5796 967 5855 54
1006 5794 1221 5869 accipit,
1251 5791 1348 5854 sed
1376 5791 1570 5851 falsum
1612 5808 1732 5853 esse
1777 5801 1887 5851 tes-

2008 5092 2190 5138 tantur
2215 5096 2394 5136 rerum
2420 5081 2739 5136 naturalium
2759 5080 3047 5149 diligentes
3070 5075 3335 5130 historici.
3370 5074 3449 5130 LE
3480 5074 3575 5130 Pu.

2086 5154 2159 5223 (c)
2195 5151 2269 5207 Ut
2321 5151 2610 5207 adulterum
2657 5152 2889 5223 ostendat
2958 5163 3279 5223 numerosum
3345 5150 3616 5223 "attritum.

2005 5218 2151 5279 Istud
2179 5223 2246 5277 ad
2279 5224 2506 5287 lueresin
2536 5225 2767 5292 pertinet
2791 5221 3026 5278 Montani
3053 5236 3068 5283 ;
3096 5236 3200 5289 quo
3248 5220 3316 5292 lit
3346 5227 3402 5272 ut
3443 5218 3618 5292 etiam

2003 5294 2497 5364 detorqueatverba
2519 5288 2719 5351 Christi
2761 5294 2826 5349 ad
2870 5292 3248 5364 samaritanam
3293 5289 3491 5364 Joaun.
3521 5288 3617 5355 ιν,

2002 5364 2088 5440 ad
2123 5359 2386 5440 secundas
2429 5368 2659 5440 nuptias,
2701 5380 2824 5440 cum
2857 5375 3034 5440 tamen
3062 5361 3147 5415 ille
3177 5359 3426 5440 loquatur
3454 5359 3525 5440 de
3549 5375 3621 5415 eo

2001 5437 2091 5505 qui
2140 5436 2446 5491 adhaerebat
2492 5431 2565 5491 illi
2608 5453 2710 5491 non
2770 5438 2819 5490 in
2870 5432 3108 5502 nuptiis,
3156 5431 3251 5484 sed
3290 5431 3346 5483 in
3384 5431 3623 5505 fornica-

2000 5503 2166 5573 tione,
2194 5508 2345 5562 sicuti
2377 5510 2434 5561 B.
2464 5508 2689 5578 August.
2745 5516 2799 5562 et
2839 5505 3017 5578 graeci
3044 5503 3414 5578 commentarii
3450 5503 3622 5578 inter-

1998 5570 2297 5647 pretantur.
2333 5579 2389 5634 Β.
2422 5570 2774 5648 Hieronymus
2800 5570 2925 5648 cum
2975 5572 3152 5648 simile
3176 5571 3300 5648 quid
3356 5570 3614 5648 dixisset,

1998 5641 2092 5723 lib.
2127 5649 2165 5714 Ι,
2193 5649 2316 5702 adv.
2360 5651 2563 5713 Jovin.,
2598 5641 2779 5723 postea
2811 5647 3034 5723 apolog._
3073 5642 3138 5696 ad
3188 5641 3500 5723 l‘annnaeh.
3532 5644 3616 5696 sic

1998 5720 2404 5788 interpretatur,
2431 5731 2488 5775 ut
2538 5715 2642 5775 non
2684 5715 2947 5775 referatur
2971 5715 3035 5769 ad
3063 5715 3366 5788 secundas,
3403 5715 3511 5768 itno
3551 5724 3611 5772 et

1996 5782 2177 5851 aestas
2198 5782 2437 5867 nuptias,
2457 5792 2552 5853 sed
2575 5793 2642 5850 ad
2668 5790 3029 5867 prostitutam.
3061 5782 3194 5841 Ptin.
