4006 6280
435 259 536 317 941

1696 258 1898 314 LIBER
1936 244 2024 314 DE
2063 257 2487 317 MONOGAMIA.

3634 259 3740 314 942

436 383 648 431 taneum
680 382 781 438 est,
811 382 867 428 ut
896 388 1035 444 quos
1059 375 1199 430 Deus
1225 375 1493 445 separavit
1515 382 1708 441 morte,
1740 374 1900 429 homo
1925 389 2031 429 non
2062 376 2117 433 Α
2142 373 2335 430 simum
2384 375 2544 432 Urbis
2579 374 2809 431 conditae
2859 373 2909 429 id
2957 387 3124 445 genus
3150 371 3360 453 duritiae
3387 360 3736 427 commissum

433 466 721 536 conjungat
750 466 1130 531 matrimonio;
1163 465 1387 537 proinde
1435 477 1621 521 contra
1655 466 1747 521 Dei
1802 467 2040 523 volunta-

433 566 541 612 tem
567 557 850 626 juncturus
880 558 1476 627 separationem,atque
1501 558 1546 612 si
1576 566 1880 629 separasset
1905 572 2036 613 con-

426 649 783 721 junctionem.
821 650 936 707 Hoc
986 658 1241 721 quantum
1300 652 1363 704 ad
1423 651 1515 707 Dei
1556 652 1886 706 voluntatem
1929 666 2038 706 non

430 743 915 811 de5truendam,et
946 745 1081 800 initii
1133 743 1363 799 formam
1415 746 1811 800 restrueudam.
1866 744 2030 802 Carte-

430 854 569 904 rum,
611 849 666 894 et
708 837 812 892 alia
863 838 1001 894 ratio
1026 838 1319 908 contSpirat;
1351 838 1598 891 imo-non
1628 838 1758 904 alia,
1801 838 1894 893 sed
1918 854 2036 909 quae

429 930 563 985 initii
593 929 817 984 formam
850 921 1126 999 imposuit,
1157 936 1212 984 et
1241 928 1569 984 voluntatem
1605 928 1698 983 Dei
1754 928 1920 982 movit
1967 926 2034 981 ad

431 1020 846 1093 prohibitionem
869 1008 1073 1091 repudii
1108 1038 1121 1075 :
1156 1020 1411 1086 Quoniam
1439 1019 1526 1090 qui
1555 1017 1801 1072 dimiserit
1830 1034 2035 1072 uxorem

426 1133 592 1183 suam,
627 1127 964 1187 praeterquam
992 1130 1056 1168 ea:
1075 1130 1256 1169 caussa
1284 1114 1543 1175 adulterii,
1578 1112 1700 1185 facit
1742 1123 1853 1167 eam
1880 1112 2033 1166 adul-

427 1209 580 1263 terari
602 1223 621 1272 ,'
648 1215 703 1263 ct
727 1225 739 1260 :
765 1207 850 1278 qui
877 1206 1141 1261 dimissam
1170 1224 1200 1259 a
1222 1207 1327 1260 viro
1346 1205 1837 1269 duxerit,adulterat
1866 1205 2035 1275 utique

431 1299 649 1373 (Matth.
674 1300 742 1366 Χ,
769 1300 884 1369 22).
918 1299 1050 1355 Nam
1070 1308 1122 1354 et
1152 1299 1605 1370 uuherelegitime
1628 1314 1730 1354 ιιοιι
1752 1309 1927 1369 potest
1953 1299 2032 1369 (l)

428 1393 740 1464 repudiata;
772 1401 827 1448 et
851 1393 895 1447 si
926 1392 1052 1463 quid
1079 1394 1184 1448 tale
1205 1393 1539 1448 connuiscrit
1569 1392 1685 1448 sine
1707 1393 2032 1448 matrimonii

430 1487 667 1551 nomine,
695 1501 799 1540 non
828 1486 971 1557 capit
1000 1486 1234 1556 elogium
1264 1486 1536 1553 adulterii,
1570 1502 1672 1557 qua
1706 1487 2030 1541 adulterium

429 1580 483 1635 in
512 1579 852 1633 matrimonio
883 1580 1087 1635 crimen
1138 1579 1261 1633 est?
1295 1579 1433 1634 Deus
1459 1580 1614 1636 aliter
1635 1581 1864 1645 censuit,
1898 1581 2029 1635 citra

427 1686 585 1741 quant
619 1669 885 1737 homines,
915 1679 972 1725 ut
1021 1672 1073 1724 in
1113 1680 1304 1737 totum,
1348 1671 1466 1726 sive
1514 1687 1609 1741 per
1643 1672 1873 1743 nuptias,
1918 1672 2031 1743 sive

2144 464 2447 521 denotetur.
2482 465 2585 522 Sed
2619 466 2692 520 illi
2745 467 2906 522 etiam
2953 479 3059 520 non
3099 464 3447 532 repudiantes
3474 463 3734 519 adulteria

2141 559 2527 625 commiscent;
2570 559 2643 630 (c)
2689 560 2865 623 nobis,
2903 559 3002 614 etsi
3033 556 3395 628 repudiemus,
3439 574 3505 613 ne
3535 557 3738 614 nubere

2141 649 2357 720 quidem
2401 652 2601 708 licebit.

2770 742 2999 800 CAPUT
3026 743 3109 799 Χ.

2215 833 2384 891 Video
2424 835 2534 907 jam
2569 837 2692 892 hinc
2731 836 2795 891 ad
2829 838 3142 908 Apostolum
3186 851 3284 892 nos
3325 839 3622 907 provocari.
3658 840 3739 894 Ad

2141 929 2292 1000 cujus
2318 946 2534 985 sensum
2559 929 2768 987 facilius
2792 930 3248 1003 perSpicieudum,
3286 941 3430 985 tanto
3459 933 3741 987 instantius

2143 1023 2570 1091 prmeulcandum
2618 1033 2702 1079 est
2729 1024 3007 1079 mulierem
3054 1024 3221 1094 magis
3264 1022 3517 1080 defuncto
3547 1026 3738 1079 marito

2141 1115 2331 1180 teneri,
2385 1116 2671 1184 quominus
2717 1116 2877 1171 alium
2918 1118 3090 1171 virum
3140 1117 3403 1172 admittat.
3461 1118 3740 1188 Recogita-

2126 1223 2259 1271 ,mus
2283 1209 2426 1262 enim
2466 1209 2768 1279 repudium,
2794 1220 2884 1265 aut
2911 1210 3177 1266 discordia
3226 1210 3364 1277 ﬁeri,
3399 1221 3490 1268 aut
3535 1212 3742 1267 discor-

2138 1297 2278 1352 diam
2313 1300 2518 1366 lacere;
2541 1312 2769 1356 mortem
2798 1317 2927 1357 vero
2960 1318 3028 1358 ex
3048 1303 3164 1373 lege
3197 1303 3311 1369 Dei,
3339 1319 3443 1358 non
3470 1320 3534 1359 ex
3564 1305 3739 1359 humi.

2141 1390 2222 1444 nis
2267 1389 2473 1447 oll‘ensa
2500 1393 2737 1448 evenire.
2790 1392 2955 1465 quue
3008 1395 3249 1448 omnium
3305 1410 3426 1450 esse
3472 1394 3736 1461 debitum,

2139 1482 2300 1538 etiam
2349 1499 2453 1538 non
2500 1484 2833 1540 maritorum.
2893 1483 3060 1556 Igitur
3097 1485 3140 1539 si
3172 1485 3445 1556 repudiata
3478 1503 3597 1557 quae
3646 1503 3739 1556 per

2137 1573 2503 1644 discordiam,
2568 1585 2623 1631 et
2666 1577 2833 1644 iram,
2892 1587 2944 1632 et
3000 1577 3178 1631 odium
3210 1619 3225 1644 ,
3282 1585 3335 1632 et
3384 1593 3603 1633 caussas
3656 1594 3746 1633 c0-

2137 1681 2285 1732 rum,
2341 1667 2591 1737 injuriam
2657 1668 2741 1724 vel
2818 1669 3244 1734 contumeliam,
3294 1672 3373 1725 vel
3446 1672 3739 1741 quamlibet

427 1763 605 1834 vulgo,
638 1762 860 1818 alterius
893 1764 992 1818 viri
1048 1763 1306 1819 admissio
1352 1764 1676 1820 adulterium
1727 1766 2035 1835 prouuntie-
2063 1764 2112 1826 B
2139 1760 2434 1829 querelam.
2466 1771 2520 1815 et
2547 1761 2725 1815 anima
2766 1771 2819 1816 et
2855 1776 3082 1832 carpere
3112 1774 3351 1832 separata
3386 1775 3489 1829 est,
3522 1773 3738 1819 tenetur

428 1866 511 1910 tur
532 1873 559 1909 ιι
598 1856 704 1911 Deo
737 1855 838 1928 (‘2).
872 1855 1160 1911 Videamus
1187 1856 1330 1911 enim
1362 1858 1487 1927 quid
1529 1859 1599 1912 sit
1638 1859 2033 1914 matrimonium

423 1946 563 2017 apud
596 1946 787 2013 Deum,
817 1955 873 2002 et
897 1946 968 2001 ita
987 1962 1383 2017 cognoscemus
1407 1948 1531 2017 quid
1557 1948 1624 2003 sit
1654 1963 1806 2018 a-que
1832 1949 2036 2003 adulte-

426 2039 586 2092 rium.
639 2037 1035 2093 Matrimouium
1087 2047 1203 2101 est,
1238 2055 1362 2094 cum
1416 2040 1556 2094 Deus
1607 2039 1782 2110 jungit
1813 2039 1950 2095 duos
1983 2042 2033 2095 in

427 2140 855 2195 tmamcarnem,
884 2139 978 2184 ant
1021 2130 1238 2198 junctos
1284 2130 1697 2200 deprehendens
1741 2131 1794 2185 in
1844 2130 2032 2187 eadem

423 2236 603 2289 carne,
636 2221 1066 2292 conjunctionem
1113 2222 1368 2292 signavit.
1425 2220 1503 2293 (α)
1552 2221 1888 2279 Adulterium
1928 2233 2029 2291 est,

428 2330 574 2380 cunt,
616 2328 830 2385 quoque
858 2314 1019 2370 modo
1050 2315 1326 2385 disjuuctis
1346 2314 1581 2381 duobus,
1606 2316 1708 2371 alia
1752 2331 1899 2383 caro,
1928 2317 2035 2371 imo

422 2406 593 2461 aliena
623 2408 898 2473 miscetur,
926 2406 994 2462 de
1019 2422 1120 2477 qua
1147 2407 1251 2462 dici
1278 2425 1382 2463 non
1425 2409 1589 2478 possit
1622 2427 1636 2464 :
1669 2407 1796 2463 llaec
1821 2419 1891 2463 est
1914 2425 2034 2463 caro

423 2514 485 2552 ex.
528 2514 681 2553 carne
727 2515 857 2565 mea,
891 2509 936 2552 ct
968 2500 1064 2554 Itoc
1090 2517 1145 2554 os
1167 2516 1228 2554 ea;
1255 2500 1453 2555 ossibus
1484 2502 1605 2555 meis
1635 2498 1790 2570 (Gen.
1823 2500 1885 2564 ll,
1914 2501 2031 2572 25).

422 2592 597 2649 Semel
616 2594 757 2648 enim
785 2593 887 2649 hoc
916 2602 971 2648 et
994 2593 1190 2648 factum
1214 2635 1228 2657 ,
1257 2604 1311 2650 et
1343 2586 1762 2664 promtntiatuut,
1797 2595 1939 2652 sicut
1966 2595 2034 2651 ab

428 2685 602 2751 initio,
634 2686 707 2739 ita
736 2696 790 2741 et
820 2701 960 2741 nunc
993 2687 1044 2742 in
1074 2686 1233 2741 aliam
1283 2702 1500 2742 carnem
1531 2702 1637 2742 nou
1681 2696 1858 2758 potest
1905 2703 2036 2743 cou-

423 2778 625 2833 venire.
676 2777 857 2847 Itaque
893 2778 1008 2847 sine
1038 2793 1228 2833 caussa
1258 2778 1426 2844 dices,
1460 2778 1630 2834 Deum
1662 2780 1792 2833 vivo
1837 2779 2032 2834 marito

423 2869 568 2925 nolle
597 2869 929 2940 repudiatam
957 2869 1047 2924 alii
1098 2869 1211 2924 viro
1244 2870 1409 2941 iungi,
1441 2870 1589 2939 quasi
1619 2879 1833 2927 mortuo
1865 2871 2030 2938 velit;

421 2960 634 3031 quando
664 2961 707 3016 si
763 2971 975 3016 mortuo
1012 2976 1117 3016 non
1166 2971 1398 3029 tenetur,
1444 2963 1669 3032 proinde
1720 2979 1818 3019 nec
1865 2963 2028 3029 vivo;

426 3066 531 3110 tam
584 3054 810 3126 repudio
857 3055 1259 3109 matrimonium
1301 3054 1590 3110 dirimente
1634 3070 1793 3125 quam
1835 3068 2027 3123 morte,

424 3164 528 3203 non
550 3148 818 3203 tenebitur
848 3147 918 3214 ei,
942 3147 1026 3201 cui
1057 3162 1149 3216 per
1191 3146 1333 3217 quod
1390 3146 1697 3213 tenebatur,
1744 3147 2030 3220 abruptum
2059 3153 2104 3217 ί]
2136 3148 2244 3217 jam
2276 3147 2559 3216 repudiare
2587 3159 2692 3201 non
2724 3146 2954 3216 poterit,
2989 3163 3056 3202 ne
3086 3147 3164 3201 sic
3190 3148 3404 3218 quidem
3434 3161 3658 3219 nuptura
3688 3153 3732 3205 si
3760 3203 3792 3220 _
3874 3188 3883 3198 .

423 3250 544 3307 cst;
584 3239 718 3295 adeo
771 3255 876 3294 ιιοιι
906 3238 1134 3294 interest
1173 3238 1253 3308 ('5)
1282 3239 1403 3294 vivo
1434 3253 1500 3292 an
1531 3249 1745 3294 mortuo
1785 3239 1901 3294 viro
1929 3255 2028 3294 nu-

425 3337 534 3392 bat.
566 3335 748 3405 Neque
776 3335 920 3391 enim
970 3335 1021 3388 iu
1056 3334 1206 3388 illum
1238 3334 1522 3405 delinquit,
1572 3333 1666 3389 sed
1724 3336 1778 3389 in
1829 3343 2027 3390 semet-

426 3428 618 3499 ipsam.
675 3427 837 3481 Omne
866 3425 1122 3495 delictum
1167 3426 1302 3498 quod
1343 3425 1602 3480 admiserit
1656 3426 1826 3493 homo,
1885 3435 2029 3480 castra

425 3538 607 3590 corpus
644 3530 715 3575 est
733 3538 753 3586 ;
794 3520 881 3591 qui
910 3528 1077 3573 autent
1105 3518 1443 3584 adulteretur,
1474 3519 1525 3573 in
1549 3535 1733 3590 corpus
1754 3537 1901 3576 suum
1934 3520 2025 3574 de-

425 3612 608 3682 linquit
637 3611 655 3683 (
680 3610 701 3663 l
730 3610 846 3664 Cor.
883 3609 966 3674 VI,
1002 3609 1115 3681 18).
1140 3608 1490 3664 Adulteratur
1516 3619 1717 3677 autem,
1758 3611 1898 3666 sicut
1939 3624 2028 3665 su-

424 3717 521 3776 pra
578 3702 1005 3773 przestruxiutus,
1049 3702 1139 3772 qui
1180 3701 1339 3756 aliam
1359 3716 1573 3756 carnem
1617 3702 1718 3757 sibi
1761 3703 2028 3759 innuiscet

374 3780 395 3786 ’
424 3797 741 3868 superillam
764 3796 1230 3867 pristinam,quam
1248 3796 1386 3852 Dens
1404 3805 1496 3851 aut
1512 3796 1787 3868 conjunxit
1803 3797 2043 3865 induos,’

364 3899 522 3972 (aut
557 3888 896 3958 conjunctam
940 3887 1311 3958 deprehendit.
1341 3886 1573 3960 Ideoque
1618 3890 1843 3945 abstulit
1868 3905 2025 3960 repu-

425 3980 595 4047 dium,
623 3979 765 4049 quod
792 3977 860 4032 ab
887 3976 1036 4032 initio
1054 3993 1158 4033 non
1193 3976 1324 4042 fuit;
1350 3989 1428 4047 ut,
1460 3979 1604 4049 quod
1631 3980 1700 4036 ab
1730 3981 1883 4036 initio
1905 3980 2023 4046 fuit,

428 4073 632 4128 muniat
657 4071 885 4126 duorum
918 4071 970 4126 in
1002 4087 1160 4126 unam
1189 4088 1405 4128 carnem
1438 4075 1923 4143 perseverantiam,
1959 4090 2025 4131 ne

335 4185 394 4203 σο
429 4163 721 4219 necessitas
745 4161 831 4217 vel
851 4163 1061 4218 occasio
1086 4164 1261 4219 tertia:
1277 4166 1711 4222 concarnationis
1734 4166 2023 4243 irrumpat,

429 4255 533 4315 soli
564 4268 766 4311 caussm
784 4254 1096 4323 permittens
1123 4257 1423 4328 repudium,
1445 4259 1492 4313 si
1518 4257 1653 4316 forte
1681 4261 2023 4330 praevenerit,

428 4351 512 4406 cui
568 4354 922 4418 pratcavetur.
970 4347 1119 4403 Adeo
1146 4358 1327 4405 autem
1364 4350 1645 4422 repudium
1671 4367 1699 4407 a
1729 4355 2026 4424 primordio

427 4446 532 4487 non
565 4431 685 4505 fuit,
712 4434 790 4510 (b)
812 4447 867 4492 ut
898 4439 1038 4510 apud
1068 4439 1338 4498 Romanos
1361 4452 1480 4514 post
1506 4459 1705 4500 annum
1734 4457 2019 4503 sexcente-

2142 1850 2396 1916 iuimico,
2432 1867 2499 1906 ne
2527 1851 2699 1907 dicam
2730 1853 2955 1919 marito;
2986 1863 3186 1924 quanto
3228 1856 3396 1925 magis
3417 1897 3431 1921 ,
3466 1855 3552 1910 illa
3574 1897 3588 1923 ,
3618 1872 3737 1925 qua:

2143 1958 2315 2010 neque
2341 1956 2470 2008 suo,
2513 1958 2688 2014 neque
2717 1943 2893 1998 mariti
2925 1944 3085 2013 vitio,
3139 1944 3232 2000 sed
3283 1945 3565 2001 dominica}.
3605 1947 3736 2018 legis

2141 2042 2366 2109 eventu,
2395 2050 2425 2089 a
2451 2036 2794 2090 matrimonio
2820 2051 2925 2090 non
2956 2047 3199 2106 separata
3223 2078 3237 2100 ,
3264 2036 3357 2092 sed
3382 2038 3586 2102 relicta,
3619 2039 3737 2107 ejus

2140 2130 2242 2183 erit
2268 2130 2428 2184 etiam
2460 2129 2729 2193 defuncti.
2769 2131 2854 2184 cui
2897 2131 3055 2185 etiam
3096 2130 3349 2186 defuncto
3395 2134 3736 2188 concordiam

2140 2220 2333 2293 debet!
2372 2223 2411 2275 Λ
2446 2237 2551 2291 quo
2599 2209 2878 2292 repudium
2928 2239 3032 2277 non
3075 2223 3277 2289 audiit,
3336 2239 3441 2280 non
3486 2225 3735 2295 divertit;

2140 2314 2223 2367 cui
2284 2313 2565 2383 repudium
2617 2330 2723 2368 non
2774 2315 3024 2384 scripsit,
3087 2330 3206 2369 cum
3255 2317 3370 2386 ipso
3415 2326 3532 2383 est;
3578 2334 3735 2387 quem

2139 2405 2384 2462 amisisse
2429 2406 2633 2473 noluit,
2666 2393 2885 2462 retinet.
2916 2406 2996 2477 (ά)
3030 2407 3195 2462 llabet
3242 2423 3423 2463 secum
3466 2411 3627 2464 animi
3672 2411 3732 2464 li-

2138 2497 2369 2551 centiam
2393 2539 2406 2561 ,
2457 2498 2548 2568 qui
2581 2499 2760 2552 omnia
2789 2498 2990 2552 homini
3031 2514 3149 2569 quze
3179 2516 3280 2554 nou
3310 2500 3505 2569 habet,
3540 2502 3728 2573 imagi-

2140 2590 2290 2643 nario
2339 2588 2515 2644 fructu
2561 2599 2935 2661 repraesentat.
2966 2589 3140 2661 Ipsam
3183 2592 3414 2663 denique
3465 2594 3736 2665 interrogo

2138 2683 2447 2739 heminam:
2482 2685 2578 2739 Dic
2607 2684 2736 2739 mihi
2758 2725 2773 2751 ,
2802 2700 2976 2752 soror,
3007 2686 3056 2739 in
3089 2700 3217 2755 pace
3247 2687 3545 2756 prmmisisti
3566 2690 3735 2742 virum

2139 2777 2327 2832 tuum?
2364 2777 2500 2844 Quid
2543 2776 2927 2848 respondebit?
2956 2780 3035 2831 An
3060 2779 3111 2833 in
3134 2778 3437 2835 discordia?
3464 2781 3605 2851 Ergo
3636 2782 3736 2838 hoc

2138 2869 2306 2942 magis
2335 2871 2384 2925 ci
2414 2870 2587 2925 vincta
2611 2883 2715 2937 eSt,
2745 2885 2863 2925 cum
2891 2886 2998 2941 quo
3031 2871 3189 2926 habet
3214 2873 3350 2944 apud
3379 2874 3541 2928 Deum
3570 2890 3730 2929 caus~

2138 2978 2273 3018 Sillll.
2324 2961 2438 3017 Non
2469 2960 2748 3029 discessit,
2782 2977 2900 3030 quae
2933 2970 3165 3017 tenetur.
3204 2961 3274 3036 (e)
3319 2963 3427 3019 Sed
3478 2966 3528 3019 in
3579 2981 3729 3034 pace.

2141 3054 2282 3125 Ergo
2321 3062 2632 3126 perseveret
2669 3052 2724 3107 in
2765 3068 2826 3109 ea
2867 3040 2988 3108 cum
3037 3054 3130 3108 illo
3175 3040 3395 3110 necesse
3426 3069 3505 3110 eSt
3529 3098 3543 3122 ,
3575 3072 3734 3127 quem

2133 3239 2416 3310 repudiare
2466 3238 2746 3308 potuisset.
2782 3238 2936 3292 Enim
2982 3254 3108 3292 vero
3155 3249 3209 3292 et
3257 3255 3350 3308 pro
3396 3241 3571 3295 anima
3617 3244 3734 3312 ejus

2133 3344 2284 3397 erat,
2317 3341 2367 3386 et
2401 3329 2735 3400 refrigerium
2782 3329 2994 3384 interim
3037 3329 3342 3399 adpostulat
3373 3332 3418 3386 ci
3466 3330 3565 3403 (4),
3598 3345 3649 3387 et
3678 3334 3729 3386 in
3760 3313 4002 3421 ναςιη

2134 3424 2306 3495 prima
2356 3421 2754 3478 resurrectione
2804 3421 3173 3487 consortium,
3242 3433 3295 3476 ct
3345 3421 3504 3477 offert
3542 3426 3733 3479 annuis
3766 3440 3819 3471 ν-

2132 3517 2322 3572 diebus
2351 3515 2688 3570 dormitionis
2726 3514 2862 3585 ejus.
2895 3513 3028 3570 Nam
3071 3514 3187 3569 haec
3211 3515 3314 3570 nisi
3344 3514 3568 3581 fecerit,
3604 3532 3731 3573 vere

2131 3608 2454 3682 repudiavit,
2483 3619 2739 3680 quantum
2789 3608 2840 3662 in
2875 3608 2987 3677 ipsa
3013 3617 3128 3673 est;
3159 3616 3210 3663 et
3239 3609 3454 3678 quidem
3489 3608 3592 3664 ltoc
3625 3610 3730 3664 iui-

2131 3701 2289 3773 quius
2312 3742 2327 3768 ,
2360 3710 2557 3770 quanto
2584 3716 2688 3770 quo
2727 3698 2886 3755 modo
2913 3698 3102 3769 potuit,
3143 3700 3265 3769 quia
3310 3717 3413 3754 non
3442 3702 3646 3772 potuit;
3678 3710 3733 3759 ct

2134 3794 2235 3850 hoc
2257 3792 2542 3864 indignius,
2575 3799 2774 3864 quanto
2800 3790 2911 3860 jam
2937 3790 3223 3861 indignius,
3258 3791 3301 3845 si
3333 3792 3456 3861 quia
3485 3806 3590 3847 non
3614 3809 3730 3849 mc-

2130 3888 2237 3942 ruit
2285 3885 2390 3959 (5).
2442 3888 2551 3941 Aut
2600 3884 2857 3956 numquid
2904 3884 3033 3938 nihil
3061 3885 3259 3939 erimus
3306 3895 3424 3954 post
3457 3874 3732 3940 mortem?

2129 3978 2432 4035 Secundum
2449 3979 2678 4048 aliquem
2703 3976 3016 4046 Epicurum,
3037 3986 3088 4031 et
3111 3991 3215 4029 non
3239 3977 3530 4031 secundum
3546 3977 3733 4033 Chris-

2131 4082 2264 4127 tum.
2310 4068 2463 4138 Quod
2494 4068 2539 4123 si
2578 4067 3725 4134 credimusmortuorumresurrectionem,

2132 4165 2314 4233 utique
2342 4160 2662 4225 tenebimur,
2708 4161 2829 4215 eum
2881 4159 3076 4230 quibus
3117 4160 3472 4215 resurrecturi
3504 4176 3690 4215 sumus
3713 4203 3728 4227 ,

2131 4257 2393 4312 rationem
2430 4253 2498 4310 de
2528 4254 2788 4309 alterutro
2813 4250 3093 4308 reddituri.
3126 4250 3181 4307 Si
3217 4262 3395 4307 autem
3423 4253 3472 4307 in
3503 4253 3594 4307 illo
3617 4269 3732 4308 arvo

2130 4365 2292 4421 neque
2317 4347 2502 4402 nubent
2530 4362 2685 4416 neque
2712 4349 2985 4410 nubentur,
3016 4344 3105 4399 sed
3145 4356 3293 4399 erunt
3314 4345 3532 4415 wquales
3565 4362 3728 4416 ange-

2132 4443 2194 4498 lis
2224 4441 2439 4514 (Matth.
2464 4438 2645 4507 XXII,
2677 4438 2807 4509 50);
2838 4454 2943 4494 non
2984 4437 3106 4493 ideo
3132 4452 3237 4493 non
3266 4439 3569 4495 tenebimur
3592 4453 3727 4495 con-

1643 4583 2027 4646 LECTIONES
2063 4576 2483 4646 VARIANTES;

489 4684 564 4812 (1)
588 4686 695 4737 Non
720 4695 772 4738 et
796 4690 990 4759 nubere
1010 4690 1045 4739 1.
1068 4700 1229 4756 potest
1252 4693 1405 4746 Fran.
1431 4696 1542 4761 Rig.
1567 4712 1663 4748 non
1691 4698 1838 4752 'abest
1859 4704 2026 4774 Paris.
2053 4707 2107 4767 D

512 4748 741 4812 2)A,deo
759 4751 901 4802 addit
938 4753 1085 4803 Rhen.
1125 4758 1265 4807 Pam.
1308 4758 1458 4809 Seml.
1498 4762 1641 4812 Leon.
1687 4763 1850 4812 Obert.
1886 4779 2024 4812 onus.

489 4748 741 4820 (2)A_deo
759 4751 901 4802 addit
938 4748 1085 4803 Rheni
1125 4758 1265 4807 Pam.
1308 4758 1458 4809 Seml.
1492 4748 1641 4826 Ieop.
1687 4748 2024 4819 Oﬁb'crtfontis:

430 4809 536 4864 Ilia.
558 4814 675 4862 edit.
706 4819 866 4864 Venet.

489 4822 1138 4989 {ﬂegu‘ie’r‘goe‘tenebituri’
1166 4879 1297 4931 Nihil
1333 4882 1443 4935 Deo
1486 4886 1698 4939 interest
1742 4891 1876 4952 vivo,
1925 4898 2023 4943 etc.

489 4950 525 4988 τη
564 4974 575 4988 .
604 4935 767 4989 Obert.
792 4937 946 4989 then.
975 4941 1093 4989 nihil
1111 4944 1307 4989 adeoan
1328 4947 1466 4989 Limn-

428 4935 575 4989 Seml.
604 4935 770 4990 Oberti
792 4937 946 4991 Rhea.
975 4941 1093 5028 nihil
1111 4944 1308 4994 adeoan
1326 4947 1467 5012 Leop.

2197 4697 2271 4762 (t)
2294 4692 2582 4762 Adpqstulet
2604 4691 2924 4762 oderat-Par.
2952 4690 3225 4762 adpostulat
3248 4692 3379 4761 enim
3404 4691 3539 4762 thcn
3576 4692 3729 4743 Seml.

2197 4752 2272 4836 ei
2296 4752 2381 4833 ιῖνὲ
2397 4752 3520 4836 ίιμηίτιδ-ιεξςηίυξ[ιιένξςξρῖῖξιπιρῑξεξς,ξίφειιςξς
3544 4767 3556 4802 ε
3576 4768 3734 4836 suse-

2129 4816 2540 4893 tojaminiquius,
2566 4818 2680 4889 quia
2707 4831 2801 4866 non
2825 4819 2979 4881 potuit
2997 4831 3027 4893 ξ.
3050 4823 3103 4868 et
3143 4816 3235 4867 hoc
3266 4816 3532 4879 indignius,
3576 4830 3730 4879 quan-

2129 4898 2181 4941 to
2194 4879 2297 4953 jam
2316 4879 2716 4946 indignius,'quia
2738 4879 2838 4930 non
2855 4879 3052 4929 meruit.

1807 5059 2365 5119 COMMENTARIUS.

478 5165 654 5247 .C.~\P.
684 5166 1280 5247 lX.—-_-(a)_A_dult_erium
1308 5184 1399 5241 est,
1444 5186 1547 5231 etc.
1592 5176 2020 5233 Fornicatiouem

436 5235 521 5318 hic
547 5235 874 5318 quoquesuli
894 5235 1138 5297 adulterii
1162 5235 1829 5318 no_uiiue'cotnprchendit,
1862 5251 2025 5304 veluti

435 5307 604 5390 cneci
630 5307 717 5390 qui
747 5310 844 5367 sub
861 5321 1083 5390 μοιζέιας
1101 5314 1315 5390 nomine
1343 5318 1392 5371 id
1414 5307 1729 5390 intelligunt.
1757 5307 1832 5374 Lis
1857 5321 1951 5389 [’n.

506 5380 585 5449 (b)
639 5378 705 5435 Ut
750 5378 893 5461 apud
944 5378 1225 5441 Romanos.
1262 5389 1480 5443 Servius
1508 5378 1788 5461 Squitius,
1846 5384 2019 5460 inquit

438 5449 724 5532 Rhenanus
752 5449 804 5506 in
825 5455 934 5534 lib.
963 5471 1121 5534 quem
1150 5460 1451 5534 composuit
1498 5460 1560 5514 de
1607 5449 1826 5534 Dotibus
1847 5503 1860 5524 ,
1912 5449 2023 5534 t'um

436 5529 663 5590 primum
692 5529 971 5578 CttttllOttew‘
1029 5529 1103 5582 rei
1145 5529 1344 5583 uxoria:
1377 5532 1705 5585 necessarias
1732 5546 1851 5586 esse
1879 5533 2025 5587 visas

437 5593 668 5670 scripsit,
698 5592 952 5670 ettm__Sp.
983 5596 1267 5665 (larbilius,
1305 5601 1386 5652 cui
1428 5600 1578 5670 Ruga
1609 5609 2025 5669 cognomentum

437 5660 563 5744 fuit;
578 5660 661 5719 vir
700 5660 933 5744 nobilis,
964 5683 1083 5744 cum
1116 5660 1283 5724 uxore
1326 5660 1613 5744 divortium
1638 5660 1797 5744 feucit,
1818 5674 1940 5742 quia
1969 5675 2024 5726 li-

434 5732 847 5814 beritcorporis
880 5737 1049 5814 vitio,
1063 5755 1212 5814 esea
1244 5742 1742 5814 non_gignereutur.
1770 5732 1928 5801 Ὰιίιιο
1958 5744 2027 5803 γ.

437 5802 496 5865 C.
527 5804 648 5877 525,
683 5802 752 5864 Μ.
785 5807 986 5881 Attilio,
1021 5811 1081 5869 P.
1106 5811 1318 5871 Valerio
1344 5802 1494 5869 (loss.
1528 5812 1661 5869 Pan.

2202 5179 2278 5248 (c)
2312 5174 2495 5248 Nobis,
2539 5173 2629 5248 etsi
2657 5169 3006 5248 repudiemus,
3029 5185 3091 5222 ne
3115 5167 3519 5248 nuberequidem
3540 5165 3728 5248 licebit.

2127 5237 2313 5313 Nobis,
2358 5247 2409 5301 id
2433 5255 2535 5306 est,
2570 5240 2929 5313 Paracleticis.
2965 5238 3252 5313 Namapnd
3286 5237 3722 5313 [’syehicosalias

2128 5308 2353 5391 nuptias
2372 5311 2996 5391 postdivortium-luisse
3024 5311 3314 5381 permissas
3336 5308 3508 5362 innuit
3531 5308 3723 5377 princi-

2129 5382 2917 5464 νπὲιίιξτίζῑαιιτιφργειέι-,ίῖισο
3363 5452 3394 5464 ,.

2200 5462 2353 5517 CAP.
2373 5459 2438 5513 Χ.
2470 5487 2541 5497 —-
2565 5455 2642 5527 (d)
2672 5452 3025 5527 [Iabetsccunt
3045 5450 3497 5527 animilicentimn,
3516 5450 3729 5514 quioni-

2130 5535 2217 5589 nia
2230 5532 2422 5586 Itontint
2439 5543 2550 5597 qua:
2571 5521 2669 5580 non
2697 5525 2842 5578 habet
2871 5521 3171 5590 imaginario
3181 5523 3357 5643 {ructu
3379 5530 3724 5598 rcprqisemut.

2131 5606 2465 5643 nvenlinmllnr
2507 5599 2609 5643 llm'.
2657 5591 2981 5643 Septimius!
3015 5591 3114 5643 etsi
3145 5605 3178 5643 0
3207 5588 3318 5643 ﬁcia
3362 5588 3724 5643 intelltgantttr

2131 5588 2465 5675 praelicenter
2507 5599 2609 5675 hoc
2657 5588 2989 5675 Septimius!
3015 5591 3114 5675 etsi
3145 5588 3318 5644 officia
3362 5588 3729 5675 intelligantur

2127 5657 2308 5745 bella
2325 5657 2500 5745 qualia
2529 5657 2783 5745 describit
2808 5663 2944 5717 libro
2980 5661 3069 5745 ad.
3090 5676 3297 5745 uxorem
3322 5658 3587 5745 secundo.
3604 5657 3729 5745 te.

2210 5729 2294 5818 (ὁ)
2317 5729 2421 5818 Sed
2445 5742 2495 5794 in
2519 5756 2687 5818 page;
2714 5736 2827 5791 Hoc
2844 5730 3128 5804 respondet
3156 5730 3229 5787 illi
3254 5730 3396 5804 quod
3422 5729 3728 5802 praecessit,

2138 5809 2228 5878 An‘
2247 5809 2299 5875 in
2329 5812 2623 5872 discordia?
2650 5809 2770 5868 llic.
