4052 6286
354 196 462 259 945

1811 203 2271 264 TERTULLIANI

3551 209 3654 268 944

353 318 569 390 iugibus
613 318 906 386 defunctis,
935 321 1059 392 quia
1085 335 1190 376 non
1233 320 1340 378 erit
1380 321 1651 378 restitutio
1691 320 1944 394 eonjugii.
1976 326 2025 386 Α
2054 322 2308 377 maluisti.
2361 320 2488 377 llzee
2519 320 2763 394 Psychici
2808 320 2994 378 volunt
3016 318 3333 393 Apostolum
3362 323 3650 393 probasse,

353 414 552 483 Atquin
579 430 643 469 eo
673 416 844 485 magis
876 414 1193 483 tenebimur,
1225 416 1346 485 quia
1371 416 1423 471 in
1445 416 1723 472 meliorem
1749 425 1946 473 statum

351 503 721 575 destinantur,
776 506 1128 563 resurrecturi
1175 509 1228 563 in
1279 509 1523 581 spiritale
1572 510 1941 576 consortium,

347 597 574 666 agnituri
606 607 715 651 tam
744 599 1119 669 nosmetipsos,
1142 614 1299 671 quam
1327 610 1382 656 et
1406 601 1940 667 nostros.C:eterutn,

345 689 620 759 quomodo
644 691 844 762 gratias
872 692 986 749 Deo
1015 692 1070 748 in
1110 703 1373 750 aeternum
1413 710 1703 764 canemus,
1745 696 1787 750 si
1837 713 1942 752 non

342 783 581 839 manebit
610 785 664 859 in
693 784 847 841 nobis
870 800 1061 842 sensus
1090 795 1146 842 et
1184 788 1440 844 memoria
1481 788 1646 844 debiti
1675 790 1868 861 hujus?
1896 789 1941 845 si

341 877 637 933 substantia
657 921 671 945 ,
698 895 804 934 non
833 880 1163 936 conscientia
1193 880 1639 938 reformahimur?
1682 883 1821 954 Ergo
1851 880 1939 954 qui

339 984 463 1024 cum
496 970 604 1026 Deo
633 971 866 1039 erimus,
913 971 1071 1029 simul
1119 974 1361 1042 erimus,
1411 976 1537 1030 dum
1585 990 1773 1031 mnncs
1798 976 1937 1046 apud

341 1062 509 1116 licunt
549 1077 710 1118 untnn
738 1062 888 1134 (licet
918 1079 1124 1121 merces
1155 1066 1329 1133 varia,
1364 1066 1490 1122 licet
1518 1065 1629 1138 (J0.
1664 1067 1778 1123 XIV
1810 1109 1825 1135 ,
1855 1066 1936 1141 2).

338 1156 514 1209 nmllte
563 1156 857 1212 mansiones
905 1174 1056 1226 penes
1114 1169 1308 1229 patrem
1338 1158 1589 1233 eumdem)
1623 1176 1729 1216 uno
1767 1161 1935 1218 dena-

332 1246 414 1301 rio
441 1245 682 1317 ejusdem
708 1250 977 1305 mercedis
1004 1252 1208 1319 Operati
1228 1293 1242 1319 ,
1279 1252 1331 1307 id
1359 1253 1585 1309 estvita:
1616 1262 1856 1325 (elerum,
1881 1256 1932 1310 itt

330 1352 435 1405 qua
469 1338 638 1409 magis
667 1356 773 1394 nott
803 1332 1076 1412 separabit
1106 1357 1243 1413 quos
1268 1344 1550 1415 conjunxit
1579 1345 1740 1413 Deus,
1771 1362 1932 1418 quam

331 1429 387 1485 itt
414 1430 512 1485 ista
543 1431 752 1488 minore
784 1433 890 1488 vita
918 1435 1157 1505 separari
1192 1445 1354 1492 vetat.
1385 1437 1518 1492 Cum
1551 1440 1665 1493 hmc
1690 1439 1760 1494 ita
1787 1440 1929 1507 sint,

329 1525 600 1594 quomodo
627 1525 717 1580 alii
750 1526 866 1581 viro
896 1528 1127 1596 vacabit,
1159 1546 1279 1602 quae
1305 1546 1404 1587 suo
1430 1531 1592 1587 etiam
1617 1534 1668 1587 itt
1693 1533 1928 1589 futurum

328 1626 585 1688 occupata
613 1621 734 1675 est?
765 1619 989 1692 Utrique
1016 1631 1194 1678 autem
1237 1625 1387 1680 sexui
1418 1626 1706 1697 loquimur,
1734 1628 1834 1684 etsi
1862 1628 1928 1685 ad

2056 429 2146 472 aut
2166 417 2219 473 in
2246 426 2416 473 totum
2440 432 2545 474 non
2585 417 2930 489 recogitasse,
2963 432 3085 472 cum
3117 416 3377 472 scriberet
3411 434 3424 469 :
3470 416 3656 472 Mulier

2054 513 2220 567 vincta
2249 523 2323 567 est
2348 513 2400 567 in
2426 521 2672 583 quantum
2711 511 2951 582 temporis
2988 510 3110 565 vivit
3146 510 3221 564 vir
3246 511 3396 582 ejus;
3423 513 3469 566 si
3488 519 3656 565 autem

2051 614 2282 658 mortuus
2314 603 2507 674 fuerit,
2540 603 2701 658 libera
2726 612 2797 659 est
2826 618 2845 658 :
2872 603 2956 658 cui
2992 603 3130 669 vult,
3155 603 3347 667 nubat;
3380 612 3577 657 tantum
3600 604 3654 657 in

2051 696 2272 769 Domino
2306 698 2323 766 (
2354 699 2380 752 1
2415 697 2535 753 Cor.
2560 695 2685 764 VII,
2713 695 2829 768 '59).
2876 696 2957 752 Ex
2986 695 3090 751 hoc
3110 697 3253 751 enim
3280 695 3509 765 capitulo
3554 696 3654 752 de-

2048 790 2274 847 fenduttt
2303 791 2575 847 licentiam
2624 789 2849 847 secundi
2906 789 3261 855 matrimonii,
3295 788 3402 843 imo
3444 799 3495 844 ct
3538 790 3653 859 piu-

2047 883 2196 948 rimi,
2228 884 2273 939 si
2305 884 2524 939 secundi
2551 901 2564 934 :
2597 881 2741 953 quod
2764 881 2906 937 enim
2934 881 3104 937 semel
3129 896 3251 936 esse
3274 879 3469 946 desiit,
3497 880 3649 937 omni

2046 972 2338 1029 obnoxium
2371 984 2454 1030 est
2478 989 2730 1043 numero.
2785 975 2903 1042 Quo
2927 981 3105 1028 autem
3151 986 3311 1028 sensu
3357 972 3650 1042 Apostolus

2042 1065 2348 1136 scripserit,
2384 1066 2456 1121 ita
2486 1065 2781 1131 relucebit,
2836 1065 2882 1120 si
2933 1063 3081 1135 prius
3120 1071 3333 1119 constet
3348 1084 3365 1129 ι,
3401 1078 3505 1117 non
3547 1062 3650 1120 hoc

2042 1157 2188 1212 illum
2217 1172 2378 1215 sensu
2405 1159 2716 1229 scripsisse,
2746 1173 2853 1229 quo
2884 1156 3127 1229 Psychiei
3159 1165 3396 1211 utuntur.
3426 1154 3652 1211 Constao

2039 1247 2118 1303 bit
2145 1260 2351 1317 autem,
2383 1250 2429 1307 si
2474 1249 2594 1321 quis
2635 1264 2699 1306 ea
2741 1248 3073 1316 recordetur,
3109 1263 3230 1319 qua:
3258 1247 3381 1304 huic
3406 1248 3642 1318 capitulo

2038 1338 2248 1396 diversa
2272 1350 2398 1397 sunt
2423 1352 2478 1397 et
2504 1341 2644 1413 apud
2674 1340 2974 1398 doctrinam
2996 1382 3013 1408 ,
3042 1340 3250 1413 etapud
3284 1341 3644 1411 voluntatem,

2038 1442 2093 1490 et
2121 1434 2265 1507 apud
2297 1436 2568 1507 propriam
2611 1437 2779 1508 ipsius
2828 1435 2977 1492 Pauli
3020 1436 3380 1507 disciplinam.
3409 1437 3464 1494 Si
3500 1438 3645 1495 enim

2037 1526 2304 1584 secundas
2328 1528 2541 1599 nuptias
2562 1529 2825 1601 permittit
2850 1528 2955 1601 (5),
2980 1544 3098 1600 quae
3125 1529 3195 1585 ab
3220 1529 3376 1585 initio
3402 1548 3507 1585 non
3533 1531 3649 1587 fue-

2016 1629 2192 1686 runt,
2226 1620 2497 1692 quomodo
2526 1620 2774 1677 adfirmat
2820 1622 2997 1677 omnia
3027 1623 3096 1679 ab
3147 1622 3353 1678 initium
3402 1624 3644 1694 recolligi

319 1708 552 1765 alterum
574 1726 751 1767 sermo
773 1722 885 1778 est;
912 1714 1032 1784 quia
1062 1730 1166 1769 una
1190 1714 1471 1787 disciplina
1494 1730 1718 1789 praeest.
1743 1722 1922 1777 Alium
1956 1727 2004 1787 B
2034 1710 2085 1765 Ῑη
2132 1711 2382 1767 Clll‘iSIO?
2428 1710 2483 1769 Si
2526 1712 2640 1768 “Ill
2680 1727 2778 1768 "08
2829 1712 3025 1769 “crare
3048 1713 3319 1785 coniugia.
3370 1715 3645 1785 qumnodo

323 1799 540 1857 habebit
572 1802 624 1857 in
655 1804 880 1875 spiritu,
926 1806 1091 1861 alium
1123 1806 1175 1862 in
1205 1808 1543 1875 earne?_llp_e
1574 1811 1679 1867 erit
1714 1811 1924 1869 adulte-

319 1894 483 1962 r_inm,
514 1896 669 1951 unius
697 1897 930 1953 loemina:
960 1900 1012 1954 itt
1041 1899 1175 1955 duos
1202 1900 1345 1956 viros
1369 1903 1716 1960 conscientia.
1753 1904 1808 1962 Si
1840 1906 1924 1961 al-

319 1997 400 2042 tet-
426 2005 455 2041 a
485 2001 650 2043 carne
679 1987 976 2060 disjunctus
998 1999 1115 2060 est,
1143 1991 1240 2049 sed
1271 1992 1326 2048 itt
1349 1987 1784 2053 corde'r—emﬁtet
1815 1999 1917 2069 ll);

312 2078 422 2134 illic
463 2077 577 2151 (tibi
608 2081 768 2144 etiam
795 2082 1063 2153 cogitatus
1107 2084 1227 2140 sine
1274 2086 1454 2142 carnis
1496 2102 1814 2159 congressu,
1864 2099 1920 2146 et

315 2174 634 2250 adulterium
662 2187 788 2234 ante
828 2177 1037 2248 perficit
1070 2179 1150 2252 (2)
1181 2197 1245 2237 ex
1277 2182 1733 2253 concupiscentia,
1760 2184 1836 2256 (a)
1864 2194 1917 2242 et

312 2268 713 2323 matrimonium
764 2284 836 2325 ex
885 2269 1200 2342 voluntate)
1255 2287 1423 2344 usque
1466 2273 1642 2329 adhuc
1695 2276 1917 2331 maritus

316 2367 423 2427 est,
452 2358 530 2431 (b)
556 2360 726 2431 ipsum
759 2360 887 2416 illud
922 2361 1221 2432 possidens,
1245 2379 1342 2434 per
1365 2365 1508 2435 quod
1529 2377 1581 2420 et
1614 2365 1781 2421 factus
1808 2377 1912 2435 est,
1937 2370 1943 2374 ’

308 2450 362 2506 id
385 2460 471 2507 est
495 2454 732 2508 animum
765 2471 779 2508 :
809 2454 859 2509 itt
889 2470 996 2525 quo
1023 2455 1069 2509 si
1107 2463 1162 2509 et
1188 2456 1327 2511 alius
1370 2456 1652 2523 habitabit,
1680 2457 1781 2513 hoc
1813 2461 1915 2515 erit

306 2543 534 2600 crimen.
553 2544 815 2600 Craterum
838 2587 854 2610 ,
881 2562 987 2602 non
1016 2556 1100 2602 est
1137 2547 1405 2615 exclusus,
1436 2550 1532 2605 sia
1558 2550 1744 2607 viliore
1763 2566 1912 2608 com-

305 2637 512 2693 mercio
539 2638 719 2694 carnis
747 2638 984 2696 decessit
1034 2638 1137 2713 (ὅ).
1172 2640 1498 2699 Ilouoratior
1544 2645 1765 2702 maritus
1795 2655 1906 2713 esr,

304 2729 520 2801 quando
545 2731 800 2788 mundior
821 2731 992 2789 factus
1017 2742 1122 2789 est.

918 2826 1145 2884 CAPUT
1186 2827 1276 2884 XI.

369 2919 441 2976 Ut
477 2920 637 2992 igitur
661 2920 717 2976 in
745 2920 971 2977 Domino
1001 2920 1080 2995 (4)
1107 2922 1275 2979 nuhas
1298 2923 1592 2980 secundum
1621 2925 1819 2998 Legem
1849 2934 1910 2984 et

294 3013 615 3082 Apostolutn
654 3012 724 3088 (si
756 3025 933 3070 tamen
956 3016 1037 3071 vel
1065 3014 1167 3072 hoc
1195 3016 1401 3088 curas),
1429 3018 1601 3087 qualis
1626 3034 1685 3075 es
1708 3019 1758 3075 id
1786 3036 1907 3075 ma-

2032 1817 2216 1859 semen
2244 1812 2488 1859 nostrum
2518 1804 2571 1860 itt
2612 1804 2761 1861 Isaac
2787 1805 2957 1861 semel
2985 1806 3177 1861 marito
3197 1815 3419 1863 auctore
3448 1802 3639 1873 διεξοηέ

2027 1894 2144 1949 dit?
2164 1894 2447 1962 Quomodo
2472 1904 2643 1952 totum
2668 1896 2913 1953 ordinem
2934 1895 3192 1954 Ecclesia:
3214 1897 3281 1954 de
3303 1899 3639 1971 monogantis

2025 1986 2295 2058 disponit,
2344 1988 2389 2044 si
2436 2004 2542 2045 non
2566 1989 2680 2046 haec
2707 1988 2990 2060 disciplina
3028 1989 3287 2061 przecedit
3340 1992 3392 2047 in
3453 1993 3635 2063 laicis,
3714 2023 3719 2028 -

2024 2096 2089 2138 ex
2122 2082 2317 2154 quibus
2345 2082 2602 2140 Ecclesia:
2631 2083 2764 2140 ordo
2792 2082 3035 2155 prolicit?
3057 2082 3340 2151 Quomodo
3368 2085 3417 2139 in
3444 2086 3636 2141 matri-

2021 2176 2205 2231 monio
2230 2174 2406 2231 adhuc
2432 2176 2634 2248 positos
2665 2191 2696 2232 ει
2738 2175 2911 2232 fructu
2936 2174 3262 2248 matrimonii
3289 2187 3514 2245 avocat,
3546 2178 3630 2234 di-

2021 2280 2151 2322 cens
2196 2265 2247 2322 in
2293 2266 2524 2323 collecto
2553 2281 2675 2324 esse
2704 2276 2914 2339 tempus
2934 2309 2949 2334 ,
2980 2267 3024 2330 si
3048 2283 3145 2340 per
3172 2264 3408 2325 mortem
3443 2270 3631 2326 matri.

2022 2358 2204 2413 monio
2274 2359 2489 2430 elapsos
2547 2359 2739 2415 iterum
2804 2360 2855 2414 itt
2908 2360 3313 2416 matrimonium
3366 2362 3618 2419 revocat?

2020 2451 2149 2508 llaec
2176 2452 2222 2508 si
2254 2452 2466 2508 diversa
2490 2461 2618 2509 sunt
2660 2452 2717 2508 ei
2740 2453 3005 2522 capitulo,
3033 2452 3103 2510 de
3130 2468 3237 2525 quo
3264 2453 3458 2526 agitur,
3491 2471 3621 2511 con-

2017 2542 2218 2611 stabit,
2248 2554 2305 2598 ut
2331 2543 2597 2608 diximus,
2627 2558 2731 2599 non
2766 2542 2866 2598 hoc
2907 2544 3056 2599 illum
3095 2558 3261 2601 sensu
3301 2545 3619 2616 scripsisse,

2021 2652 2130 2709 quo
2161 2636 2405 2709 Psychici
2453 2645 2691 2693 utuntur.
2733 2636 2868 2707 Quia
2916 2636 3126 2698 facilius
3158 2647 3275 2707 est,
3307 2647 3368 2693 ut
3392 2639 3623 2711 aliquam
3717 2646 3720 2649 ‘

2016 2730 2280 2786 rationem
2303 2729 2500 2785 habeat
2520 2744 2683 2785 unum
2714 2727 2843 2785 illud
2872 2730 3187 2801 capitulum,
3217 2745 3337 2802 qua:
3361 2745 3482 2787 cum
3511 2747 3618 2787 αυ-

2016 2823 2144 2877 teris
2173 2821 2376 2892 sapiat,
2408 2835 2566 2891 quatn
2598 2827 2656 2875 ut
2697 2819 2990 2890 Apostolus
3019 2819 3234 2877 diversa
3261 2821 3403 2876 inter
3439 2836 3499 2878 se
3518 2821 3617 2877 do-

2012 2914 2190 2970 cuisse
2218 2914 2481 2969 videatur.
2516 2910 2648 2967 Eam
2683 2912 2945 2967 rationem
2978 2912 3030 2966 in
3061 2912 3175 2983 ipsa
3206 2912 3427 2968 materia
3460 2923 3615 2983 pote-

2010 3006 2178 3061 rimus
2206 3019 2611 3077 recognoscere.
2661 3003 2791 3073 Qttte
2818 2984 2918 3060 ista
2951 3004 3177 3061 materia
3217 3004 3475 3076 Apostolo
3513 2998 3645 3062 fttit'

296 3105 608 3160 trimouium
654 3105 962 3175 postulans,
1010 3107 1150 3177 quod
1195 3108 1275 3163 eis
1311 3123 1341 3164 ει
1381 3109 1575 3178 quibus
1623 3112 1899 3181 ροειυιηε,
1929 3114 1974 3177 C
2010 3097 2285 3155 scribendi
2328 3097 2489 3153 talia?
2516 3096 2861 3169 Tyrocinium
2911 3112 3070 3152 nova:
3115 3105 3172 3154 et
3212 3111 3335 3153 cum
3382 3097 3617 3168 maxime

295 3212 403 3251 non
436 3197 561 3252 licet
591 3197 828 3265 habere;
859 3198 926 3253 ab
953 3200 1211 3270 episcopo
1236 3214 1579 3272 monogamo,
1601 3201 1672 3274 (α)
1695 3219 1724 3257 a
1748 3220 1899 3273 prcs-

294 3288 500 3360 hyteris
545 3297 600 3344 et
643 3288 889 3345 diaconis
931 3289 1171 3359 ejusdem
1223 3293 1580 3357 sacramenti,
1625 3308 1656 3348 a
1685 3293 1895 3362 viduis,

291 3396 516 3455 quarum
543 3392 745 3439 sectam
790 3384 842 3438 in
885 3392 938 3440 te
965 3384 1265 3440 recusasti?
1295 3384 1378 3457 (ά)
1410 3384 1477 3440 Et
1506 3386 1578 3442 illi
1612 3387 1775 3457 plane
1817 3389 1896 3446 sic

296 3474 497 3529 dabunt
516 3475 661 3530 viros
688 3484 743 3529 et
772 3489 986 3540 uxores,
1005 3475 1274 3545 quomodo
1299 3476 1590 3533 buceellas.
1616 3478 1727 3535 Hoc
1746 3481 1893 3539 enim

291 3575 379 3645 est
417 3565 556 3636 apud
607 3566 728 3621 illos
761 3582 773 3618 :
808 3565 963 3620 Omni
992 3567 1181 3637 petenti
1208 3578 1253 3621 te
1278 3568 1445 3623 dabis.
1478 3569 1541 3624 Et
1567 3570 1892 3644 conjungent

291 3670 388 3712 vos
412 3656 467 3711 in
499 3654 740 3712 Ecclesia
771 3656 975 3727 virgine
995 3697 1011 3726 ,
1042 3655 1199 3712 unius
1239 3656 1439 3713 Christi
1483 3660 1637 3716 unica
1667 3676 1886 3731 sponsa.

288 3750 358 3805 Et
385 3747 569 3805 orabis
600 3764 696 3820 pro
734 3748 941 3805 maritis
974 3749 1115 3816 tuis,
1148 3764 1287 3804 novo
1312 3758 1365 3805 et
1395 3760 1594 3807 vetere.
1626 3752 1773 3824 Elige
1800 3754 1888 3810 cui

286 3854 342 3902 te
366 3844 667 3901 adulteram
694 3854 940 3915 praestes.
966 3841 1122 3910 Puto,
1141 3842 1423 3900 ambobus.
1448 3844 1600 3925 Quod
1618 3846 1661 3901 si
1684 3847 1882 3929 sapiasl

286 3947 464 4015 Egens
493 3934 763 3992 defuncto.
793 3934 1093 4006 Repudium
1144 3937 1213 3991 sit
1258 3936 1334 3992 illi
1385 3935 1656 3994 silentium
1712 3949 1882 4007 tuum,

185 4018 215 4039 ’ί
286 4028 477 4083 alienis
510 4026 578 4099 (e)
616 4018 1022 4098 jaanotalibus
1066 4028 1344 4096 scriptum.
1372 4024 1484 4083 Hoc
1505 4029 1664 4085 modo
1685 4046 1880 4088 novum

286 4119 678 4190 promercberis
707 4119 984 4181 maritum,
1017 4117 1061 4173 si
1091 4118 1288 4173 veteris
1318 4117 1675 4176 obliviscaris.
1704 4121 1879 4180 Debes

287 4214 457 4287 magis
507 4213 581 4272 illi
625 4214 857 4286 placere,
903 4222 1121 4286 propter
1166 4228 1323 4285 quem
1372 4215 1480 4273 Deo
1523 4215 1732 4289 placere
1772 4235 1879 4277 non

2002 3191 2231 3249 orientis
2260 3190 2541 3259 Ecclesiae,
2571 3206 2731 3262 quam
2763 3190 2900 3247 lacte
2927 3190 3133 3247 scilicet
3159 3190 3440 3256 educabat,
3474 3205 3617 3246 non-

2002 3284 2127 3341 tlttm
2151 3282 2317 3339 solido
2346 3281 2454 3337 cibo
2500 3284 2517 3355 (
2541 3281 2565 3336 ι
2595 3281 2713 3338 Cor.
2744 3280 2830 3355 ΙΙΙ)
2857 3281 3127 3338 validioris
3153 3282 3410 3338 doctrina:
3440 3280 3615 3339 :adeo

2013 3387 2093 3446 ut,
2126 3390 2239 3448 prae
2261 3374 2347 3431 illa
2377 3373 2595 3429 infantia
2627 3374 2773 3440 ﬁdei,
2807 3375 3116 3446 ignorarent
3138 3372 3312 3429 adhuc
3339 3372 3464 3445 quid
3506 3372 3608 3430 sibi

2009 3467 2274 3542 agendum
2319 3474 2464 3524 esset
2514 3467 2654 3523 circa
2703 3467 2881 3523 carnis
2908 3476 2964 3523 et
2992 3480 3155 3523 sexus
3200 3468 3604 3524 necessitatem.

2005 3561 2168 3633 Cujus
2193 3560 2354 3617 etiam
2386 3560 2529 3632 ipsas
2556 3558 2769 3629 species
2808 3574 2874 3615 ex
2903 3558 3180 3631 rescriptis
3221 3558 3605 3629 intelligimus,

2008 3669 2129 3710 cum
2156 3652 2286 3709 dicit
2319 3671 2332 3707 :
2366 3651 2439 3705 De.
2469 3650 2547 3705 Itis
2585 3659 2753 3706 autem
2791 3666 2906 3722 qua:
2925 3651 3172 3717 scribitis,
3205 3651 3390 3706 bonum
3409 3662 3480 3706 est
3508 3652 3606 3706 Ito-

1992 3749 2117 3803 mini
2145 3746 2409 3802 mulierem
2454 3761 2555 3799 non
2592 3744 2878 3817 attingere;
2906 3745 2975 3816 (Γ)
3009 3754 3214 3816 propter
3241 3745 3603 3817 fornicationes

1989 3852 2178 3910 autem,
2210 3840 2564 3912 unusquisque
2589 3854 2797 3893 uxorem
2822 3854 2970 3895 suam
2996 3839 3174 3894 habeat
3199 3840 3220 3909 (
3246 3838 3264 3894 l
3291 3838 3411 3895 Cor.
3442 3840 3552 3911 VII)
3580 3860 3596 3899 :

1990 3934 2223 3992 ostendit
2248 3924 2410 3989 fuisse
2439 3933 2529 4003 qui
2577 3931 2629 3986 in
2676 3931 3019 3987 matrimonio
3039 3946 3069 3986 a
3098 3929 3205 3987 ﬁde
3227 3930 3594 4002 deprehensi,

1987 4030 2310 4088 verebantur
2332 4043 2399 4083 ne
2428 4041 2536 4082 non
2566 4026 2753 4083 liceret
2778 4025 2859 4081 eis
2883 4024 3225 4096 matrimonio
3253 4039 3353 4080 suo
3397 4025 3596 4083 exinde

1987 4126 2063 4182 uti
2085 4167 2100 4189 ,
2132 4123 2254 4195 quia
2281 4123 2333 4177 itt
2360 4134 2576 4176 carnem
2604 4128 2844 4176 sanctam
2871 4117 3068 4175 Christi
3099 4116 3473 4174 credidissent.
3521 4120 3595 4177 Et

1985 4220 2168 4277 tat’nen
2215 4218 2517 4275 secundum
2552 4217 2764 4274 veniam
2806 4213 3082 4283 concedit,
3134 4230 3242 4272 non
3288 4215 3589 4274 secundum

1483 4327 1862 4391 LECTIONES
1905 4331 2325 4393 VABIANTES.

340 4419 418 4550 μ’)
442 4420 718 4496 Remanent
736 4431 886 4475 Fran.
2043 4425 2118 4554 (ιζ
2142 4433 2243 4476 Deo
2264 4423 2422 4498 tinea.
2447 4424 2600 4477 Sena.
2621 4421 2785 4475 Obert.

356 4485 904 4554 7:.)Periicttur71ilten;
991 4545 1001 4554 _
1901 4534 1954 4554 ﬁ
2042 4490 2096 4554 (5
2140 4488 2359 4539 Admttttt
2374 4484 2440 4539 al.

347 4484 420 4550 (2)
445 4485 701 4537 Perticitur
723 4485 873 4539 Rhen.
2042 4484 2117 4554 (5)
2140 4488 2359 4539 Admittit
2374 4484 2440 4539 al.

347 4551 421 4613 (5)
447 4548 674 4600 Discessit
690 4551 844 4602 Iilten.
866 4545 1019 4600 Seml.
1901 4534 1956 4595 D

1651 4633 2219 4693 COMMENTARIUS.

282 4734 289 4741 '
357 4729 432 4801 (a)
459 4722 533 4783 Et
552 4727 929 4783 matrimonium
957 4742 1022 4781 ea:
1048 4723 1305 4801 voluntate
1326 4764 1341 4791 ,
1366 4731 1471 4801 etc.
1501 4722 1646 4782 Istud
1673 4729 1867 4784 conﬁr-

284 4794 396 4857 mat
414 4794 765 4857 communem
801 4808 1015 4869 patrum
1046 4806 1098 4851 et
1128 4794 1622 4869 Jureconsttltorttm
1652 4808 1869 4857 senten-

282 4875 432 4936 tiam,
457 4871 599 4942 quod
624 4871 786 4926 etiam
805 4867 931 4925 sine
955 4880 1247 4937 congressu
1268 4867 1443 4922 crtrnis
1469 4871 1867 4942 matrimonium

284 4945 439 4998 faciat
473 4939 750 5009 voluntas,
780 4944 892 4997 sive
925 4953 1252 5003 consensus;
1284 4953 1390 5009 quo
1414 4939 1552 4995 adeo
1577 4940 1735 4997 etiam
1767 4943 1868 4998 ad-

282 5013 626 5085 probaturB.
662 5013 893 5085 Virginis
946 5020 1002 5067 et
1044 5009 1241 5078 Joseph
1287 5011 1683 5085 matrimonium
1725 5014 1866 5084 apud

277 5082 502 5156 August.
537 5084 628 5139 lib.
684 5082 819 5156 Ide
861 5092 1006 5156 nnpt.
1055 5091 1111 5156 et,
1135 5082 1580 5156 concupisc.___cap.
1616 5085 1677 5139 ll
1708 5082 1868 5140 et‘di.

274 5152 435 5214 seriis
467 5156 646 5211 verbis
670 5155 831 5209 etiam
858 5153 983 5209 illud
1012 5154 1298 5207 adlirmant
1323 5152 1382 5224 Β.
1409 5152 1688 5224 Chrysost.
1715 5156 1861 5210 hom.

271 5229 347 5285 '52
398 5225 564 5299 operis
608 5226 736 5299 imp.
780 5234 834 5281 et
873 5225 938 5299 Β,
964 5224 1281 5299 Ambrosius
1326 5223 1419 5299 lib.
1459 5223 1532 5279 de
1559 5227 1718 5299 instit.
1764 5228 1865 5299 vir-

271 5303 406 5371 gin.,
430 5295 440 5299 ⁷
463 5314 514 5354 c.
565 5297 662 5371 l(i_;
684 5295 880 5352 verum
916 5295 1039 5352 inde
1065 5309 1170 5351 non
1200 5295 1443 5366 sequitur
1471 5296 1615 5367 quod
1649 5298 1863 5369 praemi.-

192 5370 219 5381 “
266 5367 338 5427 sit
359 5367 580 5426 Auctor.
613 5367 749 5422 Plttt.

340 5443 421 5512 (b)
450 5439 476 5494 Ι
485 5454 633 5512 psunt
651 5438 782 5512 illud
806 5439 1067 5512 possidens
1082 5453 1182 5512 per
1203 5440 1339 5511 quod
1365 5449 1413 5496 et
1437 5443 1604 5512 factus
1640 5450 1715 5495 est
1743 5457 1858 5497 ma-

265 5509 431 5580 ritus,
464 5510 520 5565 id
547 5520 619 5565 est
644 5509 892 5566 animum.
935 5511 1171 5577 Etenim,
1205 5509 1262 5566 ut
1288 5509 1850 5582 aiunt—juriscousulti,

264 5588 478 5654 nuptias
503 5593 798 5654 consensus
826 5584 968 5649 facit,
1000 5597 1104 5635 non
1128 5581 1469 5638 concubitus.
1495 5581 1614 5639 lito.

334 5651 788 5724 C.\I’.VXI.—i-—(c)
818 5654 859 5706 Α
918 5654 1218 5724 presbyteris
1264 5664 1310 5707 et
1355 5655 1583 5708 diaconis
1628 5656 1853 5723 eiusdem

254 5726 582 5785 saci'atttettli.
616 5723 730 5779 lloc
758 5732 856 5794 est,
884 5723 1229 5795 Monogantis.
1256 5725 1329 5778 Lt;
1365 5726 1455 5779 Ρη.

1958 5578 2131 5653 graece
2155 5578 2243 5639 est
2260 5586 2343 5637 διὰ.
2363 5578 2413 5637 ei
2438 5586 2523 5653 τᾲς
2553 5589 2801 5650 «upside;
2834 5578 2960 5653 "La

1959 5645 2194 5709 imitatus
2246 5666 2324 5709 est
2358 5655 2413 5707 ll.
2448 5645 2833 5722 Hieronymus,
2867 5645 2962 5705 lib.
3010 5646 3030 5701 I
3069 5647 3189 5703 adv.
3232 5645 3429 5713 Jovin.,
3467 5656 3552 5704 ter

1956 5735 2229 5796 quaterve.
2253 5725 2389 5782 I’Att.

2047 4728 2127 4799 (d)
2149 4728 2213 4784 Et
2240 4728 2317 4799 illi
2344 4727 2497 4799 plane
2515 4726 2588 4781 sic
2614 4724 2809 4799 dabunt
2837 4725 3058 4799 viroshet
3098 4738 3297 4799 negares
3319 4726 3576 4799 quomodo

1974 4794 2243 4856 buccellae.
2288 4794 2548 4854 Omnibus
2569 4798 2775 4854 scilicet
2795 4794 3116 4864 petentibus.
3139 4795 3299 4864 Quasi
3322 4797 3483 4852 etiam
3498 4799 3571 4855 de

1973 4870 2311 4943 conjugiosit
2338 4869 2543 4943 dictum
2577 4868 2748 4943 illud,

1972 4939 2126 4999 suum
2143 4939 2355 4997 habere
2396 4940 2609 4996 titulum
2650 4939 2714 5011 ad
2760 4939 3158 5011 eleemosynam
3194 4940 3568 5011 (pertinentem

1971 5016 2047 5069 ait
2075 5015 2213 5069 libro
2253 5013 2318 5068 de
2345 5012 2618 5082 baptismo.
2652 5010 2836 5082 Itaque
2870 5010 2959 5066 hic
2986 5009 3163 5082 verbis
3192 5009 3429 5082 honestis
3461 5026 3565 5066 ne-

1971 5086 2210 5155 quiorem
2231 5080 2585 5155 signiﬁcatum
2616 5080 3426 5155 involvit,“quemadnmtltnttiu
3457 5082 3562 5155 δτι-

1972 5151 2201 5212 lhmonis
2228 5151 2523 5225 proverbiis
2545 5152 2768 5223 legimus
2799 5169 2811 5205 :
2845 5151 2936 5208 Sic
2956 5161 3033 5225 est
3059 5152 3143 5225 cia
3168 5151 3393 5205 mulieris
3409 5151 3562 5208 adul-

1969 5236 2121 5293 terat;
2149 5222 2385 5291 comedit,
2413 5234 2462 5279 et
2498 5222 2729 5295 tet-gito:
2750 5239 2922 5295 guunt.
2955 5222 3032 5279 LE
3059 5222 3156 5278 Pa.

2835 4868 2940 4922 mni
2967 4869 3150 4939 petenti
3180 4878 3227 4922 te
3255 4868 3395 4935 dato,
3421 4869 3570 4939 quod

2040 5288 2121 5370 (e)
2142 5298 2336 5353 Alienis
2355 5288 2472 5369 jam
2499 5288 2710 5370 doialib.
2744 5293 2950 5370 Dotalia
2979 5288 3173 5366 graecis
3203 5297 3470 5370 ἐξωπρόηιιι
3498 5302 3556 5350 et

1966 5364 2243 5496 παράῥιᾶναι
2280 5364 2631 5496 qlttiepmulier
2656 5373 2850 5436 praeter
2873 5364 3053 5422 dotem
3087 5365 3432 5421 constitutam
3462 5379 3553 5420 se-

1966 5456 2084 5496 cum
2113 5456 2143 5495 a
2185 5452 2285 5496 ert.
2360 5455 2393 5495 s
2456 5453 2510 5494 rt.

1963 5456 2084 5497 euut
2113 5452 2285 5497 ωηιξη.
2313 5452 2393 5496 LE
2412 5452 2510 5494 l’tt.

2036 5511 2102 5585 (Γ)
2125 5511 2343 5581 Propter
2363 5507 2747 5583 fornicationes.
2768 5505 2854 5585 Ad
2869 5504 3092 5562 verbum
3115 5503 3384 5585 transtulit
3400 5506 3552 5575 quod

2967 5591 3035 5632 uo
3076 5576 3233 5633 etiam
3257 5577 3552 5633 Auctorem
