4052 6286
452 410 561 471 945

1692 410 1897 471 LIBER
1939 408 2030 493 ne
2070 404 2492 466 noscamus.

452 514 771 602 imperium;
801 532 854 591 id
878 511 987 602 est,
1014 532 1315 606 indulgens,
1348 546 1454 588 non
1483 532 1795 607 t’trtecipiens
1816 533 1887 587 ita
1918 529 2052 585 ﬁeri.
2084 527 2135 586 Α
2162 542 2261 582 nec
2289 526 2373 581 hic
2400 524 2666 582 secundus
2703 528 2923 581 maritus
2955 522 3314 595 deputabitur,
3367 524 3469 596 qui
3496 523 3576 598 (5)
3618 533 3700 580 est
3729 540 3757 578 a

452 623 742 693 Cmterum,
766 630 999 687 malebat
1017 644 1204 685 omnes
1226 629 1274 683 id
1292 628 1567 700 essequod
1593 638 1646 685 et
1663 629 1797 699 ipse.
1820 626 2051 683 Proinde

452 726 507 772 et
558 718 627 772 de
674 721 1276 790 repudio-reseribens,
1327 720 1655 776 demonstrat
1681 720 1938 793 quosdam
1983 718 2051 775 de

454 808 556 866 isto
583 827 799 883 quoque
827 814 1095 885 cogitasse
1124 832 1137 868 :
1168 813 1254 869 vel
1277 813 1527 876 maxime.
1558 814 1680 886 quia
1709 823 1765 870 et
1789 815 1840 871 in
1866 814 2047 871 ethni-

450 901 529 958 eis
555 904 915 961 matrimoniis
963 920 1070 961 non
1117 904 1376 977 putabant
1404 915 1523 976 post
1553 905 1710 961 [idem
1738 906 1840 962 sibi
1866 922 2052 978 persc-

452 994 765 1067 vorandum.
819 997 1144 1064 Qumrebant
1196 1004 1249 1052 et
1298 996 1710 1069 de-virginibus
1766 998 2047 1055 consilium

451 1088 800 1158 (praeceptum
830 1089 974 1145 enim
1008 1089 1219 1145 Domini
1249 1102 1356 1144 nan
1382 1092 1520 1163 erat)
1547 1131 1560 1154 ,
1594 1091 1777 1145 bonum
1814 1107 1922 1146 esse
1951 1091 2046 1144 Ito-

451 1179 577 1234 mini
619 1181 663 1235 si
709 1182 781 1236 sic
823 1190 1150 1251 permaneat;
1188 1182 1373 1252 utique
1399 1182 1669 1253 quomodo
1702 1198 1731 1239 a
1763 1183 1865 1238 Iide
1890 1182 2050 1240 fuerit

452 1271 718 1327 inventus.
761 1272 972 1329 Vinctus
1010 1290 1063 1328 es
1101 1273 1184 1345 (I)
1230 1273 1407 1340 uxori,
1443 1291 1507 1329 ne
1530 1275 1791 1347 quaesieris
1837 1277 2049 1331 solutio.

452 1379 583 1418 nent.
614 1362 827 1420 Solutus
841 1380 893 1419 es
916 1364 978 1418 ab
1005 1380 1182 1433 uxore,
1214 1381 1277 1420 ne
1301 1365 1560 1435 quwsieris
1580 1381 1791 1421 uxorem
1829 1381 1850 1422 :
1878 1367 1923 1421 si
1947 1385 2045 1422 an-

448 1463 549 1517 tem
602 1456 854 1525 acceperis
913 1471 1122 1511 uxorem
1170 1471 1273 1510 non
1327 1455 1582 1522 deliquisti
1616 1474 1630 1512 :
1660 1457 1780 1529 quia
1810 1465 1933 1515 ante
1981 1459 2045 1517 Ii-

450 1546 571 1623 dem
622 1548 802 1605 solmo
846 1549 914 1605 ab
959 1564 1148 1615 uxore,
1181 1564 1288 1604 non
1320 1550 1689 1606 numerabitur
1728 1560 1846 1621 post
1887 1552 2045 1607 [idem

449 1639 681 1695 secunda
707 1655 856 1705 uxor,
889 1655 1010 1712 qua:
1033 1650 1153 1711 post
1174 1638 1334 1696 ﬁdem
1359 1641 1529 1712 prima
1562 1650 1662 1697 est.
1697 1642 1741 1698 A
1772 1642 1877 1698 lide
1901 1644 2044 1700 enim

448 1730 607 1787 etiam
656 1731 769 1804 ipsa
808 1733 913 1787 vita
957 1741 1140 1787 nostra
1169 1740 1441 1789 censetur.
1471 1732 1578 1789 Sed
1620 1734 1709 1789 hic
1740 1749 1960 1805 parcere
1985 1740 2045 1791 Se

446 1821 576 1879 dicit
600 1824 706 1880 illis
738 1842 751 1878 :
784 1824 1019 1894 alioquin
1050 1839 1357 1895 pressuram
1405 1827 1583 1883 carnis
1612 1826 2041 1897 subsecutnram,

2158 617 2260 671 Iide
2294 620 2493 697 primus
2519 658 2533 681 ,
2560 625 2615 671 et
2641 615 2777 671 adeo
2802 616 2881 671 sic
2907 624 3011 685 est,
3041 624 3100 671 ut
3125 626 3409 687 propterea
3456 616 3709 687 adjecerit
3742 633 3758 670 :

2154 708 2372 764 Tantum
2400 709 2454 765 in
2484 709 2742 776 Domino;
2771 709 2894 780 quia
2921 708 2990 765 de
3014 724 3074 765 ea
3103 709 3391 780 agebatur,
3424 725 3547 781 qua:
3574 709 3755 764 ethni-

2153 815 2274 856 eum
2298 800 2581 865 habuerat,
2614 810 2667 855 et
2695 801 2894 857 amisso
2923 814 2989 856 eo
3015 799 3454 865 credideratrne
3515 800 3594 873 (6)
3637 800 3751 856 sci-

2155 894 2277 951 licet
2305 894 2464 949 etiam
2507 902 2627 964 post
2664 891 2822 949 tidem
2863 892 3079 948 etlmico
3108 907 3168 949 se
3197 891 3403 949 nubere
3433 908 3590 962 posse
3620 908 3757 963 prm-

2118 1006 2123 1011 ·
2153 997 2425 1053 sumeret;
2458 987 2584 1043 licet
2612 1001 2710 1043 nee
2743 986 2846 1042 hoc
2887 986 3130 1059 Psychiei
3159 997 3370 1043 curent.
3399 986 3474 1059 (a)
3503 985 3751 1043 Sciamus

2156 1082 2309 1151 plane
2337 1098 2443 1139 non
2473 1084 2552 1140 sic
2591 1099 2713 1140 esse
2741 1084 2792 1139 in
2827 1099 3006 1155 grteco
3038 1085 3364 1149 authentico,
3396 1083 3667 1155 quomodo
3697 1084 3750 1140 in

2154 1190 2308 1230 usum
2354 1177 2483 1230 exiit
2524 1175 2601 1248 (ο)
2646 1191 2741 1246 per
2771 1175 2996 1231 duarum
3025 1175 3350 1248 syllabarum
3378 1185 3470 1229 aut
3498 1174 3749 1229 callidam

2150 1278 2242 1325 aut
2258 1270 2557 1341 simplicem
2573 1269 2904 1326 eversionem
2921 1270 3004 1341 (7)
3026 1287 3038 1324 :
3065 1269 3126 1325 Si
3146 1268 3406 1324 dormierit
3422 1266 3501 1340 (8)
3524 1268 3598 1321 vir
3617 1268 3754 1337 ejus.

2151 1361 2300 1432 quasi
2348 1360 2415 1417 de
2465 1360 2641 1417 futuro
2684 1369 2839 1418 sonet
2868 1402 2884 1430 ,
2913 1374 2977 1416 ac
3002 1375 3096 1431 per
3132 1360 3233 1417 hoc
3272 1359 3515 1416 videatur
3537 1359 3604 1415 ad
3628 1375 3750 1415 eam

2152 1454 2452 1523 pertinere,
2484 1470 2604 1524 qua:
2627 1454 2820 1525 jam-in
2853 1453 2957 1509 Ilde
2982 1456 3154 1509 virum
3198 1454 3457 1509 amiserit.
3490 1452 3603 1509 IIoe
3629 1453 3754 1523 qni-

2149 1546 2271 1603 dem
2301 1546 2347 1601 si
2389 1547 2457 1602 ita
2484 1556 2661 1613 esset,
2689 1548 2741 1602 in
2768 1546 3031 1603 inlinitqu
3058 1548 3253 1603 emissa
3283 1547 3515 1613 licentia,
3549 1546 3752 1601 totiens

2150 1639 2321 1693 virum
2373 1638 2642 1707 dedisset,
2697 1639 2950 1711 quotiens
3003 1640 3233 1696 amissus
3271 1648 3437 1706 esset,
3480 1639 3598 1694 sine
3641 1638 3753 1693 ullo

2151 1732 2354 1801 pudore
2386 1732 2643 1799 nubendi,
2676 1734 2836 1788 etiam
2862 1732 3093 1788 ethnicis
3131 1740 3482 1804 congruente.
3514 1730 3619 1787 Sed
3650 1732 3751 1787 etsi

2150 1826 2220 1882 ita
2259 1835 2403 1884 esset
2431 1825 2582 1899 quasi
2606 1827 2673 1884 de
2701 1826 2921 1884 futuro:
2962 1826 3024 1883 Si
3069 1829 3217 1900 cujus
3262 1828 3473 1883 maritus
3520 1838 3749 1883 mortuus

445 1929 553 1984 pra:
575 1915 834 1987 angustiis
856 1925 1156 1989 temporum
1187 1917 1568 1989 impedimenta
1606 1920 1930 1977 matrimonii
1959 1938 2039 1978 re-
2064 1919 2116 1980 Β
2145 1922 2330 1994 fuerit,
2385 1920 2715 1977 tantumdem
2761 1930 2817 1977 et
2863 1921 3094 1976 futurum
3142 1920 3207 1976 ad
3260 1935 3378 1976 eam
3420 1920 3748 1991 pertineret,

362 2070 365 2073 λ
443 2009 797 2076 cusantibus;
846 2011 975 2082 quin
1024 2010 1204 2084 potius
1257 2010 1325 2066 de
1375 2011 1599 2067 Domino
1628 2012 2040 2070 sollicitudinem

444 2098 745 2156 habendam
776 2100 1138 2173 promerendo
1162 2100 1265 2174 (Ξ),
1288 2118 1448 2174 quam
1476 2103 1544 2159 de
1588 2104 1799 2161 marito.
1850 2105 1917 2161 Et
1961 2106 2042 2178 (ὅ)

444 2192 514 2246 ita
542 2202 756 2248 revocat
774 2193 919 2265 quod
947 2194 1213 2265 permisit.
1249 2194 1340 2251 Sic
1368 2210 1498 2267 ergo
1524 2197 1576 2251 in
1597 2196 1786 2253 eodem
1811 2198 1927 2269 ipso
1948 2215 2042 2254 ca-

442 2282 632 2352 pitnlo,
661 2298 767 2354 quo
792 2283 982 2340 delinit
1017 2300 1484 2357 unumquemque,
1526 2288 1579 2343 in
1625 2303 1729 2358 qua
1760 2289 2045 2347 vocatione

440 2375 738 2444 vocabitur,
762 2378 815 2439 in
843 2392 903 2434 ea
939 2392 1257 2449 permanere
1294 2377 1525 2447 debere,
1566 2380 1824 2451 adjiciens
1865 2400 1878 2436 :
1927 2383 2046 2438 illu-

439 2464 535 2521 lier
577 2469 745 2524 vincta
785 2478 897 2538 est,
937 2471 1186 2538 quamdiu
1214 2471 1333 2526 civit
1363 2473 1439 2526 vir
1468 2473 1577 2545 ejus
1608 2473 1696 2527 :si
1720 2484 1888 2529 autem
1928 2476 2048 2529 dor-

437 2558 636 2627 mierit,
673 2561 831 2615 libera
860 2571 969 2628 est;
1001 2562 1084 2616 cui
1110 2563 1237 2618 volet
1281 2563 1435 2618 nubat
1457 2605 1473 2632 ,
1522 2573 1718 2619 tantunt
1744 2566 1797 2620 in
1826 2565 2047 2624 Domino

440 2649 483 2721 (Ι
516 2651 636 2707 (.‘or.
657 2651 766 2718 VII,
796 2651 910 2725 59);
934 2654 1059 2710 hinc
1081 2653 1157 2729 (4)
1180 2671 1390 2727 quoque
1406 2672 1523 2712 eam
1546 2656 1877 2716 demonstrat
1900 2659 2045 2727 intel,

438 2741 731 2813 ligendam,
750 2760 870 2816 qua:
883 2754 937 2800 et
961 2747 1074 2818 ipsa
1105 2747 1184 2802 sic
1215 2747 1373 2803 luerit
1402 2748 1613 2805 inventa
1642 2750 1816 2807 soluta
1843 2768 1872 2806 a
1904 2755 2040 2823 viro,

438 2836 710 2903 quomodo
732 2845 785 2892 et
803 2837 883 2892 vir
902 2838 1114 2894 solutus
1138 2838 1206 2894 ab
1227 2855 1425 2906 uxore;
1457 2856 1552 2910 per
1581 2852 1808 2899 mortem
1836 2845 2038 2917 utique,

442 2944 545 2983 non
579 2945 676 3003 per
709 2930 989 3002 repudium
1035 2932 1171 2987 facta
1220 2933 1486 2989 Solutione
1536 2952 1549 2989 :
1604 2936 1724 3006 quia
1750 2940 2040 3008 repudiatis

441 3037 545 3078 non
572 3024 910 3093 permitteret
932 3026 1138 3082 nubere
1154 3068 1181 3092 ,ε
1201 3028 1458 3084 adversus
1482 3031 1761 3099 pristinum
1804 3038 2039 3106 pereep-

2146 2014 2297 2086 cujus
2316 2023 2438 2070 ante
2459 2014 2618 2074 Iidem
2640 2014 2899 2070 morietur
2918 2014 3157 2069 maritus
3191 2013 3404 2080 Qmevis
3430 2010 3508 2087 (9)
3535 2013 3741 2095 accipe,

2147 2108 2274 2163 dum
2301 2117 2498 2163 caetera
2528 2123 2633 2163 nou
2661 2118 2892 2163 evertas.
2935 2104 3071 2161 Nam
3113 2120 3236 2162 cum
3264 2114 3320 2162 et
3348 2105 3432 2160 illa
3464 2105 3750 2160 sententia:

2148 2199 2372 2259 cedant.
2424 2214 2603 2253 servus
2646 2206 2855 2252 vocatus
2907 2212 2992 2264 es,
3042 2212 3107 2252 ne
3163 2197 3463 2257 curaveris:
3503 2194 3586 2266 (Δ)
3646 2194 3754 2247 Int-

2151 2294 2483 2362 prteputiatns
2539 2297 2747 2343 vocatus
2808 2304 2879 2354 es,
2927 2305 2990 2344 ne
3042 2287 3456 2342 circumcideris:
3513 2285 3749 2341 Circum-

2150 2385 2282 2437 cisus
2325 2388 2528 2435 vocatus
2569 2396 2655 2447 es,
2715 2378 2784 2452 (ε)
2827 2396 2889 2433 ne
2929 2378 3237 2446 adduxeris;
3286 2378 3477 2448 quibus
3517 2390 3747 2431 enucur.

2155 2474 2251 2530 rit:
2305 2472 2512 2527 Vinctus
2542 2488 2593 2527 es
2618 2472 2791 2538 uxori,
2820 2488 2883 2526 ne
2910 2472 3170 2543 quarsieris
3192 2470 3524 2526 solutionem:
3552 2469 3750 2524 solutus

2153 2583 2205 2621 es
2249 2565 2311 2619 ab
2355 2580 2533 2629 uxore,
2564 2580 2628 2619 ne
2659 2564 2919 2636 qtttesieris
2947 2578 3189 2628 uxorem;
3229 2562 3358 2617 satis
3405 2558 3746 2624 manifestum

2154 2672 2258 2728 est,
2292 2660 2359 2716 ad
2398 2674 2493 2716 eos
2535 2658 2649 2715 lucc
2697 2658 2986 2730 pertinere,
3036 2658 3126 2730 qui
3162 2658 3215 2713 in
3266 2671 3403 2712 nova
3447 2666 3502 2711 et
3544 2655 3747 2709 recenti

2153 2754 2433 2809 vocatione
2468 2753 2763 2818 constituti,
2792 2751 2861 2806 de
2905 2750 2990 2806 his
3037 2749 3407 2812 consulebant,
3460 2748 3512 2801 iu
3549 2746 3744 2815 quibus

2147 2863 2176 2902 a
2232 2847 2335 2903 title
2384 2846 2593 2902 fuerant
2654 2844 2998 2915 deprehensi.
3048 2842 3173 2898 lltec
3226 2844 3325 2896 crit
3375 2840 3744 2908 interpretatio

2145 2940 2362 3011 Capituli
2412 2939 2563 2994 istius
2615 2937 2684 2993 de
2732 2936 2834 2992 ltoe
2874 2936 3248 3001 examinanda,
3294 2950 3360 2989 an
3391 2943 3446 2988 et
3490 2933 3738 3002 tempori,

2144 3047 2198 3091 et
2232 3048 2469 3101 caussas,
2517 3042 2571 3087 et
2628 3042 2734 3087 tam
2777 3030 3039 3101 exemplis
3079 3040 3132 3086 et
3174 3028 3501 3099 argumentis
3538 3039 3739 3105 pra-ee.-

441 3124 570 3174 tum.
599 3118 783 3193 Itaque
810 3120 1004 3178 mulier
1028 3122 1073 3178 si
1111 3123 1385 3196 nupserit,
1421 3140 1525 3180 non
1554 3124 1858 3197 delinquet,
1913 3132 2037 3201 quia
2067 3124 2111 3186 C
2144 3127 2415 3192 dcntilms,
2461 3140 2620 3197 quam
2651 3134 2704 3181 et
2730 3123 3014 3180 sententiis
3040 3131 3094 3179 et
3127 3122 3373 3179 sensibus
3412 3121 3740 3190 subsequen-

1654 3242 2031 3307 LECTIONES
2067 3244 2484 3307 VARIAN'I‘ES.

501 3350 577 3473 ὅ)
596 3352 737 3404 Enim
760 3353 912 3406 Rhea.
932 3354 1084 3406 Scml.

554 3414 573 3473 )
602 3415 877 3468 Promendo
917 3428 1064 3471 Fran.

601 3415 877 3489 fremendo
917 3428 1064 3471 Fran.

504 3478 579 3614 iiii
601 3476 960 3614 ἳῗηέἶὲῗιέιιῗιτῗ
971 3524 979 3531 '

499 3602 574 3667 (ὃ)
601 3605 723 3663 Quia
744 3603 853 3670 Εἰς.
886 3608 1005 3658 Ven.

2203 3362 2278 3423 (6)
2301 3361 2376 3412 Ne
2399 3359 2529 3411 abest
2553 3357 2705 3423 Rhea,

2205 3420 2277 3486 (7)
2306 3423 2643 3486 Etuersionem
2668 3420 2818 3486 sentt.

2204 3482 2278 3546 (8)
2305 3483 2641 3535 Anteminser.
2662 3482 2811 3546 Rhea.
2838 3482 2989 3535 Seml.

2206 3545 2280 3615 (9)
2307 3548 2535 3609 Quamvis
2550 3545 2699 3597 Seml.
2721 3547 2862 3596 Pam.

1872 3716 2432 3775 COMMENTARIUS.

511 3821 586 3891 (a)
618 3820 856 3878 Sciamus
884 3821 1040 3899 plane
1065 3839 1167 3877 non
1218 3826 1290 3879 sic
1316 3841 1423 3899 esse
1446 3828 1499 3880 in
1529 3844 1695 3899 gra’co
1721 3830 2031 3887 authentico.

437 3890 571 3946 Cum
595 3909 756 3967 mune
789 3904 840 3967 et
873 3895 1073 3948 veteris
1110 3905 1164 3949 et
1196 3912 1348 3951 nova:
1378 3890 1669 3967 Scriptura:
1706 3902 2033 3957 instrumen-

438 3971 548 4040 tnn_t
606 3964 658 4018 in
710 3965 931 4040 latinum
974 3980 1278 4040 sermonem
1317 3964 1527 4040 exinde
1584 3972 1897 4028 translatum
1936 3974 2028 4040 sit,

438 4034 605 4114 multo
633 4036 813 4114 purior
841 4051 1058 4114 manare
1096 4037 1362 4114 credenda
1384 4039 1655 4114 estulentis
1682 4043 1842 4107 unda,
1868 4034 2026 4114 quarti

440 4105 574 4185 rivi...
595 4116 650 4157 ut
684 4104 757 4185 ait
799 4105 1059 4185 adversus
1094 4108 1406 4185 _llelri_dium
1440 4104 2032 4185 llieronyntus.vlt'aqnc

438 4186 493 4227 et
518 4176 646 4228 libro
671 4176 733 4228 de
754 4178 1039 4256 μναῖαι-ἔρ(Ϊ
1084 4179 1365 4256 Itwreticor.
1391 4176 1743 4256 adiecclesias
1768 4176 2026 4256 apostoli-

438 4259 531 4325 cus
577 4256 850 4325 proviteal,
898 4249 1037 4325 apud
1081 4266 1207 4320 quas
1249 4254 1573 4321 authentica’,
1619 4249 1821 4325 inquit,
1866 4257 2026 4313 litera?

440 4316 798 4395 Apostolorum
816 4316 1113 4395 recitantttr,
1136 4333 1377 4395 sonantes
1398 4316 1585 4390 vocent,
1610 4316 2028 4395 repraesentantes

437 4390 639 4460 facient.
672 4386 777 4443 Sed
820 4391 979 4460 δι’ωοί
1038 4391 1178 4445 illius
1237 4393 1528 4450 autltenlici
1571 4386 1840 4454 editiones
1887 4398 2024 4454 ltand

438 4458 603 4533 ﬁnisse
645 4458 845 4533 clunes
896 4462 1329 4519 aceuratissimas
1375 4464 1485 4533 jam
1547 4467 1675 4522 olim
1723 4470 2028 4526 observavit

436 4528 726 4598 Gregorius
755 4531 1027 4597 stsmtus
1047 4573 1061 4595 ,
1103 4544 1234 4588 orat.
1276 4534 1319 4589 ll
1342 4577 1357 4598 ,
1376 4528 1451 4590 vde
1480 4541 1844 4593 resurrectione
1868 4538 2023 4595 Dom.

436 4599 650 4681 Etenim
675 4602 770 4665 ait,
798 4609 842 4657 ἰν
856 4607 953 4665 ui;
975 4608 1315 4681 ἀκριϐεστξροις
1334 4614 1658 4679 ἀντιγράροις,
1683 4610 2026 4681 Evangelinm

2141 3832 2210 3887 de
2235 3832 2382 3887 Pauli
2407 3829 2650 3899 epistolis
2672 3829 3053 3886 citatcodicem
3085 3828 3329 3886 Latinum
3360 3829 3732 3892 emendatum.

2136 3913 2191 3960 et
2234 3901 2474 3973 codicem
2502 3915 2735 3973 graecum
2762 3903 2920 3973 etiam
2949 3901 3289 3973 emendatum
3310 3944 3327 3968 ,
3358 3902 3729 3957 authenticunt

2136 3974 2285 4036 dicit,
2336 3971 2607 4042 quodest
2660 3972 2977 4042 auctoritate
3014 3971 3256 4042 dignius,
3289 3982 3393 4027 tam
3444 3974 3495 4026 in
3543 3972 3734 4042 gnceis

2133 4060 2294 4115 quam
2343 4040 2393 4096 in
2420 4041 2625 4115 latinis.
2666 4040 2776 4096 Nec
2823 4042 2989 4112 piguit
3016 4040 3727 4115 Angustinnm_pluresins-

2133 4112 2311 4186 picere
2333 4112 2568 4186 codices,
2592 4121 2648 4186 ut
2668 4115 2783 4186 ipse
2808 4121 3034 4186 testatur
3054 4112 3268 4183 in’psal.
3304 4113 3509 4169 LXVII.
3540 4112 3730 4186 Plures

2100 4184 2299 4240 autem
2329 4185 2525 4239 codices
2549 4184 2721 4257 latini,
2767 4184 2937 4255 inquit
2960 4226 2975 4251 ,
2994 4197 3051 4257 et
3081 4186 3300 4241 maxime
3319 4186 3491 4257 grteci.
3522 4186 3593 4238 ita
3615 4185 3726 4237 dis-

2130 4257 2315 4312 tinctos
2341 4255 2759 4327 renus/tabent;
2787 4265 2840 4309 et
2887 4256 3040 4325 paulo
3071 4263 3190 4327 post
3226 4274 3239 4310 ε
3271 4255 3385 4323 quae
3408 4256 3732 4311 distinctione

2130 4328 2407 4382 multorum
2434 4326 2685 4391 codicum,
2705 4334 2750 4398 et
2766 4326 3384 4398 auctoritale'digniornm
3407 4327 3730 4398 consonanti,

2131 4401 2239 4470 sine
2266 4398 2418 4452 dubio
2448 4396 2790 4470 prteferenda,
2822 4406 2920 4451 etc.
2972 4397 3113 4452 Idem
3144 4396 3211 4470 ad
3261 4398 3397 4470 psal.
3431 4397 3682 4453 eumdem
3714 4417 3731 4449 :

2132 4468 2296 4523 Istam
2334 4468 2679 4537 repetitionem
2731 4484 2834 4521 non
2885 4484 3057 4522 omnes
3093 4468 3290 4523 codices
3312 4470 3517 4536 habent,
3545 4477 3592 4523 et
3617 4484 3731 4522 eum

2132 4540 2475 4610 diligentiores
2491 4538 2650 4610 stella
2673 4539 2909 4610 adposita
2935 4548 3239 4609 prtenotant.
3269 4539 3390 4595 Βία.

2203 4608 2282 4681 (c)
2326 4608 2433 4681 Per,
2464 4609 2616 4681 duar.
2647 4608 2893 4681 syllabar.
2927 4608 3254 4664 eversionem.
3310 4610 3367 4664 In
3413 4608 3727 4681 authentico

434 4670 595 4752 Marci
628 4687 733 4752 non
761 4670 1151 4752 pergere__nltra
1200 4670 1315 4733 luce
1364 4670 1559 4752 verba.
1610 4670 1861 4750 aggeras;
1889 4689 1983 4752 γὰρ
2014 4701 2025 4736 :
2056 4687 2109 4747 D
2137 4670 2226 4737 illo
2264 4670 2376 4736 suo
2424 4679 2620 4752 legisse
2647 4670 2874 4752 videtur,
2907 4686 2986 4736 tau
3015 4688 3163 4750 κοιμᾷ
3189 4685 3259 4747 δὲ,
3307 4682 3350 4734 si
3403 4679 3652 4752 dormiat.
3684 4680 3731 4734 si

434 4743 869 4823 cuiusmodiulla
881 4744 1050 4823 hodie
1071 4756 1287 4823 exstare
1308 4749 1542 4804 nondum
1559 4743 1642 4807 est
1662 4743 1994 4823 compertum
2009 4795 2025 4820 ,

437 4814 540 4894 nisi
569 4814 711 4894 quod
738 4814 789 4894 in
822 4814 1142 4894 bibliotheca
1176 4818 1320 4894 regia
1349 4830 1598 4894 servatur
1631 4814 1918 4894 exemplar
1967 4814 2030 4879 li;

442 4884 573 4965 teris
600 4884 926 4965 descriptum
958 4884 1268 4965 maiusculis
1290 4892 1430 4965 ,_nbi
1475 4904 1592 4965 poSt
1627 4893 1715 4949 illa
1739 4936 1755 4958 ,
1785 4884 2027 4965 {passam

438 4959 563 5025 γὰρ,
612 4968 752 5039 ραις(
783 4957 903 5039 ﬁnis
944 4957 1268 5039 adpingitur.
1310 4961 1432 5039 llos
1466 4957 1535 5017 ab
1561 4957 2029 5039 ejusdem'librarii

438 5040 601 5081 manu
631 5025 847 5097 legitur,
877 5028 930 5083 in
959 5025 1275 5104 quibtisdam
1314 5032 1463 5089 libris
1492 5025 1711 5104 reperiri
1734 5032 1940 5103 {navi-ai
1984 5041 2032 5091 δὲ

440 5106 798 5174 παρηγγελμένα
816 5104 914 5160 ταῖς
937 5104 1041 5171 περὶ
1062 5112 1138 5156 τὸν
1156 5100 1330 5174 Ilii-pou
1345 5100 1575 5168 συντόμωῇ
1590 5100 1852 5174 ἓξῑήέιλιν
1894 5114 2036 5164 Μετά

441 5171 487 5221 δὲ
518 5175 674 5227 ταῦτα.
693 5175 945 5248 “siadd:
974 5177 1040 5231 οἷς
1066 5178 1165 5226 ἀτὸ
1204 5171 1435 5238 alituram;
1454 5180 1536 5229 καὶ
1573 5171 1689 5248 ἦρ(
1707 5171 1877 5239 tunc);
1920 5186 2035 5245 ἐξαι-

442 5246 673 5320 τξξξτιιὶλν
729 5241 792 5295 δι’
847 5247 1000 5320 εὖτ-ᾖν
1041 5253 1095 5298 τὸ
1129 5252 1248 5320 lepis
1291 5250 1371 5320 nisi
1417 5241 1655 5320 £991,955
1693 5255 1911 5320 κηρύγμα
1950 5241 2038 5311 sic

439 5312 597 5384 ἀϊδίου
643 5320 896 5384 σωτηρὶας.
924 5312 1062 5368 Tum
1096 5312 1262 5371 altera
1292 5312 1490 5372 librarii
1514 5312 1636 5373 nota
1655 5361 1668 5376 .
1696 5312 2038 5384 in'nojtnnllis

440 5381 599 5460 etiam
629 5381 924 5446 codicibus,
946 5393 1061 5453 post
1082 5384 1189 5460 illa,
1218 5394 1460 5460 εμεοῦντο
1487 5394 1598 5460 γὰρ,
1625 5391 1798 5455 δριμεῖ,
1827 5382 2038 5451 Ᾰνςιστὰς

441 5452 489 5504 at
524 5463 660 5528 τρωζ,
693 5463 749 5509 et
775 5452 968 5510 caetera
993 5456 1187 5528 qumrin
1210 5452 1436 5528 vulgatis
1457 5452 1805 5516 edi'tionibus.
1830 5461 1951 5517 lite.

511 5522 591 5607 (ti)
622 5522 687 5579 In
712 5541 878 5612 greco
908 5522 1216 5582 authentico.
1238 5522 1492 5612 ln'grmea
1520 5531 1764 5612 veritate,
1788 5532 1841 5585 in
1863 5546 2037 5612 (ξι-τουτὶ

440 5595 683 5673 Ἧίᾳξειθη
716 5595 1274 5673 Ilieronyntlttsymf.
1321 5595 1626 5673 inWEuang.
1684 5595 2028 5673 Augustinus,

442 5660 533 5741 l_ib.'
552 5665 618 5730 ll,
648 5667 711 5719 de
731 5660 964 5741 doctrina
990 5660 1200 5741 _C_hr_is't.,
1228 5660 1343 5741 cap.
1372 5671 1460 5726 15.
1484 5660 1673 5726 Libros
1700 5660 1877 5728 auiem
1899 5660 2033 5727 Novi

440 5732 808 5809 'I‘estatnenti,
842 5738 887 5793 si
914 5736 1041 5808 quid
1089 5738 1141 5794 in
1187 5732 1363 5796 latinis
1405 5742 1753 5798 varietatibus
1808 5742 2030 5809 titubat,

441 5804 644 5862 Grreeis
668 5807 864 5863 cedere
888 5804 1140 5876 oportere
1164 5825 1269 5866 non
1297 5812 1515 5867 dubium
1543 5823 1653 5878 est;
1682 5824 1736 5870 et
1764 5804 2029 5875 maxime,

441 5877 532 5944 qui
557 5878 708 5955 apud
717 5878 977 5955 ecclesias
991 5878 1261 5955 do_ctiores
1282 5877 1726 5955 et_diligentiores
1753 5885 2032 5955 reperiun-

445 5957 549 6004 tur.
580 5948 650 6005 Et
696 5950 788 6006 lib.
830 5958 1007 6004 contra
1034 5948 1286 6007 Faustum
1329 5948 1584 6022 Maniclt.,
1615 5954 1677 6024 Il,
1712 5948 1830 6026 cap:
1859 5955 1915 6023 6,
1944 5954 2032 6010 ubi

2138 4760 2382 4807 mortuus
2418 4751 2522 4816 sit,
2551 4751 2778 4806 maritus
2804 4752 3011 4807 scilicet
3037 4792 3051 4814 .
3097 4761 3381 4820 antequam
3412 4766 3549 4805 uxor
3574 4750 3642 4805 ad
3671 4751 3734 4805 Ii-

2132 4823 2255 4879 dem
2282 4831 2581 4893 vocaretur.
2615 4820 2683 4878 Ut
2707 4837 2773 4878 ex
2800 4822 2889 4893 illo
2915 4830 2994 4877 tam
3018 4833 3167 4892 κοιμᾷ
3196 4828 3244 4876 δὲ
3279 4838 3373 4893 per
3397 4822 3734 4877 eversionem

2133 4895 2357 4950 duarunt
2405 4892 2744 4964 syllabarum
2806 4892 2999 4948 factum
3040 4896 3108 4964 sit
3155 4900 3235 4949 ἐὰν
3280 4901 3506 4964 animos.
3536 4893 3579 4947 si
3609 4893 3736 4945 dor-

2136 4967 2314 5022 mierit
2335 5004 2348 5030 ,
2380 4965 2423 5018 si
2438 4962 2696 5019 'mortuus
2721 4962 2899 5018 fuerit.
2930 4963 3083 5030 Quod
3117 4966 3279 5019 etiam
3326 4966 3396 5019 de
3438 4963 3617 5018 futuro
3644 4979 3736 5018 so.

2136 5046 2247 5102 nat,
2287 5034 2456 5105 inquit
2498 5033 2808 5105 Septimius.
2848 5033 3009 5099 Quasi
3040 5035 3281 5104 Apostoli
3322 5049 3515 5089 sensus
3549 5041 3737 5088 exten-

2140 5107 2294 5162 datur
2320 5106 2480 5159 etiam
2510 5104 2576 5158 ad
2598 5118 2720 5158 eum
2749 5118 2931 5175 casum
2951 5146 2966 5168 ,
2997 5120 3103 5173 quo
3132 5105 3303 5161 virum
3332 5113 3451 5175 post
3481 5105 3638 5159 tidem
3665 5105 3735 5159 ab

2143 5193 2309 5233 uxore
2332 5184 2637 5247 susceptam
2665 5174 2800 5247 mori
2822 5175 3142 5247 contigerit;
3186 5191 3294 5247 quo
3321 5174 3482 5231 etiam
3509 5190 3636 5247 casn
3669 5175 3735 5247 li-
3768 5206 3773 5213 ι

2141 5260 2261 5304 ceat
2291 5246 2445 5301 uxori
2479 5244 2679 5300 nubere
2704 5245 2790 5299 alii
2818 5245 2954 5300 viro.
2978 5244 2983 5245 ⁷
3009 5245 3073 5300 Ε(
3104 5244 3280 5303 tamen
3326 5249 3377 5302 in
3410 5246 3738 5301 membranis

2143 5319 2246 5374 illis
2270 5316 2667 5387 vetustissimis,
2687 5330 2820 5387 quas
2849 5316 2947 5370 viri
2977 5315 3120 5373 docti
3144 5318 3253 5385 jam
3291 5317 3494 5387 pridem
3522 5331 3588 5371 ex
3621 5330 3737 5368 ant-

2142 5391 2290 5462 pliss.
2332 5386 2670 5462 Cl._Pnteani
2702 5385 3021 5462 bibliotheca
3049 5385 3353 5449 laudavere,
3383 5386 3739 5462 disertissime

2142 5454 2395 5528 scriptum
2424 5457 2634 5527 legitur,
2670 5463 2749 5512 tiu
2771 5461 2819 5530 at
2847 5467 3047 5530 natm/.07;
3077 5466 3101 5513 ὁ
3126 5466 3248 5530 alii):
3272 5465 3441 5530 αὐτῆς,
3472 5454 3613 5527 quod
3642 5456 3741 5530 ibi-

2142 5526 2265 5585 dent
2292 5529 2453 5583 latine
2479 5526 2691 5598 quoque
2716 5528 2975 5595 redditur,
3021 5533 3064 5583 si
3113 5526 3227 5584 vero
3275 5526 3628 5582 dormitionem
3664 5526 3741 5578 vir

2139 5602 2249 5672 ejus
2290 5598 2719 5672 acceperitiQuzu
2748 5611 2880 5672 sane
2906 5599 3157 5672 loquendi
3190 5598 3739 5672 turritachristianum

2139 5666 2386 5727 maritum
2408 5666 2706 5740 Sigiiilicare
2718 5670 2886 5740 magis
2901 5666 3130 5737 videtur,
3144 5684 3299 5740 quam
3317 5666 3739 5740 ethnieum.BIe.

2211 5741 2285 5813 (ιε)
2320 5739 2745 5813 Ιηιρήζξριιιὶαωε
2798 5739 3005 5796 uocatus
3049 5759 3123 5797 es.
3164 5739 3230 5796 In
3288 5739 3638 5809 pratputiatu,
3693 5742 3739 5790 ιν

2140 5812 2447 5884 ἀκρᾳϐυςςζᾳ.
2489 5812 2587 5884 RIG
2598 5852 2610 5865 .
2708 5882 2718 5884 4
2814 5881 2844 5884 _
3033 5883 3037 5884 ν
3256 5880 3283 5884 η
3295 5879 3306 5884 ,
3480 5880 3509 5884 _
3703 5878 3707 5882 .

2209 5879 2287 5955 (d)
2343 5879 2425 5955 Ne
2471 5882 2781 5955 admiseris.
2813 5881 3134 5952 Pratputium
3193 5879 3418 5938 scilicet.
3479 5879 3743 5948 Prtepun'a

2139 5953 2356 6023 ducere,
2389 5953 2523 6010 dixit
2546 5953 2816 6010 iuvenalis
2837 5994 2852 6021 ,
2883 5963 2984 6009 sat.
3020 5957 3073 6009 6.
3121 5955 3237 6009 the.

3658 409 3762 468 916
3836 472 3841 475 .
