4006 6280
294 408 396 464 9.57

1662 399 2125 460 TERTULLIANI

3487 393 3591 452 9l8

294 526 470 591 tibus;
519 533 572 580 et
612 523 667 579 in
716 522 933 594 primis,
978 536 1044 576 an
1083 519 1247 592 ipsius
1286 519 1526 593 Apostoli
1571 527 1626 577 et
1667 519 1891 575 consilio
1918 518 1966 578 Α
1997 516 2346 589 monogamia:
2390 513 2459 572 de
2501 515 2766 587 episcOpis
2814 513 3034 579 factam,
3082 512 3277 571 recede
3322 520 3377 570 et
3430 527 3459 568 a
3507 528 3592 568 re-

295 617 513 689 proprio
552 624 809 687 congruat
874 623 928 671 et
994 616 1235 670 instituto
1276 630 1291 668 :
1348 614 1476 670 nihil
1520 613 1661 670 enim
1704 622 1884 667 custo-

292 708 544 762 diendum
570 717 673 773 est,
701 722 951 779 quamne
990 706 1233 763 diversus
1279 707 1377 762 sibi
1426 707 1543 777 quis
1582 705 1658 778 (l)
1688 705 1881 775 depre-

292 801 574 857 lietztlalur.

887 893 1114 950 CAPUT
1159 892 1275 948 XII.

362 986 499 1042 Audi
521 995 575 1043 et
590 987 987 1042 subtilissimum
1013 1002 1041 1041 θ
1063 984 1332 1041 contrario
1349 983 1881 1054 argumentationem.

294 1078 467 1147 Adeo,
501 1080 764 1149 inquiunt,
813 1078 1053 1148 permisit
1103 1077 1391 1148 Apostolus
1432 1075 1625 1130 iterare
1678 1090 1882 1130 connu-

293 1170 458 1235 bium,
504 1181 561 1225 ut
607 1171 750 1226 solos
789 1171 878 1242 qui
924 1178 1045 1225 sunt
1074 1170 1126 1224 in
1160 1172 1326 1233 clero,
1369 1171 1720 1238 mouOgamia:
1758 1167 1885 1237 jugo

286 1261 664 1317 adstrinxcrit:
720 1262 860 1332 quod
914 1263 1054 1317 enim
1108 1260 1423 1331 quibusdam
1468 1260 1783 1329 praescribit,
1832 1259 1883 1313 id

287 1369 391 1408 non
459 1354 709 1408 omnibus
772 1354 1092 1422 prmscribit.
1150 1352 1415 1423 Numquid
1464 1366 1591 1423 ergo
1636 1361 1688 1407 et
1741 1351 1880 1422 quod

285 1447 534 1502 erunibus
586 1448 860 1517 praecipit,
909 1447 1038 1502 solis
1080 1446 1347 1517 episcopis
1394 1460 1498 1500 non
1547 1446 1879 1515 prmseribit;

285 1540 328 1593 si
377 1540 515 1609 quod
557 1540 823 1609 episc0pis
864 1539 1180 1609 prmscribit,
1216 1555 1321 1594 non
1360 1549 1410 1594 et
1451 1537 1699 1593 omnilms
1743 1554 1882 1607 prcc-

282 1631 447 1700 cipit?
485 1632 564 1686 An
596 1630 717 1687 ideo
748 1632 1018 1699 omnibus,
1061 1631 1182 1703 quia
1231 1639 1284 1685 et
1325 1629 1628 1701 episcopis?
1669 1638 1723 1685 et
1763 1630 1882 1684 ideo

283 1724 572 1796 episcopis,
619 1727 738 1795 quia
772 1736 825 1782 et
867 1726 1152 1782 omnibus?
1192 1725 1346 1782 Unde
1384 1725 1522 1780 enim
1562 1724 1795 1795 episcopi
1827 1736 1882 1780 et

291 1816 500 1873 clerus?
548 1833 727 1873 nonne
776 1818 843 1873 de
886 1818 1169 1873 omnilms?
1212 1817 1266 1875 Si
1303 1834 1411 1873 non
1450 1830 1637 1872 onmes
1689 1831 1879 1871 mono-

1936 643 1947 650 ο
1993 608 2153 678 liquis
2201 608 2365 662 titulis
2402 606 2721 678 disciplinae,
2767 607 2855 676 qui
2901 620 3023 661 cum
3071 605 3410 677 monogamia
3453 605 3595 674 epis-

1989 703 2137 771 copis
2158 700 2553 755 adscribuntur.
2581 700 2697 755 Noli
2725 714 2848 755 esse
2875 699 3350 771 irreprehensibilis,
3374 699 3590 767 sobrius,

1994 796 2115 848 liene
2160 803 2404 854 moratus,
2444 792 2731 862 hospitalis,
2773 792 3031 857 docibilis;
3070 794 3193 862 quin
3237 808 3355 847 vero
3395 802 3440 846 et
3477 793 3593 846 riuo

1989 887 2260 953 deditus,et
2279 902 2429 939 uiauu
2454 896 2717 957 promptus
2739 884 2805 938 ad
2825 884 3191 949 cwdemlum,et
3218 885 3461 956 pugna.t:(
3478 882 3589 955 l0),

1989 988 2034 1033 et
2079 979 2307 1048 pecunia:
2328 994 2535 1043 amans,
2567 985 2613 1031 et
2642 977 2848 1029 donmm
2877 992 2979 1029 non
3010 991 3208 1046 regens,
3255 990 3344 1029 nec
3369 963 3613 1042 ﬁliorum'
3688 1003 3694 1007 ~

1988 1088 2172 1125 cru-aus
2193 1071 2536 1141 disciplinam,
2578 1069 2666 1123 scd
2696 1085 2786 1123 nec
2814 1068 2874 1121 ab
2906 1069 3160 1123 extraneis
3189 1070 3369 1122 bonam
3399 1068 3593 1138 faniam

1987 1174 2180 1219 sectans
2226 1162 2287 1236 (Ι
2333 1162 2467 1216 Tim.
2508 1162 2595 1227 Ill,
2639 1161 2712 1227 Ξ,
2763 1160 2971 1233 seqq.
3007 1162 3061 1215 Si
3109 1161 3251 1215 enim
3298 1174 3447 1215 suam
3489 1160 3590 1214 ba-

1988 1256 2115 1310 bcnt
2186 1255 2421 1326 episcopi
2479 1256 2649 1325 legem
2719 1256 2859 1310 eirea
2923 1253 3346 1324 monogamiam,
3427 1253 3589 1309 etiam

1987 1356 2179 1402 caetera
2194 1363 2311 1417 qua:
2339 1347 2689 1416 ruonogamiae
2714 1331 2971 1402 accedere
2996 1347 3287 1416 oportebit,
3317 1346 3586 1417 episcopis

1986 1447 2143 1495 erunt
2186 1440 2404 1508 scripta.
2452 1437 2628 1493 Laicis
2672 1453 2821 1504 vero,
2882 1439 3034 1509 queis
3088 1438 3426 1508 monogamia
3482 1453 3590 1493 non

1985 1531 2265 1594 convenit,
2314 1537 2505 1585 cwtera
2575 1544 2787 1599 «Ilioque
2861 1530 3036 1583 aliena
3115 1540 3261 1584 sunt.
3332 1528 3589 1596 Evasisti,

1987 1622 2266 1694 Psycbice,
2322 1623 2365 1677 si
2419 1622 2573 1685 velis,
2618 1623 2825 1677 vincula
2857 1622 3150 1693 disciplima
3212 1623 3395 1679 totius.
3448 1623 3589 1678 Prae-

1986 1715 2162 1770 scribe
2216 1723 2667 1770 constanternon
2698 1714 2947 1769 omuilms
3001 1715 3235 1785 prmcipi,
3299 1731 3420 1786 qua:
3475 1715 3594 1785 qui-

1986 1806 2207 1861 busdam
2239 1808 2341 1860 siut
2395 1818 2689 1876 praecepta;
2724 1816 2815 1861 aut
2859 1807 2903 1861 si
2947 1816 3140 1862 etetera
3178 1807 3395 1878 quidem
3439 1822 3592 1863 com-

286 1909 475 1977 gamife
526 1918 811 1975 tenemur;
858 1910 1000 1967 "nde
1052 1909 1352 1981 monogami
1411 1909 1461 1963 in
1510 1909 1747 1963 clerum?
1778 1910 1878 1965 ,Αη
1910 1919 1958 1979 Β
1992 1898 2171 1952 omnia
2227 1908 2371 1964 Stilll,
2422 1899 2759 1969 monogamia
2810 1914 2939 1954 vero
2986 1899 3113 1954 SOllS
3174 1900 3442 1970 θρὶεεορίε
3490 1900 3592 1954 ἰιιι-

283 2002 416 2055 ordo
452 2003 612 2072 aliqui
642 2019 883 2059 seorsum
928 2004 1145 2060 debebit
1183 2003 1387 2058 institui
1415 2017 1876 2073 monogamorum,

288 2093 355 2148 de
402 2110 507 2164 quo
548 2095 775 2151 adlectio
842 2095 932 2151 liat
985 2097 1038 2151 iu
1096 2095 1339 2151 clerum?
1400 2094 1505 2151 Sed
1546 2110 1667 2150 cum
1706 2093 1881 2150 estol-

283 2186 443 2240 timur
507 2196 562 2241 et
615 2186 869 2262 iullamur
921 2187 1177 2243 adversus
1230 2189 1467 2251 clerum,
1535 2195 1659 2242 tunc
1713 2201 1877 2241 unum

284 2293 472 2332 omnes
518 2291 737 2345 sumus;
790 2288 915 2335 tunc
966 2294 1153 2336 omnes
1211 2278 1551 2343 sacerdotes;
1605 2277 1726 2348 quia
1788 2292 1878 2331 sa-

280 2369 527 2424 cerdotes
571 2385 668 2424 nos
714 2370 824 2426 Deo
889 2380 939 2426 et
996 2371 1136 2425 Patri
1203 2370 1325 2426 fecit
1388 2369 1668 2440 (Αροιταιη
1719 2368 1769 2433 I,
1822 2368 1875 2433 6,

288 2458 351 2523 V,
388 2461 479 2529 l0)
512 2475 671 2516 :cnm
710 2461 777 2516 ad
826 2462 1276 2532 perchuationem
1351 2460 1645 2531 disciplina:
1696 2475 1877 2515 sacer-

281 2550 476 2607 dotalis
520 2567 891 2621 provocamur,
934 2552 1011 2621 (a)
1057 2552 1372 2622 deponimus
1415 2550 1633 2615 infulas,
1678 2559 1731 2604 et
1778 2550 1879 2604 im-

282 2658 439 2713 pares
472 2644 550 2717 (Ξ)
599 2659 785 2699 sumus
835 2663 848 2699 :
910 2644 985 2700 De
1034 2642 1412 2699 ecclesiasticis
1462 2642 1737 2697 ordinibus
1792 2643 1874 2714 (5)

281 2736 556 2806 agebatur,
617 2737 801 2807 quales
852 2737 1088 2792 ordinari
1133 2745 1427 2806 oporteret.
1462 2732 1535 2807 (ὁ)
1586 2733 1879 2804 Oportebat

278 2827 439 2895 igitur
475 2842 687 2883 omnem
727 2829 800 2901 (c)
853 2830 1155 2885 communis
1193 2826 1490 2899 disciplima
1516 2825 1740 2881 formam
1781 2841 1874 2880 sua

279 2918 459 2975 l'ronle
505 2920 749 2990 proponi,
780 2919 1011 2975 edictum
1056 2918 1453 2991 quodammodo
1492 2917 1725 2973 futurum
1757 2918 1876 2973 uui-

281 3013 455 3068 versis
483 3015 531 3067 in
566 3015 919 3084 praeceptione
946 3012 1045 3087 (4),
1086 3014 1162 3085 (tl)
1185 3012 1289 3084 quo
1317 3013 1485 3083 magis
1515 3013 1675 3067 sciret
1728 3013 1876 3082 plebs

280 3119 400 3157 eum
448 3104 687 3160 ordinem
735 3106 834 3160 sibi
886 3105 1302 3173 observandum,
1353 3107 1441 3177 qui
1496 3106 1694 3161 faceret
1741 3121 1875 3175 pra:-

282 3194 506 3263 positos,
555 3202 608 3249 et
653 3211 719 3250 ne
766 3196 847 3251 vel
902 3198 1014 3266 ipse
1065 3196 1238 3251 honor
1288 3196 1369 3269 (5)
1418 3197 1615 3267 aliquid
1666 3196 1764 3252 sibi
1807 3196 1872 3251 ad

1989 1992 2158 2060 posita
2202 2000 2304 2056 est,
2340 1992 2596 2061 ntnuquid
2625 1992 2699 2046 illi
2729 1993 2826 2047 soli
2877 1992 3155 2048 christiani
3187 1995 3588 2065 pronuntiandi,

1985 2083 2040 2138 in
2093 2099 2231 2155 quos
2283 2093 2390 2140 tota
2436 2084 2716 2155 disciplina
2768 2086 2962 2141 collata
3007 2089 3124 2143 est?

2418 2182 2421 2185 λ
2577 2176 2800 2232 CAPUT
2844 2176 2980 2233 XIII.

2056 2266 2159 2323 Sed
2226 2277 2280 2323 et
2327 2268 2611 2329 Timotheo
2668 2270 2929 2337 scribens,
3003 2271 3070 2341 (Γ)
3132 2270 3246 2327 vult
3280 2273 3581 2343 juvenculas

1983 2360 2186 2435 nubere,
2216 2362 2351 2432 ﬁlios
2378 2366 2649 2433 suscipere,
2685 2375 2868 2419 matres
2896 2365 3110 2437 fautilia:
3146 2383 3295 2438 agere
3323 2366 3341 2437 (
3372 2366 3391 2421 l
3421 2366 3584 2434 Tim.,

1984 2469 2029 2507 ιν.
2078 2452 2193 2525 14).
2250 2454 2330 2509 Ad
2380 2470 2470 2511 eas
2521 2455 2719 2526 dirigit,
2769 2457 2955 2528 quales
3004 2473 3162 2526 supra
3209 2459 3452 2525 denotat,
3495 2467 3586 2528 ju-

1983 2545 2235 2601 veueulas
2283 2545 2489 2611 viduas,
2534 2563 2651 2616 qme
2698 2548 2751 2602 in
2808 2549 3065 2604 viduitate
3107 2549 3481 2620 deprebeusm,
3528 2560 3584 2607 et

1980 2635 2286 2705 aliquandiu
2352 2637 2640 2693 adsectatus
2699 2640 2853 2710 (ll),
2934 2650 3214 2711 postquam
3271 2643 3321 2696 iu
3381 2642 3588 2698 deliciis

1948 2728 2281 2784 habuerunt
2327 2729 2618 2794 Christum,
2671 2732 2873 2787 Imbcre
2918 2733 3119 2801 volunt,
3169 2733 3424 2789 habentes
3474 2736 3570 2804 ju-

1980 2821 2175 2877 dicium
2234 2822 2373 2892 quod
2414 2824 2638 2894 primam
2690 2823 2848 2879 lldcm
2902 2826 3282 2881 resciderunt:
3317 2827 3460 2883 illam
3499 2826 3588 2881 vi-

1979 2915 2209 2983 delicet,
2258 2931 2289 2970 a
2338 2931 2439 2986 qua
2509 2918 2559 2971 in
2611 2916 2869 2972 viduitate
2909 2920 3157 2985 inventm,
3216 2930 3267 2974 et
3326 2917 3587 2991 professa:

1979 3016 2119 3074 eam,
2162 3023 2266 3062 nou
2315 3017 2676 3078 perseverant.
2728 3010 2954 3079 Propter
3011 3011 3151 3081 quod
3204 3011 3310 3064 vult
3352 3025 3445 3066 cas
3489 3028 3589 3065 un-

1978 3098 2126 3161 bere,
2176 3115 2240 3154 ne
2284 3102 2506 3170 primam
2568 3101 2724 3155 {idem
2797 3094 3057 3173 auset-pta:
3105 3102 3374 3159 viduitatis
3404 3113 3588 3173 postea

1978 3194 2305 3258 rescindant,
2360 3209 2465 3249 non
2509 3204 2565 3248 ut
2619 3195 2814 3250 totiens
2854 3196 3074 3259 unlmnt,
3126 3199 3375 3267 quotiens
3419 3199 3469 3252 iu
3506 3201 3587 3253 vi-

280 3285 570 3351 liecntiam,
621 3287 772 3356 quasi
817 3286 883 3343 de
927 3288 1202 3359 privilegio
1251 3288 1353 3343 loci
1400 3288 1729 3343 blandiretur
1769 3287 1869 3360 (6).
1902 3313 1944 3373 ρ
1979 3285 2181 3340 duitate
2258 3293 2452 3339 tentata
2512 3287 2653 3357 (l2),
2717 3290 2822 3341 imo
2887 3298 2941 3343 et
3013 3290 3063 3341 in
3127 3288 3334 3344 deliciis
3404 3288 3585 3344 habita

282 3376 644 3447 Prospiciebat
699 3378 927 3449 Spiritus
1006 3381 1235 3435 Sanctus
1285 3379 1522 3434 dicturos
1581 3379 1870 3449 quosdam,

286 3488 305 3519 ε
330 3468 516 3525 Omnia
547 3470 708 3524 licent
732 3471 1033 3542 cpisc0pis;
1066 3490 1084 3523 ι
1118 3472 1255 3526 sicut
1282 3471 1368 3526 ille
1417 3469 1486 3544 (c)
1519 3481 1695 3526 vester
1715 3470 1871 3527 Utlti-

280 3564 461 3617 uensis
504 3578 604 3618 nec
652 3563 979 3618 Scantiniam
1031 3565 1225 3619 timuit.
1297 3563 1436 3632 Quot
1487 3564 1566 3633 (7)
1618 3564 1759 3617 enim
1819 3572 1873 3618 et

278 3653 473 3723 dignati
523 3655 599 3726 (8)
651 3656 937 3725 praesident
983 3656 1119 3726 apud
1175 3673 1291 3723 vos,
1339 3656 1651 3709 insultantes
1691 3656 1872 3727 utique

278 3746 556 3815 Apostolo,
609 3757 754 3804 certe
816 3764 920 3804 non
982 3750 1380 3812 erubescentes,
1430 3765 1551 3804 cum
1606 3749 1720 3805 lucc
1775 3751 1874 3806 sub

286 3836 392 3893 illis
420 3839 666 3910 leguntur
694 3842 706 3895 !
736 3842 847 3913 Age
895 3843 1021 3913 jam,
1057 3843 1147 3915 qui
1196 3853 1348 3914 putas
1391 3832 1759 3910 exceptionem
1791 3842 1893 3915 (9),

1981 3377 2251 3432 noluerint
2296 3393 2657 3447 perseverare.
2692 3379 2941 3449 Legimus
2968 3384 3086 3432 eu’m
3118 3390 3173 3434 ct
3197 3380 3261 3433 ad
3303 3380 3577 3435 Routanos

1976 3469 2330 3524 scribentem:
2377 3468 2505 3533 Qua:
2547 3479 2713 3522 autem
2756 3470 2846 3523 sub
2891 3470 2996 3523 viro
3034 3480 3105 3524 cst
3147 3471 3345 3535 mulier,
3392 3470 3578 3525 viventi

1976 3562 2081 3615 viro
2122 3561 2285 3613 vincta
2325 3570 2432 3626 est;
2472 3561 2516 3614 si
2553 3570 2721 3615 autem
2768 3560 2964 3628 abierit,
3014 3571 3255 3616 evacuata
3298 3572 3370 3616 est
3416 3579 3449 3615 a
3475 3563 3588 3635 lege

1974 3653 2088 3707 viri.
2126 3651 2324 3722 Nempe
2374 3670 2493 3724 ergo
2534 3654 2720 3707 vivente
2764 3654 2870 3707 viro
2900 3654 3188 3708 adulterare
3225 3655 3508 3724 putabitur,
3539 3657 3587 3710 si

1966 3751 2152 3821 juncta
2198 3750 2351 3820 fuerit
2394 3751 2542 3803 alteri
2588 3750 2713 3804 viro.
2762 3750 2825 3805 Si
2865 3768 2977 3804 vero
3028 3750 3204 3805 abierit
3243 3752 3339 3818 vir,
3373 3753 3586 3808 liberata

1977 3853 2050 3898 est
2112 3860 2145 3898 a
2193 3844 2320 3915 lege,
2365 3843 2502 3915 quod
2565 3860 2669 3898 nou
2716 3845 2781 3898 sit
2847 3843 3081 3899 adultera
3128 3848 3264 3916 facta
3316 3846 3405 3903 alii
3472 3845 3583 3902 viro

1516 3974 1911 4034 LECTIONES
1947 3976 2363 4033 VAllIANTES.

338 4066 410 4125 (1)
433 4069 552 4125 Quis
566 4069 697 4120 abest
713 4067 867 4120 Seml.
1294 4105 1303 4117 ο

338 4128 408 4191 (2)
434 4127 518 4196 Sic
542 4128 683 4195 Rige
729 4131 811 4183 tib.
858 4131 1025 4183 Ursini
1056 4129 1208 4182 Rlien.
1255 4144 1405 4196 pares
1438 4130 1507 4182 al.
1554 4137 1720 4193 partes
1762 4131 1871 4184 cod.

288 4199 324 4239 Π
347 4205 470 4256 ονιυἐ
500 4194 735 4256 impares.

345 4255 413 4321 ςᾷ)
435 4252 705 4321 Ordinibus
727 4253 892 4321 aberat
915 4257 965 4321 in
993 4255 1114 4321 Cod.
1139 4253 1419 4321 Dinioncnsi
1440 4252 1549 4321 Rig.

275 4314 361 4425 1ρὲ
364 4314 405 4428 :1)
435 4315 836 4428 lgbprirsessioue
872 4315 975 4383 nig.
1026 4320 1147 4369 Ven.
1186 4314 1523 4378 impressione"
1553 4315 1701 4367 ltlten.
1725 4316 1874 4368 Seml.

292 4414 331 4425 ,ι
402 4417 412 4426 .
542 4393 602 4428 r.

292 4385 412 4433 180p.
442 4385 602 4428 Uberi.

336 4440 408 4503 (ὅ)
437 4438 594 4492 Sonor
611 4438 792 4506 Rigalt.

1900 4427 1953 4490 D
2041 4427 2124 4505 (is

2040 4068 2114 4196 ('6;
2135 4068 2419 4141 Blandiatur
2434 4068 2584 4121 Seml.
2613 4069 2776 4122 Obert.
2806 4068 2924 4121 Cod.
2952 4072 3135 4125 Wouw.

2041 4132 2089 4196 (7
2141 4132 2278 4196 Quod
2297 4137 2407 4196 Rig.
2599 4192 2608 4196 _

2041 4132 2114 4251 ἕξ)
2141 4132 2278 4207 Quod
2297 4132 2407 4218 Rig.
2482 4197 2491 4207 ο

2056 4256 2061 4257 ί
2098 4202 2115 4257 )
2145 4194 2203 4243 ιιι
2228 4208 2289 4244 ex
2314 4196 2523 4257 d.gauna
2550 4192 2701 4257 Ithen.

2042 4256 2119 4321 (9)
2136 4256 2492 4321 Acceptionem
2514 4256 2665 4308 Rben.

2048 4318 2066 4375 (
2077 4318 2152 4381 l0)
2174 4318 2371 4381 Pug‘nas
2394 4320 2545 4370 Rhcn.

2043 4381 2086 4442 (Ι
2101 4381 2149 4442 t)
2170 4382 2419 4432 Alfectatze
2443 4382 2586 4432 triten.

2173 4444 2425 4494 'l'eutanda
2444 4443 2587 4494 Rlien.

1634 4549 2198 4607 COMMENTARIUS.

343 4642 497 4699 CAP.
518 4643 789 4717 Xll.—(a)
811 4644 1120 4717 Deponimus
1141 4645 1353 4717 infulas,
1377 4652 1422 4717 et
1442 4641 1663 4717 impares
1679 4660 1872 4717 sumus.

272 4711 359 4768 Sic
386 4711 787 4770 ementlavimus
817 4711 1255 4771 cx'lilu'o'U'rsini.
1280 4716 1360 4767 Ait
1386 4714 1578 4783 igitur:
1606 4714 1710 4767 Nos
1732 4715 1870 4783 laici,

270 4798 391 4837 cum
446 4788 510 4840 ad
547 4786 995 4854 permquatiouem
1038 4786 1333 4855 disciplinm
1368 4783 1711 4856 sacerdotalis
1748 4802 1873 4856 pro-

272 4870 546 4917 vocamur,
567 4858 887 4925 deponimus
918 4872 1199 4926 personam
1240 4855 1654 4917 sacerdotalem;
1686 4855 1868 4926 et]am

270 4926 519 4992 dicimus,
553 4929 687 4981 alios
725 4942 845 4982 esse
877 4928 1060 4992 laicus,
1095 4928 1228 4981 alios
1250 4926 1575 4981 Sacerdotes.
1612 4927 1728 4983 Illo.

343 4998 422 5070 (li)
472 4999 749 5065 Oportebat
797 5000 951 5070 igitur
998 4999 1279 5070 communis
1323 4997 1609 5070 discipliin
1649 4997 1866 5069 [arulam

262 5082 354 5119 sua
386 5069 557 5133 fronte
586 5068 827 5138 proponi.
857 5070 1136 5139 Eleganter
1169 5069 1393 5139 frontem
1425 5068 1675 5122 Ecclesiae
1703 5081 1861 5124 vocat

262 5139 565 5210 episeopes,
610 5138 971 5210 presbyteros,
1003 5141 1278 5195 diaconos.
1310 5138 1623 5208 Oportebat,
1666 5139 1855 5209 inquit,

262 5208 313 5279 in
358 5208 534 5264 fronte
582 5208 834 5265 Ecclesiae
880 5209 1197 5265 Christianae
1224 5210 1464 5278 'proponi
1516 5224 1577 5263 ac
1628 5208 1860 5279 pendere

260 5278 512 5344 formam,
559 5281 661 5336 boe
713 5291 814 5347 est,
866 5281 1095 5339 Tabulas
1146 5284 1305 5336 totius
1346 5278 1640 5349 disciplinm
1679 5282 1856 5336 eccle-

267 5349 532 5409 sinsticzez
574 5362 630 5405 ut
675 5352 752 5405 sic
790 5355 1119 5422 prmcederet
1161 5353 1390 5409 edictmu
1436 5351 1576 5421 quod
1624 5353 1855 5407 universi

259 5431 634 5494 sequerentur.
687 5424 791 5477 Sic
820 5425 961 5479 enim
1008 5425 1200 5494 legitur
1234 5423 1289 5479 in
1326 5422 1625 5477 divioncusi
1673 5423 1856 5478 codice

254 5499 485 5567 vetusto,
520 5493 768 5567 Edictum
816 5493 1189 5565 quodammodo
1244 5495 1471 5567 futurum
1520 5494 1762 5547 universis
1802 5495 1854 5548 in

250 5564 599 5630 pr‘teccptione.
637 5564 751 5619 RIG.

332 5629 713 5708 (altlonnnmiis
734 5637 1028 5707 disciplith
1044 5640 1281 5708 formmn.
1302 5637 1495 5708 Legem
1518 5651 1853 5690 communem

246 5702 510 5771 signiﬁcat
538 5716 654 5780 tam,
680 5709 826 5763 laicis
852 5702 1024 5780 quam
1044 5702 1417 5764 Sacerdotibus
1451 5706 1669 5769 dictam,
1711 5713 1856 5762 τὺπον

247 5782 575 5851 τοῧιῖτὶοιιιένίθυ
607 5779 772 5849 (Petri
927 5782 1046 5836 IlIG.

324 5842 405 5924 (tl)
438 5846 550 5912 Quo
580 5842 741 5924 magis
767 5842 915 5907 sciret
958 5851 1098 5924 plebs
1127 5866 1250 5924 eum
1289 5849 1519 5924 ordinem
1563 5849 1658 5902 sibi
1689 5849 1855 5903 obser-

246 5914 490 5984 vandum,
541 5925 628 5993 qui
664 5914 864 5995 "facem
910 5914 1235 5994 praepositos.
1298 5917 1554 5974 Ordinem
1600 5933 1857 5991 monoga-

1934 4692 1937 4697 .
1985 4659 2191 4697 mormn
2221 4644 2500 4717 significat,
2530 4642 2691 4717 unde
2734 4650 3017 4699 sumuntur
3046 4641 3339 4717 praepositi.
3385 4642 3575 4717 Itaque

1980 4729 2207 4785 omnem
2227 4716 2435 4785 plebem
2463 4714 2669 4768 volebat
2698 4729 3213 4785 esseimouogamos.
3242 4714 3363 4771 th.

2053 4783 2131 4856 (c)
2172 4784 2343 4839 Vester
2374 4784 2665 4839 Utbinensis
2694 4801 2784 4839 nec
2806 4783 3127 4856 Scantiniam
3153 4786 3338 4841 timuit.
3367 4785 3567 4842 Utbina

1977 4855 2228 4925 Oppidum
2257 4866 2337 4911 est
2366 4856 2579 4919 Africm,
2597 4856 2802 4910 colonia
2828 4855 3210 4911 Romanorum.
3235 4857 3349 4912 Non
3376 4872 3571 4927 agnos-

1976 4928 2131 4998 cebat
2159 4936 2359 4991 autem,
2397 4934 2453 4981 ut
2484 4927 2712 4998 videtur,
2740 4942 2929 4981 uOVam
2962 4927 3191 4982 Montani
3222 4928 3562 4998 prophetiam

1978 4997 2288 5053 Uthineusis
2307 4997 2552 5052 ecclesia.
2582 4996 2737 5051 Notal
2755 5008 2930 5052 autem
2959 4996 3269 5066 episcopum
3292 4998 3359 5053 de
3380 4999 3564 5056 illicita

1971 5083 2191 5128 venere.
2234 5083 2352 5122 cum
2383 5068 2513 5124 dicit
2553 5085 2649 5123 nec
2678 5068 3004 5124 Scantiniam
3056 5070 3248 5123 timuit.
3286 5069 3344 5125 P.
3388 5070 3560 5126 Senu-

1967 5139 2128 5213 tiuins
2187 5139 2389 5213 legemh
2414 5139 2531 5193 tulit
2581 5154 2681 5209 qua
2735 5140 3044 5211 pmderastte
3093 5142 3241 5211 gravi
3300 5142 3563 5213 supplicio

1964 5210 2326 5265 afﬁcerentur.
2362 5211 2531 5265 llum.

2033 5281 2479 5353 CAP.XlIl.—(l)
2511 5280 2627 5336 Vult
2640 5282 2941 5351 jnveuculns
2960 5282 3162 5335 nubere.
3196 5281 3397 5353 Locum
3418 5282 3557 5339 hunc

1962 5351 2161 5406 Auctor
2187 5353 2251 5406 ad
2287 5351 2579 5406 institutum
2613 5369 2769 5406 suum
2794 5352 3096 5421 detorquet,
3128 5361 3184 5406 ut
3213 5355 3296 5406 vix
3338 5351 3557 5423 adsequi

1960 5426 2080 5491 quis
2111 5424 2273 5492 possit
2306 5423 2428 5491 quid
2453 5423 2759 5478 velit.\'aria
2785 5433 2868 5478 est
2894 5425 3053 5477 etiam
3075 5435 3315 5479 veterum
3338 5427 3556 5489 exposi-

1961 5494 2053 5564 tio,
2087 5496 2226 5547 inter
2250 5510 2382 5564 quas
2426 5495 2597 5562 placet
2646 5495 2876 5549 maxime
2925 5495 3009 5548 illa
3043 5494 3320 5563 Epipbauii
3369 5506 3555 5551 contra

1956 5563 2305 5634 Montangstas
2338 5576 2389 5618 ut
2416 5566 2576 5633 priori
2603 5565 2719 5618 loco
2750 5582 2869 5619 cum
2900 5566 3029 5619 dicit
3063 5584 3075 5618 :
3105 5564 3345 5619 Iuniores
3372 5566 3553 5620 viduas

1959 5636 2144 5703 devita,
2178 5646 2305 5697 etc.,
2336 5639 2583 5704 inquatur
2611 5637 2680 5690 de
2711 5637 2773 5689 iis
2801 5653 2919 5705 qua:
2976 5637 3268 5705 promisere
3290 5679 3304 5699 ,
3336 5645 3393 5690 et
3424 5636 3552 5705 pro-

1958 5708 2135 5777 missis
2164 5723 2269 5761 non
2292 5717 2451 5771 stant,
2483 5707 2741 5777 judicium
2774 5708 3130 5767 liabeutes.eo
3153 5707 3299 5775 quod
3322 5708 3550 5775 primam

1961 5776 2116 5832 tidem
2140 5781 2340 5833 irritam
2369 5776 2618 5844 fecerint;
2658 5787 2841 5847 postea
2875 5793 3003 5833 vero
3030 5777 3133 5831 illis
3164 5778 3376 5847 verbis:
3422 5777 3550 5834 Volo

1959 5864 2078 5920 ergo
2107 5850 2402 5920 iuvenculos
2425 5849 2605 5904 viduas
2643 5846 2856 5914 nubere,
2899 5850 2968 5903 de
2999 5847 3090 5913 iis,
3118 5846 3312 5920 quibus
3336 5863 3433 5920 per
3452 5850 3547 5904 iu-

1961 5918 2265 5976 ﬁrmitatem
2289 5919 2354 5976 ad
2376 5921 2574 5978 alteras
2595 5920 2823 5977 transire
2851 5919 3062 5991 nuptias
3086 5918 3359 5988 permittit.
3396 5918 3535 5976 Pu.
