2003 3140
240 161 291 190 959

872 163 973 191 LIBER
1001 163 1043 191 DE
1062 163 1276 194 MONOGAMIA.

1839 167 1893 196 930

239 220 325 255 (Rom.
348 220 442 254 “1,2,
459 220 499 257 6).
516 221 568 249 Sed
590 225 616 249 et
637 222 774 257 sequentia
802 229 974 257 recognosce,
990 229 1042 255 quo
1056 224 1082 252 A
1096 223 1130 249 sit
1153 228 1179 250 ct
1202 220 1261 250 Deo
1277 228 1304 251 et
1325 222 1433 252 Christo
1455 224 1637 252 infirmitatem
1660 225 1750 254 carnis
1772 228 1890 260 tempore

238 274 333 294 sensus
356 267 415 298 iste,
435 268 480 303 qtti
504 269 549 296 tibi
574 269 719 302 blanditttr,
742 270 855 296 evadat:
872 269 970 305 Itaque,
993 270 1036 297 itt-

237 313 303 347 quit,
320 315 412 348 fratres
426 314 484 347 mei,
508 314 699 348 morti/icamim'
717 319 740 342 et
755 323 798 342 vos
811 315 860 350 legi
888 324 932 351 per
946 324 1039 350 corpus

237 359 341 392 Christi,
358 366 386 387 ut
409 362 553 396 cfﬁriamim’
573 363 654 395 alteri,
678 363 700 390 ei
724 363 818 389 scilicet
839 364 882 399 qui
902 372 917 390 (ι
933 364 1039 390 mortuis

237 408 383 440 resurrexit,
398 409 434 434 nti
448 409 560 443 fructum
574 412 686 445 feramus
703 410 763 436 Deo.
783 410 844 437 Cum
858 412 922 437 enim
939 418 1038 437 eramus

236 450 264 478 iii
278 461 362 485 ctu-ne,
386 455 515 488 passiones
540 451 698 488 delictorum,
721 463 777 491 qua:
793 464 836 490 per
851 455 930 491 legent
944 456 1037 491 efﬁcie-

237 498 326 526 bantur
340 500 363 526 Ill
379 501 495 528 membris
508 503 600 529 nostris
620 503 654 529 ad
669 504 779 536 [ructant
794 502 926 538 ferendum
942 503 1037 529 morti:

235 554 301 572 mmo
327 552 410 573 autem
439 549 554 575 craruali
575 557 662 576 smnus
686 557 702 575 a
730 549 793 584 lege,
820 549 912 575 mortui
935 550 960 575 in
986 557 1036 583 quo

235 593 394 625 tenebamur,
421 594 455 620 ad
479 595 638 622 serviendum
665 594 718 622 Deo
740 596 765 621 in
788 596 896 622 novitate
917 595 1033 629 spiritus,

233 644 257 665 rt
272 648 321 666 non
345 640 371 666 in
394 645 514 667 vetustate
535 641 621 668 fiterte.
648 640 742 675 Igitur,
764 641 785 667 si
810 641 964 668 tnortificari
986 649 1035 668 nos

231 684 304 718 jubet
329 684 379 719 legi
404 693 451 720 per
478 693 576 720 corpus
602 686 713 719 Christi,
741 686 811 721 quod
834 691 876 714 est
902 687 1033 720 Ecclesia,

232 739 290 766 qua:
321 732 413 766 spiritu
450 733 574 760 novitatis
603 738 728 765 constat,
764 741 815 760 non
847 742 894 769 per
925 734 1032 761 literam

232 778 379 810 vetustatis,
405 779 430 805 id
463 783 503 805 est
531 779 613 813 legis;
639 779 762 807 auferens
787 784 811 807 te
838 787 851 806 a
878 780 946 814 lege,
973 788 1033 815 qua:

231 830 282 850 non
307 827 379 850 tenet
399 832 522 855 uxorem,
540 826 636 852 marito
661 825 796 855 defuncto,
823 826 964 860 quominus
987 826 1031 852 alii

230 870 286 896 viro
308 871 361 902 fiat,
379 870 410 897 ad
434 872 594 898 contrariam
619 876 643 899 te
659 871 753 906 redigit
771 872 963 905 Conditionem,
982 881 1025 904 ne,

1089 268 1144 302 jam
1160 270 1312 298 collectiore
1334 271 1485 299 discutere?
1506 271 1533 299 Si
1554 272 1658 306 justum
1679 277 1721 300 est
1749 272 1888 299 matrimo-

1091 316 1164 342 nium
1179 324 1232 344 non
1246 318 1373 352 separari,
1397 318 1487 353 utique
1507 322 1533 345 et
1554 326 1607 346 non
1634 319 1722 346 iterari
1746 319 1886 346 honestum

1092 366 1140 388 est.
1163 363 1291 398 Denique,
1309 364 1377 398 apud
1392 365 1519 392 sateulum
1542 368 1684 400 utrumque
1703 366 1728 392 itt
1745 365 1813 392 bona
1832 365 1887 391 dis-

1090 408 1188 442 ciplina
1214 408 1369 443 deputatur,
1396 410 1466 436 alittd
1492 410 1645 437 concordia:
1673 411 1788 442 nomine,
1817 410 1886 438 aliud

1091 455 1232 488 pttdiritne.
1249 455 1377 490 llognavit
1387 456 1483 482 duritia
1497 455 1586 483 cordis
1598 463 1682 491 usque
1694 456 1726 482 ad
1739 456 1884 483 Clu-istum:

1091 501 1240 535 regnaverit
1253 507 1279 528 et
1295 502 1436 529 infirmitas
1449 503 1537 529 carnis
1552 510 1636 537 usque
1655 504 1687 529 ad
1709 503 1886 530 I’aracletum.

1088 545 1163 572 Nova
1189 546 1230 573 lex
1255 547 1363 574 abstulit
1387 548 1538 582 repudium,
1562 548 1654 575 habuit
1669 549 1739 582 quod
1759 548 1888 576 auferret.

1088 591 1159 619 Nova
1175 593 1325 627 prophetia,
1342 594 1488 620 secundum
1504 594 1714 626 matrimonium,
1731 602 1784 621 non
1799 595 1887 621 minus

1088 638 1226 673 repudium
1239 639 1344 673 prioris.
1368 639 1420 666 Sed
1437 638 1539 665 facilius
1553 639 1648 666 duritia
1674 639 1760 667 cordis
1778 640 1885 667 Christo

1087 685 1177 715 cessit,
1191 692 1271 720 quam
1287 685 1429 712 infirmitas
1443 686 1541 712 carnis.
1559 686 1621 713 Ptus
1635 686 1691 713 h-ee
1707 686 1755 713 sibi
1771 686 1880 713 Paulum

1086 731 1217 765 defendit,
1240 740 1318 767 quam
1345 733 1387 760 illa
1417 733 1541 769 Moysen;
1573 739 1659 760 tamen
1679 734 1799 761 defendit
1822 742 1882 761 cunt

1087 777 1265 812 indulgentem
1290 786 1351 805 eum
1381 783 1481 814 captat,
1513 780 1731 814 pnescribeutetn
1765 786 1882 813 recusat,

1086 831 1144 858 qua:
1159 824 1276 858 potiores
1296 825 1443 851 sententias
1459 830 1484 852 et
1501 830 1643 860 perpetuas
1660 826 1809 853 voluntates
1824 826 1881 860 ejus

1084 870 1183 902 eludit;
1209 879 1268 905 qua:
1286 879 1338 898 non
1363 871 1425 898 sinit
1445 880 1493 899 nos
1517 872 1567 899 hoc
1590 872 1721 906 Apostolo
1743 878 1880 906 prmstarc,

228 915 327 942 amisso
351 917 419 949 viro,
448 917 546 949 nuhas;
581 923 761 953 [μιιηιιιηιίμιρ
787 926 838 944 non
862 918 1029 953 depulareris
1045 917 1152 951 Bquod
1175 917 1283 944 mavult.
1308 918 1340 944 Et
1361 925 1500 952 quousque
1518 918 1658 944 infirmitas
1677 918 1724 945 ista
1740 918 1880 952 impuden-

229 961 347 989 adultera
369 963 437 990 facta
468 963 544 991 alteri
568 965 625 991 viro
649 970 706 999 post
736 970 850 992 mortem
874 966 972 997 mariti,
1004 966 1026 993 si

230 1009 316 1036 adhuc
342 1010 366 1036 in
393 1010 452 1045 lege
474 1018 553 1045 agere
578 1011 699 1043 deberes,
726 1016 799 1039 tanto
821 1020 854 1040 ex
877 1012 1031 1041 diversitate

231 1056 391 1084 comlitionis
410 1057 531 1085 adulterii
551 1063 575 1085 te
592 1059 746 1093 pra-judicat
766 1064 826 1093 post
843 1064 954 1086 mortem
972 1067 1028 1086 ma-

229 1102 272 1128 riti
296 1102 339 1128 alii
367 1103 528 1130 nubentem:
550 1104 610 1138 quia
634 1104 688 1137 jant
722 1104 881 1131 tnortifieata
908 1112 937 1132 es
966 1105 1027 1140 legi,

231 1156 283 1174 non
310 1153 397 1183 potest
421 1149 466 1175 tibi
492 1149 581 1181 licere,
609 1156 668 1176 cum
692 1150 825 1177 recessisti
849 1150 882 1177 ab
902 1157 932 1177 ea
958 1150 1027 1185 apud

226 1201 304 1228 quam
329 1194 375 1221 tibi
400 1195 505 1222 licebat.

520 1240 632 1268 CAPUT
663 1241 732 1268 XIV.

258 1285 333 1313 Nunc
346 1287 367 1313 si
390 1291 416 1313 et
432 1286 552 1314 aDSoInte
564 1287 707 1322 Apostolus
730 1287 895 1321 permisisset
919 1287 945 1314 in
962 1286 1024 1320 fide,

223 1333 323 1359 amisso
342 1333 523 1366 matrimonio,
534 1333 644 1366 nubere,
659 1333 770 1367 proinde
783 1333 889 1360 fecisset
902 1334 1027 1368 quemad-

224 1380 331 1406 modum
348 1385 371 1406 ct
386 1385 494 1412 caetera,
516 1388 574 1414 qum
590 1379 719 1407 adversus
732 1380 843 1407 fortnam
859 1381 956 1415 regula:
971 1388 1025 1408 sua:

224 1434 272 1460 pro
296 1426 448 1453 conditione
472 1432 621 1461 temporum
648 1427 741 1461 gessit,
766 1427 962 1454 circumcidens
977 1427 1024 1455 Ti-

222 1472 360 1499 motheum
384 1477 493 1506 propter
512 1472 748 1507 superinductitios
762 1473 803 1508 (l)
818 1473 898 1500 falsos
914 1473 1021 1506 fratres,

225 1521 251 1543 et
268 1525 341 1543 rasos
362 1517 492 1551 quosdam
514 1517 643 1544 inducrns
667 1519 691 1544 in
709 1519 836 1552 templum
854 1524 962 1554 propter
977 1519 1024 1547 oh-

223 1563 401 1590 servatiouem
420 1563 571 1590 Juda‘orum
587 1563 654 1597 (Act.
672 1563 743 1596 XVI,
759 1565 784 1596 5,
802 1564 874 1598 XXI,
889 1565 936 1601 26)
950 1586 956 1597 ,
978 1565 1022 1593 ille

1085 962 1185 989 tissima
1203 963 1228 989 in
1243 963 1419 998 expugnando
1435 964 1543 990 meliora
1558 964 1750 998 perseverabit?
1763 964 1880 998 ’l‘ctnpus

1082 1009 1140 1043 ejus
1168 1009 1254 1036 donec
1285 1010 1438 1038 Paracletus
1463 1015 1620 1045 operaretur
1657 1010 1717 1042 fuit,
1746 1011 1771 1038 in
1799 1020 1878 1045 quem

1081 1054 1161 1082 dilata
1186 1055 1227 1091 (6)
1252 1060 1313 1082 sunt
1337 1064 1351 1082 a
1377 1056 1498 1087 Dontino,
1523 1064 1581 1090 quas
1602 1060 1664 1083 tunc
1689 1056 1813 1084 sustineri
1837 1058 1876 1092 (7)

1081 1109 1134 1129 non
1150 1106 1285 1136 poti-rant,
1302 1110 1361 1137 quze
1380 1102 1435 1136 jam
1447 1103 1546 1129 nemini
1563 1103 1690 1137 cetnpetit
1704 1108 1810 1137 portare
1824 1112 1876 1129 non

1081 1155 1173 1181 posse;
1202 1149 1263 1183 quia
1289 1156 1336 1183 per
1361 1156 1439 1183 quem
1463 1148 1541 1175 datur
1575 1153 1681 1183 portare
1707 1156 1795 1183 posse.
1825 1157 1876 1176 non

1079 1195 1165 1222 deest.
1181 1194 1313 1228 Quamdiu
1334 1195 1504 1223 cattsabimur
1519 1202 1626 1222 carnem
1640 1216 1647 1227 ,
1663 1195 1725 1229 quia
1741 1195 1807 1222 dixit
1824 1195 1877 1222 Do-

1079 1242 1178 1274 tninus,
1194 1241 1259 1269 Cura
1272 1242 1375 1275 inﬁrma
1391 1241 1510 1277 (Matth.,
1527 1241 1611 1274 XXV,
1629 1242 1668 1277 l)"
1681 1241 1733 1269 Sed
1748 1242 1878 1276 pra-misit

1078 1292 1114 1321 et,
1134 1287 1248 1323 Spiritus
1269 1293 1419 1323 promptus;
1439 1293 1467 1314 ut
1484 1288 1572 1314 vincat
1593 1288 1700 1322 spiritus
1714 1295 1832 1319 carnem,
1850 1293 1878 1314 ttt

1078 1333 1156 1360 cedat
1190 1332 1259 1368 quod
1287 1332 1423 1360 infirmum
1456 1338 1498 1360 est
1521 1333 1636 1360 fortiori.
1664 1333 1729 1360 Nam
1761 1339 1802 1360 et:
1826 1334 1876 1366 Qui

1077 1383 1157 1413 potest
1176 1387 1279 1413 cupere,
1300 1380 1383 1413 rapiat
1399 1379 1505 1414 (Matth.
1522 1400 1529 1411 ,
1554 1378 1626 1412 XIX,
1649 1379 1704 1412 12),
1731 1379 1831 1413 inquit;
1850 1380 1874 1405 id

1077 1430 1128 1458 est,
1148 1426 1192 1460 qui
1213 1433 1264 1452 non
1287 1430 1384 1460 potest,
1398 1425 1527 1452 discedat.
1546 1425 1671 1452 Discessit
1686 1430 1712 1452 et
1727 1426 1769 1452 ille
1784 1425 1870 1457 dive:,

1076 1471 1119 1506 qtti
1136 1479 1187 1497 non
1204 1476 1312 1505 ceperat
1334 1471 1490 1498 substantia:
1505 1470 1655 1497 divitlendze
1671 1471 1761 1504 egi-nis
1776 1478 1876 1504 pra-cc-

1075 1521 1168 1551 ptum,
1201 1522 1228 1543 et
1254 1516 1379 1543 dimissus
1408 1520 1448 1543 est
1475 1516 1613 1543 sententia:
1636 1523 1691 1543 sua:
1719 1523 1733 1542 a
1763 1516 1876 1542 Domino

1077 1562 1196 1598 (Mattlt.,
1210 1562 1281 1594 XIX,
1303 1561 1409 1595 16-22)
1430 1561 1483 1588 Nec
1504 1561 1563 1588 ideo
1581 1561 1677 1588 duritia
1700 1561 1872 1596 imputabitur

222 1609 391 1644 qniGalatas,
409 1609 433 1635 in
448 1609 520 1644 Lege
534 1610 653 1637 volentes
669 1617 757 1643 agere,
774 1611 895 1645 castigat.
920 1610 972 1638 Sed
988 1612 1021 1638 ita
1036 1609 1058 1640 C
1074 1608 1181 1636 Christo
1192 1609 1225 1635 de
1238 1608 1338 1635 arbitrii
1350 1608 1540 1642 cujuscumque
1552 1607 1627 1634 liberi
1645 1607 1709 1634 vitio
1723 1607 1774 1643 (8).
1794 1607 1869 1637 Ercu,

223 1662 265 1682 res
281 1655 419 1689 erigebant
435 1655 485 1690 (2),
501 1660 528 1681 ut
546 1655 662 1682 omnibus
676 1656 761 1682 omnia
776 1657 857 1690 ﬁeret,
874 1665 924 1691 qtto
936 1665 1021 1685 omnes

224 1702 392 1736 lurrifucerct,
408 1702 551 1736 parturiens
562 1701 630 1733 illos,
647 1702 726 1728 donec
741 1702 894 1736 [armaretur
906 1702 1021 1730 Christus

222 1747 248 1774 in
269 1748 346 1783 ipsis,
366 1753 388 1774 et
402 1748 552 1783 calefaciens
567 1753 686 1782 tanquam
706 1749 793 1775 nutrix
815 1749 932 1783 parvulos
958 1750 1018 1783 ﬁdei

221 1796 231 1829 (
248 1795 257 1822 I
280 1794 349 1827 σωκ,
367 1795 412 1826 ΙΧ,
433 1795 478 1828 ‘20;
496 1795 566 1827 ϐαίη
581 1794 626 1828 IV,
638 1795 677 1829 9),
694 1795 816 1822 docendo
838 1796 958 1830 quasdam
974 1804 1022 1831 per

222 1842 335 1875 veniant,
362 1850 412 1869 non
439 1850 485 1876 per
506 1842 659 1876 imperium,
681 1842 753 1869 aliud
772 1847 812 1869 est
838 1842 909 1869 enim
932 1843 1022 1870 indul-

222 1897 295 1924 gere,
326 1889 396 1916 aliud
420 1889 530 1923 jubere:
548 1889 658 1924 proinde
689 1890 860 1924 temporalem
889 1890 1021 1918 licentiam

221 1936 376 1970 permittens
400 1935 487 1961 denuo
508 1934 623 1962 nubettdi
639 1940 747 1969 propter
760 1935 943 1963 infirmitatem
958 1943 1019 1963 car-

222 1981 273 2013 nis,
300 1980 525 2015 quemadmmlum
547 1980 652 2015 Moyses
676 1980 831 2013 repudiandi
855 1986 958 2015 propter
973 1981 1021 2007 du-

220 2027 303 2052 ritiam
319 2027 400 2052 cordis
422 2026 535 2061 (Denter.
552 2024 646 2057 XXIV,
665 2026 701 2060 l).
728 2025 758 2052 Et
782 2026 823 2052 hie
845 2027 933 2061 itaque
960 2026 1022 2054 red-

222 2071 316 2098 demus
329 2071 542 2105 supplementum
559 2079 654 2098 sensus
670 2071 756 2098 istius.
772 2071 800 2098 Si
814 2072 885 2098 enim
898 2071 1021 2099 Christus

221 2116 330 2144 abstulit
358 2116 428 2151 quod
450 2116 552 2151 Moyses
577 2117 711 2151 pra-cepit,
733 2117 794 2151 quia
818 2117 848 2143 ob
876 2117 949 2143 initio
973 2126 1022 2144 non

221 2162 269 2197 fuit
296 2162 332 2189 sic
358 2161 447 2197 (illiti.
469 2161 539 2192 XIX,
563 2161 610 2197 8),
637 2170 684 2189 nec
706 2163 744 2189 sic
771 2163 809 2198 (5;
828 2162 887 2189 ideo
913 2163 946 2190 ah
972 2163 1022 2189 alia

223 2207 329 2234 venisse
356 2208 455 2234 virtttte
484 2207 650 2241 reputabitur
679 2207 819 2239 Christus;
846 2216 894 2235 cur
920 2216 973 2236 non
996 2215 1024 2235 et

222 2253 377 2280 Paracletus
393 2253 543 2284 abstulerit,
559 2253 629 2287 qttod
656 2253 751 2280 Paulus
768 2254 895 2281 indulsit?
909 2255 975 2288 Quia
992 2259 1020 2282 et

1074 1655 1313 1691 inquit,posuiaute
1322 1659 1344 1681 te
1358 1655 1450 1681 bonum
1464 1659 1486 1681 et
1502 1654 1595 1680 malum
1609 1653 1709 1687 (l)eut.,
1728 1653 1811 1684 XXX,
1828 1654 1872 1683 lii,

1074 1701 1167 1733 Eccli.,
1184 1700 1242 1733 XV,
1258 1700 1314 1735 l8);
1330 1700 1399 1734 elige
1411 1699 1481 1734 quod
1497 1700 1594 1726 bonum
1606 1703 1662 1729 est;
1679 1700 1701 1725 si
1718 1706 1770 1725 non
1785 1704 1869 1733 potos,

1072 1747 1133 1781 quia
1154 1754 1206 1773 non
1230 1746 1268 1773 vis
1282 1746 1292 1781 (
1304 1745 1341 1780 (α)
1358 1752 1435 1780 posse
1450 1745 1520 1772 enim
1542 1751 1566 1772 te
1577 1765 1583 1777 ,
1598 1744 1620 1771 si
1636 1744 1702 1771 velis
1717 1765 1723 1776 ,
1740 1745 1871 1775 ostendit,

1073 1792 1134 1826 quia
1149 1807 1154 1810 -
1169 1797 1214 1819 tuo
1250 1791 1361 1819 arbitrio
1386 1795 1528 1825 tttruutqtte
1560 1790 1727 1825 proposuit),
1749 1790 1871 1816 discedas

1072 1843 1176 1873 oportet
1197 1838 1230 1865 ab
1246 1845 1289 1870 eo,
1310 1837 1385 1872 cujus
1403 1845 1454 1864 non
1475 1836 1539 1864 facis
1558 1836 1732 1864 voluntatem.

1376 1883 1489 1911 CAPUT
1508 1882 1567 1910 XV.

1109 1931 1174 1965 Qua:
1191 1931 1269 1966 igitur
1285 1930 1327 1957 hic
1349 1929 1444 1956 duritia
1469 1933 1570 1962 nostra,
1588 1929 1608 1955 si
1633 1935 1685 1955 non
1711 1927 1869 1954 facientibus

1073 1978 1235 2005 voluntatem
1253 1977 1298 2004 Dei
1323 1975 1528 2003 renuntiamus?
1547 1975 1612 2009 Quae
1633 1975 1754 2007 haeresis,
1778 1974 1799 2000 si
1824 1981 1868 2001 se-

1074 2023 1175 2051 cundas
1194 2022 1308 2056 nuptias,
1325 2026 1354 2048 ttt
1378 2021 1591 2055 illicitas,‘juxta
1617 2020 1775 2047 adulterium
1795 2019 1867 2054 judi-

1074 2069 1184 2096 catutts?
1205 2068 1271 2101 Quid
1292 2072 1332 2094 est
1347 2067 1417 2094 ettim
1441 2066 1611 2099 adulterium,
1631 2074 1709 2101 quam
1732 2066 1869 2092 matrimo-

1075 2115 1146 2142 nitun
1168 2113 1306 2141 illicitum?
1321 2113 1400 2140 Notat
1426 2112 1570 2147 Apostolus
1593 2120 1651 2145 eos,
1667 2112 1711 2146 qui
1735 2111 1760 2138 in
1785 2116 1868 2138 totttnt

1075 2162 1175 2189 nubere
1198 2160 1383 2195 prohibebant,
1407 2159 1450 2195 qtti
1471 2164 1497 2186 et
1517 2159 1550 2186 de
1572 2159 1639 2185 cibis
1663 2158 1868 2188 iuterdicebant,

1074 2216 1141 2242 quos
1165 2208 1233 2234 Deus
1248 2206 1367 2235 condidit
1389 2206 1410 2241 (1
1430 2206 1505 2236 Tim..
1531 2205 1575 2237 IV,
1592 2205 1631 2240 5).
1660 2205 1713 2232 Nos
1736 2212 1800 2231 vero
1817 2213 1868 2231 non

1075 2253 1156 2287 magis
1176 2253 1280 2287 nuptias
1299 2252 1453 2284 auferimus,
1480 2251 1501 2278 si
1531 2250 1662 2278 secundas
1693 2257 1866 2279 recusamus,

220 2299 367 2326 secundum
384 2299 582 2326 matrimonium
599 2300 633 2326 ab
654 2300 729 2327 initio
743 2308 796 2327 non
812 2300 869 2333 fuit,
894 2309 942 2328 nec
960 2301 1019 2329 ideo
1035 2304 1060 2334 D
1075 2306 1155 2334 quam
1169 2298 1243 2325 cibus
1257 2297 1441 2332 reprobamus,
1454 2297 1475 2323 si
1494 2296 1591 2329 Saepius
1606 2295 1885 2334 jejunamus.ﬂL
1905 2327 1913 2330 ‘

220 2349 359 2380 suspectus
384 2345 521 2372 habendus
539 2345 582 2377 sit,
606 2346 682 2380 quasi
700 2346 809 2380 spiritus
825 2346 938 2380 alienus,
958 2352 1015 2374 tan-

221 2393 275 2417 tttm
295 2394 323 2417 ut
343 2391 397 2417 Deo
413 2396 438 2417 et
459 2391 566 2418 Christo
581 2391 691 2426 dignum
714 2393 749 2419 sit
771 2392 840 2426 qttod
863 2392 1019 2426 superduci-

221 2441 265 2463 tur
280 2436 321 2474 (4)
334 2438 345 2463 't
359 2437 386 2464 Si
408 2437 449 2473 (5)
471 2437 525 2464 Deo
540 2442 567 2464 et
583 2437 691 2465 Christo
707 2438 815 2472 dignum
829 2438 879 2465 fuit
893 2438 1019 2466 duritiam

222 2483 309 2510 cordis
330 2489 450 2519 tempore
463 2484 574 2518 expleto
590 2491 771 2519 compescere,
786 2493 833 2512 cur
849 2494 900 2512 non
916 2486 1021 2521 dignius

1072 2350 1110 2372 est
1127 2344 1243 2375 anfetre,
1267 2343 1336 2370 aliud
1357 2347 1523 2376 temperare,
1550 2341 1621 2368 aliud
1646 2346 1687 2368 est
1708 2342 1792 2375 legem
1817 2348 1868 2366 non

1074 2389 1190 2418 nubendi
1205 2396 1318 2424 ponere,
1335 2387 1404 2415 aliud
1423 2386 1462 2422 (9)
1480 2387 1586 2414 modtttn
1609 2386 1725 2413 nubendi
1740 2390 1869 2413 statuere.

1074 2438 1154 2465 Plane
1174 2436 1218 2471 qui
1233 2435 1395 2469 exprobrant
1415 2433 1491 2460 nobis
1506 2432 1630 2459 duritiam
1648 2433 1687 2459 vel
1705 2431 1826 2458 Ιπωόςίιιι
1843 2432 1866 2457 in

1074 2484 1124 2515 hac
1142 2491 1220 2511 causa
1248 2482 1315 2517 (l0),
1332 2482 1354 2508 si
1372 2481 1397 2508 in
1418 2484 1518 2507 tantum
1539 2478 1627 2505 fovent
1646 2478 1734 2505 carnis
1757 2478 1868 2504 infirmi-

840 2554 1028 2584 LEC’IIONES
1048 2552 1254 2583 VABIANTES.

266 2609 288 2656 ξ)
298 2609 495 2645 Superductitios
504 2609 579 2635 Rhea.

479 2671 556 2696 Frun.

264 2640 288 2677 ἓ)
296 2640 425 2677 ﬁngebat.
432 2640 465 2677 nl.

251 2671 277 2699 (5
296 2672 347 2696 Nec
356 2673 391 2696 sic
401 2672 466 2696 abest
479 2671 556 2696 Frun.

251 2701 277 2730 (4
298 2702 468 2734 Superdicitur
479 2702 512 2727 al.

252 2673 288 2765 (Si
300 2733 349 2758 Sed
363 2733 438 2758 Seml.
451 2733 533 2759 Obcrf.

252 2730 277 2765 (5

298 2702 468 2734 Superdicitur
477 2702 512 2734 ul.

300 2733 349 2767 Sed
363 2733 438 2758 Seml.
451 2733 533 2759 Obcrf.

1104 2611 1140 2644 (ﬁ)
1155 2610 1259 2644 Dilatata
1274 2606 1349 2644 Itften.

1108 2641 1144 2673 t7)
1158 2641 1286 2673 Sustine-re
1296 2643 1370 2673 nan.

1117 2670 1142 2703 8)
1152 2671 1258 2695 Servilio
1271 2670 1345 2703 ll/tett.

1119 2699 1144 2731 tt)
1158 2703 1199 2727 Esi
1213 2705 1304 2732 repetit.
1318 2699 1425 2733 Rheam

1123 2729 1155 2764 l0]
1173 2729 1368 2758 rlistit'ttantadd.
1382 2729 1434 2755 alii.

907 2786 1187 2816 COMMENTARIUS.

257 2853 332 2881 CAP.
342 2853 489 2889 XlV.—(a)
504 2854 583 2881 Posse
595 2854 660 2881 enim
673 2858 706 2884 te,
719 2853 741 2880 si
752 2852 823 2886 velis,
837 2856 955 2884 ostendit.
967 2857 1019 2885 Pu-

221 2889 333 2926 gnathic
348 2890 421 2926 locus
433 2897 480 2923 pro
490 2891 662 2926 continentia,
675 2889 743 2916 adeo
752 2893 781 2915 ut
791 2888 816 2915 itt
828 2894 918 2918 nostra
933 2898 1020 2926 potes-

222 2927 275 2951 tate
289 2925 338 2952 sita
353 2924 485 2958 videatur,
498 2926 578 2953 modo
593 2925 625 2952 ad
641 2925 723 2954 Deum
736 2932 914 2955 recurramus.
927 2924 954 2956 S.
968 2930 1020 2956 Att-

1070 2857 1200 2893 gustinus,
1211 2856 1259 2894 lib.
1269 2856 1302 2883 de
1311 2853 1513 2894 adulthonjug.
1526 2853 1557 2894 ll,
1653 2862 1658 2880 :
1669 2852 1743 2894 Levis
1753 2854 1798 2894 erit
1813 2861 1873 2894 cop-

1072 2889 1181 2920 ῖὶηεηιίω
1194 2892 1304 2924 sarcina,
1325 2891 1347 2917 si
1373 2889 1483 2922 Christi,
1501 2890 1558 2920 erit.
1580 2889 1674 2917 Christi
1694 2890 1751 2920 erit,
1768 2889 1789 2915 si
1809 2889 1872 2921 ﬁdes

1072 2929 1162 2962 aderit,
1177 2935 1233 2963 qua:
1247 2929 1381 2962 impetrata
1394 2925 1493 2957 iubente
1508 2925 1562 2952 Deo
1581 2932 1636 2960 qua:
1650 2926 1761 2956 iusserit.
1776 2924 1812 2951 LE
1825 2924 1876 2955 Ρη.
