4006 6280
261 269 364 329 951
1675 268 2064 328 TERTULLIA
2073 270 2141 327 Nl
3458 278 3572 336 952

269 399 455 457 tatem,
490 391 618 448 utin
649 391 893 448 nubendo
915 390 1218 465 frequenter
1243 390 1608 448 sustinendam
1635 399 1854 463 putent:
1884 390 1931 447 A
1964 388 2085 444 ideo
2138 386 2259 458 quis
2306 393 2514 459 repetat
2561 386 2987 464 matrimonium,
3033 381 3173 462 quia
3197 390 3267 447 de
3301 390 3482 461 priore
3511 392 3577 449 li—

270 499 369 538 cur
406 484 550 538 illam
584 485 634 540 in
664 486 765 540 alia
793 500 951 540 causa
984 500 1158 556 neque
1196 486 1479 549 sustinent.
1507 501 1676 557 neque
1705 486 1856 555 venia

271 574 469 639 fovent,
512 590 632 630 cum
664 577 940 632 tormentis
965 586 1260 646 expugnata
1291 587 1373 632 est
1404 577 1457 632 in
1489 577 1860 648 negationem?

271 664 468 736 Utique
487 667 631 721 enim
661 658 805 722 illam
836 668 1001 738 magis
1028 668 1269 724 excusari
1297 669 1460 739 capit,
1490 684 1611 737 qua:
1638 668 1691 723 in
1721 684 1858 739 pra:-

270 756 342 811 lio
370 759 583 825 cecidit,
624 774 783 829 quam
811 774 929 830 qua:
970 754 1024 814 in
1062 759 1337 825 cubiculo;
1385 776 1503 831 qua:
1543 761 1596 814 in
1634 760 1862 832 cquulco

271 849 571 919 succubuit,
618 866 776 921 quam
826 867 945 921 qua:
1000 852 1051 906 in
1112 852 1341 921 lectulo;
1396 868 1516 923 quze
1560 852 1861 910 credulitati

269 943 455 1009 cessit,
496 959 655 1016 quam
683 960 803 1017 qua:
844 944 1090 1012 libidini;
1117 962 1236 1017 qua:
1260 961 1484 1017 gemens
1514 946 1720 1002 devicta
1756 956 1863 1016 est,

269 1050 430 1105 quam
470 1052 589 1107 qua:
631 1036 837 1091 lubens.
880 1036 986 1092 Sed
1020 1037 1164 1093 illam
1193 1037 1408 1108 quidem
1438 1052 1470 1093 a
1500 1040 1865 1095 communica-

275 1130 418 1186 tione
446 1130 736 1199 depellunt,
764 1131 889 1197 quia
935 1145 1042 1186 non
1096 1132 1349 1187 sustinuit
1395 1131 1448 1187 in
1495 1132 1694 1195 ﬁnem;
1728 1132 1867 1189 hanc

272 1237 398 1275 vero
440 1222 758 1292 suscipiunt,
806 1221 958 1293 quasi
995 1231 1050 1278 et
1090 1223 1206 1279 haec
1235 1224 1549 1280 sustinuerit
1590 1224 1642 1279 in
1674 1223 1857 1280 finem.

220 1360 223 1361 ν
277 1315 525 1383 Propone
562 1316 687 1386 quid
731 1326 956 1388 utraque
984 1333 1090 1374 non
1132 1318 1447 1376 sustinuerit
1489 1320 1542 1374 in
1600 1319 1784 1387 ﬁnem,
1814 1328 1870 1376 et

273 1409 511 1464 invenies
540 1408 656 1481 ejus
705 1426 949 1467 caussam
987 1411 1370 1479 honestiorem,
1416 1428 1535 1483 qu:e
1587 1413 1868 1482 szevitiam,

277 1515 434 1569 quam
463 1517 581 1571 qnzc
611 1501 918 1572 pudicitiam
946 1504 1215 1560 sustinere
1242 1520 1346 1560 non
1379 1505 1565 1575 potuit.
1595 1504 1662 1560 Et
1691 1514 1868 1562 tamen

274 1605 374 1645 nec
398 1603 677 1648 cruentam
707 1594 1060 1651 defectionem
1094 1595 1374 1652 inﬁrmitas
1401 1596 1579 1653 carnis
1619 1606 1859 1666 excusat,

277 1683 477 1740 nedum
511 1685 850 1758 impudicam.
889 1698 895 1707 ‘

874 1778 1097 1837 CAPUT
1128 1779 1267 1836 XVI.

1962 479 2121 535 berns
2161 495 2265 534 non
2319 480 2539 546 habuit;
2570 481 2812 538 lueredes
2839 482 3046 538 scilicet
3078 482 3400 540 cbristianus
3423 501 3576 556 qua:-

1965 583 2065 640 ret,
2093 573 2275 629 sreculi
2303 576 2465 629 totius
2489 573 2760 630 exhceres?
2781 575 2952 632 llabet
2970 575 3183 645 fratres,
3213 577 3373 634 habet
3389 578 3579 634 Eccleo

1964 666 2097 721 siam
2145 676 2389 722 matrem.
2439 667 2595 722 Aliud
2647 679 2751 735 est,
2802 668 2878 740 (α)
2920 668 2966 724 si
3008 679 3064 725 et
3102 670 3240 741 apud
3293 669 3569 727 Christum

1966 758 2169 829 legibus
2194 758 2349 816 .luliis
2374 760 2457 831 agi
2478 759 2728 828 credunt,
2761 769 2817 817 et
2840 761 3147 817 existimant
3173 762 3251 835 (5)
3275 764 3491 820 crelihes
3516 772 3575 821 et

1966 850 2129 906 orbos
2174 865 2242 907 ex
2273 860 2595 908 testamento
2626 853 2720 909 Dei
2751 853 2981 910 solidum
3023 871 3130 911 non
3168 872 3326 928 posse
3354 872 3573 927 capere.

1967 941 2181 1021 Nubant
2226 942 2384 1015 igitur
2414 944 2717 1017 huiusmodi
2763 947 2815 1001 in
2862 946 3021 1002 finem
3063 963 3253 1021 usque,
3302 957 3359 1004 ut
3398 951 3449 1005 in
3479 951 3580 1005 ista

1966 1020 2514 1103 confusionecarnis;
2558 1037 2700 1093 sicut
2722 1037 2953 1107 Sodoma
2983 1049 3039 1095 et
3067 1020 3393 1109 Gomorrha,
3425 1043 3580 1098 ctdi-

1968 1121 2096 1181 luvii
2127 1125 2262 1192 dies,
2285 1126 2466 1183 abillo
2494 1127 2682 1183 ultimo
2701 1128 2847 1184 exitu
2868 1128 3052 1185 smciili
3078 1114 3574 1202 deprehendantur.

1971 1219 2236 1289 Adjiciant
2280 1220 2494 1276 tertium
2534 1220 2734 1277 dictum
2783 1222 2825 1294 (Ι
2870 1222 2990 1278 Cor.
3021 1222 3139 1290 XV,
3189 1225 3279 1297 52)
3311 1243 3327 1281 :
3361 1225 3586 1280 Mandu-

1974 1327 2164 1380 cemus,
2206 1322 2252 1366 et
2279 1312 2524 1378 bibamus,
2564 1324 2610 1369 et
2651 1314 2937 1371 nubanms:
2977 1332 3091 1370 cras
3116 1317 3249 1371 enim
3276 1318 3583 1383 moriemur;

1975 1419 2081 1461 non
2123 1407 2481 1477 recogitantes
2525 1407 2610 1463 Vw
2651 1408 2781 1464 illud
2830 1410 3224 1481 prmgnantibns
3263 1419 3321 1469 et
3372 1412 3581 1468 lactan-

1978 1499 2140 1567 tibus,
2173 1497 2341 1554 multo
2381 1499 2597 1571 gravius
2634 1510 2690 1556 et
2731 1502 2967 1558 amarius
2995 1490 3314 1558 eventurum
3365 1504 3420 1558 in
3445 1518 3581 1561 con-

1977 1590 2228 1647 cussione
2280 1591 2445 1647 totius
2495 1591 2702 1658 nmndi,
2736 1581 2897 1663 quam
2951 1594 3131 1649 evenit
3184 1594 3239 1650 in
3279 1597 3582 1652 vastatione

1980 1684 2137 1739 unius
2164 1684 2441 1754 particulze
2482 1684 2705 1755 Judaete.
2735 1684 2879 1742 Satis
2914 1686 3245 1758 opportunos
3275 1688 3584 1766 novissimis

1986 1777 2312 1847 temporibus
2368 1777 2571 1835 fructus
2632 1779 2837 1834 iteratis
2886 1779 3240 1836 matrimoniis
3288 1781 3574 1851 colligant,

342 1868 512 1924 Rideo
539 1877 741 1939 autem,
763 1886 882 1926 cum
912 1872 1197 1929 inﬁrmitas
1222 1875 1405 1931 carnis
1424 1875 1734 1947 opponitur,
1755 1890 1874 1947 quae
1906 1884 1953 1945 Β
1981 1871 2144 1926 ubera
2172 1870 2453 1939 fluitantia,
2480 1881 2541 1949 et
2591 1880 2774 1929 nteros
2802 1884 3143 1939 nauseantes,
3171 1882 3226 1929 ct
3251 1874 3325 1946 (b)
3352 1874 3583 1931 infantes

272 1976 477 2016 summa
507 1961 761 2019 fortitudo
790 1964 1016 2020 dicenda
1048 1976 1150 2022 est.
1180 1966 1378 2024 Iterum
1411 1970 1637 2035 nubere,
1670 1979 1753 2025 est
1777 1985 1864 2025 res

1977 1964 2240 2043 pipiantes
2278 1963 2379 2035 (4).
2428 1964 2623 2021 Parent
2651 1964 2979 2022 Antichristo
3021 1966 3075 2022 in
3105 1981 3225 2036 qua:
3271 1964 3350 2039 (5)
3402 1966 3715 2024 libidi-*--—

272 2046 489 2120 virium;
515 2071 797 2128 resurgere
827 2060 877 2114 in
900 2074 1061 2131 opera
1080 2062 1256 2118 carnis
1278 2061 1344 2119 de
1360 2065 1704 2119 continentim
1729 2065 1861 2133 otio,

273 2147 567 2203 substantia
608 2159 691 2204 est
728 2153 973 2207 laterum.
1004 2151 1147 2208 Talis
1178 2154 1476 2221 infirmitas,
1508 2164 1562 2211 et
1593 2158 1772 2223 tertio,
1810 2165 1866 2212 et

271 2250 481 2307 quarto,
500 2250 553 2295 et
567 2255 736 2312 usque
747 2243 974 2313 septimo
989 2242 1207 2300 forsitan
1226 2246 1564 2303 matrimonio
1576 2246 1789 2311 sufﬁcit;
1811 2256 1866 2303 ut

271 2346 390 2400 qum
412 2330 607 2388 totiens
628 2332 834 2399 fortior,
858 2337 1104 2406 quotiens
1124 2336 1286 2393 fuerit
1305 2338 1591 2407 inﬁrmior,
1623 2337 1866 2395 habitura

269 2420 381 2491 jam
428 2436 533 2477 non
565 2424 877 2494 Apostolum
905 2436 1201 2493 auctorem,
1228 2429 1323 2485 sed
1352 2429 1744 2502 Hermogenem
1770 2432 1866 2486 ali-

273 2532 458 2586 quem,
488 2518 665 2589 plures
684 2520 899 2576 solitum
930 2522 1182 2578 mulieres
1201 2521 1399 2579 ducere
1438 2538 1601 2594 quam
1626 2524 1864 2595 pingere,

278 2609 502 2664 materia
533 2612 678 2666 enim
720 2614 771 2666 in
804 2613 898 2668 illo
938 2613 1194 2675 abundat.
1220 2614 1360 2669 unde
1390 2623 1444 2672 et
1470 2616 1703 2673 animam
1746 2631 1869 2673 esse

279 2715 630 2769 praesumens,
665 2704 831 2758 nmlto
872 2706 1039 2777 magis
1068 2706 1316 2777 spiritum
1347 2723 1378 2762 a
1411 2707 1522 2764 Deo
1548 2724 1653 2764 non
1686 2708 1864 2773 habet.

272 2792 382 2861 jam
457 2809 557 2848 nec
634 2796 951 2867 psychicns,
1024 2801 1146 2867 quia
1215 2813 1319 2853 non
1387 2798 1456 2855 de
1527 2800 1710 2855 afflatu
1774 2799 1873 2856 Dei

274 2884 577 2956 psyehicus.
643 2887 800 2955 Quid.
857 2888 902 2944 si
982 2888 1215 2960 inopiam
1283 2892 1402 2962 quis
1459 2902 1741 2958 causetur,
1811 2904 1869 2949 ut

272 2992 489 3034 carnem
530 2995 680 3036 suam
709 2991 893 3051 aperte
922 2982 1262 3053 prostitutam
1290 2971 1635 3055 proﬁteatur,
1654 2984 1867 3041 exhibi-

274 3070 434 3126 tionis
471 3086 628 3127 causa
683 3072 991 3137 nubentem,
1040 3074 1240 3130 oblitus
1286 3073 1528 3144 (Mante,
1574 3075 1657 3140 γι,
1687 3076 1870 3146 9.5)de

274 3166 406 3219 victu
459 3174 505 3219 et
554 3168 731 3227 vestitu
773 3183 875 3221 non
926 3184 1034 3223 esse
1077 3168 1440 3239 cogitandum?
1480 3168 1653 3224 liabet
1697 3170 1867 3226 Deum

1970 2056 2155 2111 nosius
2182 2056 2385 2112 saeviat.
2415 2056 2661 2113 Adducet
2690 2057 2792 2113 illis
2817 2058 3100 2114 carniﬁces
3128 2058 3467 2115 obstetrices.

2543 2193 2773 2251 CAPUT
2818 2193 2984 2251 XVII.

2040 2329 2323 2386 Habebunt
2353 2329 2508 2401 plane
2544 2327 2759 2386 Christo
2788 2329 2929 2401 quod
2968 2330 3221 2401 allegent,
3263 2331 3571 2401 speciosum

1971 2423 2323 2494 privilegium,
2356 2423 2535 2478 carnis
2575 2438 2958 2495 usquequaque
2988 2424 3430 2481 imbecillitatem.
3460 2426 3570 2482 Sed

1971 2512 2108 2569 hanc
2128 2512 2444 2589 iudicabunt
2468 2500 2572 2585 iam
2602 2513 2683 2586 (6)
2715 2530 2821 2569 non
2852 2513 2999 2569 Isaac
3039 2530 3390 2585 monogamus
3419 2524 3572 2587 pater

1972 2616 2181 2672 noster,
2224 2620 2323 2661 nec
2345 2605 2581 2661 Joannes
2618 2606 2779 2677 aliqui
2807 2605 3004 2662 Christi
3032 2608 3222 2677 Spadu,
3253 2623 3352 2663 nec
3376 2607 3562 2664 Judith

1972 2698 2080 2754 ﬁlia
2118 2698 2329 2765 Morari,
2354 2713 2453 2755 nec
2484 2708 2562 2754 tot
2595 2699 2696 2753 alia
2730 2700 2971 2770 exempla
3011 2711 3342 2755 sanctorum.
3365 2699 3440 2772 (c)
3473 2699 3574 2756 So—

1965 2792 2082 2848 lent
2122 2792 2319 2847 ethnici
2358 2791 2569 2860 judices
2612 2791 2889 2848 destinari.
2923 2791 3187 2863 Exsurget
3232 2794 3411 2864 regina
3445 2791 3576 2849 Car-

1973 2884 2222 2955 thaginis,
2250 2893 2305 2940 et
2326 2883 2581 2940 decernet
2618 2884 2668 2939 in
2719 2884 3060 2951 christianas,
3092 2899 3212 2956 qum
3246 2884 3488 2956 profuga,
3518 2895 3578 2942 et

1971 2976 2024 3031 in
2048 2977 2223 3033 alieno
2252 2976 2391 3043 solo,
2418 2984 2472 3031 et
2502 2984 2663 3031 tanta:
2687 2976 2927 3031 civitatis
2946 2991 3066 3031 cum
3104 2976 3339 3031 maxime
3366 2976 3573 3032 forma-

1972 3069 2098 3136 trix,
2139 3084 2261 3125 cum
2305 3069 2445 3139 regis
2474 3069 2685 3139 nuptias
2721 3067 2862 3123 ultro
2890 3050 3108 3140 optas/se
3147 3067 3458 3133 debuisset;
3506 3084 3575 3125 ne

1973 3168 2150 3217 tamen
2191 3161 2455 3218 secundas
2482 3176 2590 3219 .eas
2631 3153 2984 3231 experiretur,
3017 3161 3206 3217 maluit
3240 3178 3270 3218 e
3300 3164 3577 3219 eontmrio

273 3264 437 3314 aliam
484 3274 769 3315 corvorum
819 3261 1187 3327 educatorem,
1233 3263 1393 3318 cliam
1440 3261 1633 3319 ﬂorum
1681 3263 1865 3319 cxcul.
1897 3276 1942 3337 Ο
1975 3255 2055 3310 Ul‘i
2086 3269 2245 3325 quam
2286 3253 2508 3309 nubere.
2539 3253 2812 3311 Assidebit
2850 3264 2904 3310 θι
3037 3264 3279 3309 matrona
3309 3266 3570 3321 romana,

277 3359 467 3406 torem.
491 3350 628 3419 Quid
654 3350 699 3406 si
729 3351 1068 3409 solitudinem
1094 3353 1286 3409 domus
1304 3352 1560 3409 obtendat
1578 3354 1625 3425 (ι
1641 3356 1684 3416 l?
1708 3353 1871 3423 Quasi

279 3457 379 3496 una
428 3443 620 3498 mulier
666 3441 1017 3514 frequentiam
1070 3453 1307 3516 ιιι-αδδιδι,
1331 3444 1532 3500 homini
1572 3444 1639 3500 ad
1695 3444 1871 3514 fugam

278 3533 551 3601 proximo:
574 3534 736 3590 habet
756 3534 971 3591 viduam
995 3536 1196 3606 utique,
1214 3550 1375 3607 quam
1402 3537 1649 3592 adsumat
1669 3536 1869 3593 licebit.

279 3625 395 3681 Non
426 3643 581 3682 uuam
602 3629 815 3698 generis
835 3629 995 3700 hujus
1016 3646 1257 3694 uxorem,
1290 3630 1382 3686 sed
1411 3631 1569 3686 etiam
1589 3630 1668 3702 (2)
1693 3631 1874 3701 plures

279 3718 477 3774 habere
524 3735 839 3775 concessum
889 3730 990 3777 est.
1030 3721 1190 3790 Quid,
1217 3723 1261 3778 si
1292 3722 1360 3779 de
1399 3725 1714 3795 posteritate
1753 3724 1875 3795 quis

277 3810 473 3882 cogitet
517 3810 708 3867 iisdem
750 3813 964 3881 animis,
993 3815 1185 3886 quibus
1229 3815 1402 3872 oculis
1442 3829 1578 3888 uxor
1606 3815 1766 3880 Loth.
1815 3823 1876 3870 ut

1977 3363 2119 3419 quae,
2163 3346 2267 3401 etsi
2309 3360 2407 3418 per
2435 3348 2540 3401 vim
2586 3356 2927 3412 nocturnam,
2970 3346 3320 3403 nihilominus
3356 3356 3579 3419 experta

1975 3439 2138 3493 alium
2166 3439 2361 3504 virum,
2391 3439 2655 3495 maculam
2682 3438 2860 3494 carnis
2888 3453 2987 3493 suo
3007 3439 3269 3509 sanguine
3294 3438 3484 3505 abluit,
3518 3447 3581 3495 ut

1978 3533 2368 3603 monogamiam
2408 3534 2460 3589 in
2506 3533 2850 3605 semetipsum
2881 3533 2959 3606 (7)
2999 3533 3313 3589 vindicaret.
3342 3532 3581 3591 Fuemnt

1977 3634 2032 3679 et
2068 3640 2187 3696 quae
2246 3641 2343 3696 pro
2392 3626 2521 3681 viris
2567 3626 2705 3681 mori
2758 3627 3000 3692 mallent,
3055 3642 3215 3707 quam
3262 3637 3383 3697 post
3423 3628 3571 3686 viros

1978 3717 2203 3775 nubere.
2230 3718 2389 3776 ldolis
2429 3728 2577 3776 certe
2603 3728 2659 3775 et
2704 3720 3040 3791 monogamia
3067 3728 3123 3776 et
3148 3719 3374 3775 viduitas
3402 3735 3574 3792 appa-

1978 3817 2118 3866 rent.
2156 3809 2408 3867 Fortuntn
2445 3811 2693 3868 muliebri
2725 3825 2981 3869 coronam
3029 3826 3135 3868 non
3184 3810 3429 3884 imponit,
3471 3810 3580 3870 nisi

1504 3907 1885 3966 LECTIONES
1925 3901 2337 3961 VARIANTES.

334 3996 410 4117 μ)
434 3998 660 4051 Ostendit
683 3999 834 4052 Blten.
905 4041 908 4044 .

359 4064 409 4117 ..)
425 4059 532 4109 Jam
557 4062 708 4113 Rhen.

2134 3995 2191 4061 l_n
2216 4010 2315 4061 quo
2326 3995 2472 4061 ﬁlum
2507 3995 2660 4048 Seml.

357 3997 410 4092 ἑ)
434 3998 660 4051 Ostendit
683 3999 834 4052 then.
905 4041 908 4044 .
2040 3997 2088 4059 (ii
2134 3997 2191 4045 In
2216 4010 2315 4061 quo
2337 3997 2472 4048 Rhea
2507 3997 2660 4048 Seml.

359 4093 387 4109 ..
425 4059 708 4134 Jamﬁhen.
2036 4000 2118 4187 (ϐξ
2133 4058 2253 4108 Tam
2276 4058 2427 4133 Riten.
2454 4067 2558 4110 tum
2581 4061 2706 4111 Jun.

357 4064 410 4187 δῖ
429 4122 683 4187 @snmant
706 4123 856 4175 then.
2039 4122 2092 4184 (7
2143 4120 2424 4187 Semettpsa
2446 4130 2596 4173 Pran.

335 4064 387 4117 (2
425 4064 532 4109 Jam
557 4064 708 4113 Rhen.
2036 4064 2090 4118 (ϐ
2133 4064 2253 4108 Tam
2276 4064 2427 4110 Rhen.
2454 4067 2558 4110 tum
2581 4093 2596 4110 .

335 4064 411 4249 (3%
429 4122 683 4196 IEinmant
706 4123 856 4175 then.
2039 4064 2118 4187 (7i
2143 4120 2424 4187 Semetipsa
2446 4130 2596 4173 Pran.

336 4184 387 4248 (4
434 4180 668 4249 Pipantes
692 4188 980 4239 FranJun.

336 4180 411 4249 (4)
434 4180 668 4249 Pipantes
692 4194 839 4237 Fran.
858 4188 980 4239 Jun.

1646 4269 2208 4331 COMMENTARIUS.

347 4358 918 4439 C.-\P.XV_I_.—;_(a)_Si
955 4375 1001 4420 et
1028 4366 1171 4439 apud
1205 4366 1463 4422 Christum
1488 4366 1868 4439 legibusglnliis

273 4435 357 4501 agi
367 4432 951 4509 credttntﬁonfd'nbium
978 4432 1104 4507 quin
1123 4438 1498 4509 respexeritad
1518 4432 1659 4508 lcges
1674 4437 1863 4500 Julius.

1970 4365 2211 4439 Solidum
2230 4367 2375 4424 enim
2393 4382 2583 4439 capere
2602 4358 2788 4439 dequo
2808 4366 2893 4422 hic
2905 4366 3079 4434 agitur
3094 4374 3174 4422 est
3190 4374 3297 4424 ἴσων
3311 4373 3582 4437 ἀξιοῦσθαι,

1979 4438 2120 4508 quod
2151 4439 2289 4495 idem
2325 4448 2408 4495 est
2442 4437 2505 4494 ac
2547 4437 2813 4495 hatredem
2846 4439 2960 4493 ﬁeri
2992 4454 3057 4494 ex
3087 4453 3230 4502 asse,
3263 4450 3318 4494 et
3365 4456 3585 4495 omnem

271 4522 391 4580 «pne
404 4506 993 4580 etelihatusetprhitatis
1008 4523 1193 4576 poenas
1208 4506 1877 4580 continebant.Qitasatixit
1901 4515 1955 4576 1)
1984 4506 2126 4580 illam
2158 4509 2522 4567 bmreditatem
2546 4510 2701 4580 adire
2725 4525 2740 4574 ;
2767 4509 2908 4580 quod
2936 4518 2993 4563 ut
3021 4509 3129 4564 dixi
3156 4510 3209 4563 in
3231 4509 3449 4567 caelibes
3477 4526 3584 4566 non

275 4578 543 4639 Angustus
573 4586 707 4633 teste
744 4578 910 4633 Dione
938 4581 1028 4634 lib.
1061 4596 1146 4639 ιν,
1177 4579 1318 4634 unde
1346 4580 1427 4634 lex
1455 4579 1594 4634 Julia
1625 4579 1763 4635 dicta
1792 4590 1874 4634 est

274 4647 354 4702 ius
396 4647 735 4721 caducaria;_
763 4663 885 4703 nam
921 4664 1041 4721 cum
1073 4650 1293 4706 ctelihes
1339 4651 1468 4705 nihil
1515 4658 1768 4721 caperent
1804 4665 1871 4706 ex

275 4720 609 4790 testamentis
637 4719 737 4773 nisi
779 4734 847 4774 ex
878 4719 1124 4790 proxime
1146 4720 1381 4790 junctis,
1412 4721 1529 4776 orbi
1559 4719 1685 4775 vero
1717 4721 1873 4777 dimi-

271 4789 416 4844 dium
462 4798 688 4860 tantum,
713 4789 943 4860 legatum
975 4791 1117 4860 quod
1145 4789 1262 4847 erat
1289 4790 1485 4854 caelibi,
1508 4792 1765 4847 caducum
1791 4792 1873 4847 di-

272 4863 513 4941 cebatur,
545 4861 648 4915 nisi
669 4859 948 4941 intra__dies
972 4859 1186 4941 Centum
1204 4872 1446 4941 pareret.
1464 4862 1792 4941 saeuientis
1820 4863 1870 4919 id

271 4932 554 5002 diligenter
594 4939 742 4986 notat
802 4932 895 4987 lib.
942 4949 980 5000 I,
1022 4933 1145 4988 εισι.
1193 4934 1312 4988 In'u.
1355 4938 1490 5003 νόμος
1538 4940 1594 4998 ἧν
1631 4932 1871 5002 liquat“;

272 5013 496 5063 παλαιὸς.
544 5009 642 5056 ἀπὸ
687 5008 837 5057 εἵκω-ι
875 5014 957 5058 καὶ
985 5013 1118 5061 πέντε
1163 5013 1272 5063 irin
1322 5023 1412 5063 τῶν
1460 5015 1568 5062 ἴσων
1617 5011 1870 5071 ἀξιιῧσθαηὶ

267 5080 450 5128 κωὶὺων
482 5078 582 5149 Ξρῖς
612 5073 979 5149 ἀνᾴμοιςηιβπ-
1003 5085 1111 5149 erat
1152 5077 1361 5149 antiqua
1398 5078 1537 5147 apud
1580 5075 1868 5149 Romanos,

269 5162 369 5218 qua
399 5143 597 5218 εωιίρεε
628 5143 767 5218 u_lt_ra
805 5145 981 5216 viginti
1010 5147 1230 5218 quinque
1254 5143 1415 5201 annos
1433 5143 1623 5218 tegnlis
1647 5151 1867 5218 frustra-

270 5211 471 5270 bantur.
505 5211 737 5287 Respicit
768 5211 943 5271 aufem
973 5211 1038 5271 ad
1070 5211 1254 5286 punias
1292 5219 1408 5273 illas
1448 5211 1764 5274 Plutarchus
1807 5222 1871 5273 de

266 5303 439 5340 amore
457 5285 626 5341 liber.:
642 5285 869 5353 Ρωμαίων
886 5291 1049 5341 πολλοὶ
1070 5285 1297 5356 ὴιμοῧσι,
1320 5308 1550 5358 raram»,
1571 5294 1654 5344 καὶ
1687 5295 1765 5346 ciu.
1794 5294 1870 5344 ῖνκ

263 5360 578 5431 {inparti/nou;
597 5365 779 5425 ἔχωσιν,
797 5358 904 5431 ἀλλξ
925 5363 1002 5412 ἵνα.
1026 5364 1327 5431 κὶηρνψθμεῖν
1350 5366 1570 5418 cunmm
1590 5379 1603 5416 :
1635 5360 1870 5431 Plerique

269 5429 829 5504 Romanormnnscores
868 5428 1059 5504 ducunt
1099 5428 1394 5504 liberosque
1419 5433 1731 5502 sitsripinnt,
1766 5428 1868 5504 non

268 5509 325 5552 nt
352 5498 582 5574 Igwrgdes
610 5498 846 5574 liqueant,
877 5500 980 5574 sed
1006 5510 1062 5554 ut
1105 5498 1331 5574 (mercde:
1359 5503 1473 5573 ﬁeri
1511 5498 1608 5574 ipsi
1641 5503 1863 5574 possint;

267 5571 414 5625 unde
456 5568 729 5645 iuvenalis
769 5568 1067 5627 adulterum
1112 5568 1470 5645 inducit,’qui
1509 5568 1865 5631 hate-marito

261 5641 517 5713 oggannit
544 5658 557 5695 :

356 5777 403 5851 ε’
441 5814 455 5827 .
489 5843 499 5851 _
524 5812 537 5825 τ
693 5815 705 5827 .
772 5775 987 5851 Pmpter
1006 5790 1089 5828 me
1110 5778 1346 5851 scriberis
1363 5778 1547 5851 haeres.

346 5836 590 5905 Legatum
609 5853 757 5894 omne
780 5836 934 5904 capis,
960 5853 1152 5892 necnon
1177 5848 1230 5891 et
1250 5842 1396 5894 dulce
1412 5841 1669 5893 caducum.

1981 4578 2159 4652 flebat,
2191 4598 2310 4636 nam
2338 4581 2509 4649 legata
2532 4577 2728 4635 ﬁebant
2753 4577 2975 4652 caduca,
3003 4580 3251 4652 ibantquo
3282 4581 3332 4635 in
3367 4582 3581 4652 ﬁscum.

1977 4650 2071 4706 lib.
2104 4668 2177 4715 τι.
2217 4652 2286 4709 de
2326 4653 2470 4721 vulg.
2495 4662 2548 4707 et
2591 4650 3013 4723 pupill.substit.
3059 4650 3284 4721 Propter
3317 4651 3581 4708 Chrisﬁa-

1977 4736 2076 4778 nos
2131 4732 2307 4779 tamen
2352 4730 2459 4780 ἴσων
2504 4727 2760 4788 ἀξιῶν-θαι
2812 4728 3066 4792 παρἿτνίαν
3117 4727 3197 4777 xz}
3233 4729 3465 4779 ἀπαιδίαν
3501 4727 3586 4777 διὰ,

1970 4797 2079 4847 θεόν
2118 4800 2399 4860 ἀσκρῦντσς,
2428 4795 2808 4864 Constantinus
2854 4792 3046 4847 deinde
3080 4793 3360 4849 cmlibatus
3396 4808 3586 4864 pmnas

1975 4865 2206 4920 sustulit.
2234 4866 2427 4920 liuseb.
2453 4865 2520 4920 de
2541 4864 2645 4920 vita
2672 4860 2928 4920 Const.ct
2951 4864 3167 4920 Sozom.
3192 4864 3286 4919 lib.
3316 4865 3353 4917 Ι.
3380 4860 3456 4920 [ε
3484 4865 3580 4920 Pu.

2049 4934 2128 5009 (b)
2160 4935 2395 5009 Infantes
2438 4938 2716 5009 pipinntes.
2749 4936 3258 5009 l‘ipiareMOscorum
3291 4936 3466 5006 lingua
3491 4945 3577 5009 est

1973 5008 2191 5076 vagire:
2225 5005 2292 5062 ab
2330 5024 2395 5063 en
2427 5005 2758 5076 ﬁt’pipilare,
2807 5005 2913 5078 quo
2959 5005 3199 5061 Catullus
3229 5005 3295 5062 de
3347 5005 3579 5078 passeris

1973 5078 2175 5147 gari-itu
2205 5080 2386 5133 utitnr.
2420 5078 2497 5133 LE
2526 5079 2623 5133 Ρη.

2044 5172 2129 5244 CA
2142 5171 2200 5244 P_.
2218 5169 2539 5244 XVII.—-—(c)
2565 5171 2744 5244 Solent
2766 5169 2971 5244 Ethnici
2982 5170 3465 5244 jitdices_destinut'i.
3482 5171 3579 5226 Αι-

1973 5240 2108 5296 ludit
2127 5241 2192 5297 ad
2211 5242 2431 5311 judicia,
2453 5240 2573 5311 quae
2594 5244 2663 5298 de
2687 5241 3004 5297 Chri~tianis
3059 5240 3198 5311 apud
3233 5241 3579 5311 Ethnirorum

1972 5309 2251 5368 tribunalia
2276 5309 2685 5384 peragebantur.
2706 5312 2819 5367 Non
2843 5313 2960 5384 crit_
2967 5309 3186 5384 novum,
3218 5313 3406 5384 inquit,
3425 5309 3583 5368 Chri-

1972 5384 2176 5438 stianos
2228 5380 2341 5438 siiti
2392 5380 2490 5455 pro
2539 5384 2892 5455 tribunalibus
2922 5380 3499 5455 EthnicornmIIJaque
3528 5391 3583 5441 et

1970 5458 2359 5522 monogamiam
2393 5452 2549 5510 suam
2578 5453 2832 5510 evincere
2860 5465 3087 5508 conatur
3113 5454 3272 5508 etiam
3318 5452 3579 5508 Ethnico-

1970 5525 2325 5595 rumjudicin,
2358 5524 2459 5581 hoc
2483 5536 2586 5591 est,
2616 5525 2877 5595 exemplis
2930 5523 3034 5595 illis
3080 5525 3235 5595 toties
3266 5524 3575 5591 inculcatis;

1968 5593 2154 5667 credo,
2183 5596 2322 5667 quod
2348 5598 2445 5652 aevi
2474 5597 2553 5651 sui
2584 5593 2789 5667 partem
2817 5593 3080 5667 Fidelium
3102 5594 3353 5667 majntgm
3387 5595 3580 5667 talibus

1968 5666 2084 5735 capi
2137 5666 2420 5723 sentiebat.
2453 5668 2529 5723 Ea
2579 5664 2710 5722 vero
2751 5679 2876 5721 sunt
2914 5664 3196 5729 Lucretite,
3249 5664 3574 5731 Flaminio-aa,

1968 5735 2282 5807 Vestalium,
2315 5749 2371 5796 et
2408 5739 2460 5795 id
2488 5753 2657 5813 genus
2685 5737 2909 5795 aliorum
2934 5736 3196 5808 exempla.
3231 5735 3347 5792 ltto.

3993 4770 4006 4879 ι
