4006 6280
393 357 501 416 957

1729 355 1937 414 LIBER
1980 357 2068 414 DE
2105 357 2134 415 ,Ι
2141 357 2210 416 E1
2218 357 2414 416 UNIIS.

3589 354 3699 414 958

391 473 636 536 rilicant;
662 486 783 526 cum
809 470 1128 528 ﬁdeslibcra
1154 472 1205 526 in
1230 471 1447 527 Christo
1486 487 1554 528 nc
1602 471 1838 528 Judaicm
1875 473 1990 542 qui-
2021 477 2068 534 Α
2099 483 2314 544 ceperat
2359 472 2528 529 Adam
2559 488 2588 526 a
2623 473 2734 529 Deo
2767 474 2939 560 legem
2977 487 3084 528 non
3113 471 3360 545 gustandi
3396 469 3464 527 de
3502 469 3696 526 arbore

391 565 514 622 dem
553 562 660 635 legi
690 565 1069 622 abstinentiam
1109 565 1459 636 quorumdam
1498 566 1739 621 ciborum
1775 565 1986 632 debeat,

391 657 558 714 semel
584 658 634 712 in
666 666 835 712 totum
864 655 1145 712 macellum
1171 657 1240 711 ab
1263 658 1520 726 Apostolo
1549 657 1807 722 admissa,
1841 658 1989 712 dete-

389 757 591 804 statere
648 761 836 804 eorum
899 748 988 818 qui
1047 748 1187 803 sicut
1253 747 1454 802 nubere
1531 748 1862 816 prohibeant,
1918 749 1988 802 ita

385 843 610 914 jubeant
657 841 790 916 cibis
831 839 1104 895 abstinere
1129 855 1157 894 a
1195 841 1302 897 Deo
1329 841 1586 904 conditis;
1619 849 1668 898 et
1706 841 1847 907 gidco
1893 856 1990 896 nos

389 948 512 990 esse
557 933 668 1004 jam
721 941 846 988 tunc
879 942 1205 1002 praenotatos
1249 932 1303 986 in
1355 933 1639 988 novissimis
1688 933 1991 1003 tenuioribus

390 1017 710 1080 abscedentes
733 1041 765 1078 a
796 1023 919 1092 ﬁde,
950 1025 1268 1079 intentlentes
1297 1023 1560 1093 spiritibus
1605 1024 1782 1078 mundi
1833 1025 1987 1078 sedu-

391 1116 632 1181 ctoribus,
675 1114 920 1170 doctrinis
947 1115 1467 1183 mendaciloquormn,
1499 1117 1721 1170 inustam
1752 1115 1990 1170 habentes

391 1207 746 1264 conscientiam
765 1207 808 1282 (I
818 1207 949 1262 Tim.
972 1206 1094 1275 ΝΛ
1105 1207 1143 1279 ).
1169 1208 1374 1276 Quibus
1389 1223 1486 1264 oro
1510 1218 1559 1264 te
1577 1207 1809 1278 ignibus?
1825 1204 2004 1264 credo

393 1303 588 1373 quibus
619 1301 833 1372 nuptias
861 1316 1004 1372 saepe
1043 1301 1376 1366 deducimus,
1425 1310 1478 1358 et
1520 1316 1704 1358 coenas
1749 1302 1989 1374 quotidie

392 1395 691 1465 coquimus.
717 1393 806 1450 Sic
831 1404 1021 1450 etcum
1047 1393 1246 1450 Galatis
1263 1392 1412 1464 (Gal.
1435 1395 1526 1462 IV,
1549 1393 1636 1467 10)
1662 1409 1760 1450 nos
1779 1409 1990 1466 quoque

393 1490 596 1560 percuti
619 1488 787 1555 aiunt,
818 1489 1158 1544 observatores
1197 1488 1418 1556 dierum,
1449 1498 1495 1543 et
1527 1490 1793 1555 mensium,
1821 1498 1870 1544 et
1896 1506 1991 1543 an-

389 1598 594 1636 norum.
623 1581 936 1638 Jacnlantur
965 1582 1168 1637 interea
1195 1590 1250 1638 et
1286 1581 1502 1636 Esaiam
1559 1584 1940 1652 pronuntiasse
1973 1601 1986 1638 :

392 1669 516 1726 Non
545 1672 644 1726 tale
667 1672 920 1744 jejunium
953 1671 1197 1728 Dominus
1242 1673 1391 1744 elegit
1425 1671 1524 1744 (Is.
1557 1673 1738 1740 LVIII,
1766 1674 1803 1731 4
1822 1685 1869 1729 et
1890 1674 1945 1746 5)
1971 1691 1986 1740 ;

390 1763 441 1818 id
473 1773 575 1832 est,
603 1779 706 1819 non
731 1763 1110 1819 abstinentiam
1143 1764 1266 1829 cibi,
1297 1765 1392 1822 sed
1427 1781 1588 1837 opera
1615 1767 1836 1836 justitia:
1870 1783 1988 1838 qua:

2094 565 2380 636 agnitionis
2407 565 2530 620 boni
2561 575 2611 619 et
2631 565 2777 631 mali,
2799 561 3088 620 meriturus
3111 566 3154 621 si
3175 572 3463 636 gustasset.
3498 563 3696 618 Verum

2094 667 2146 709 ct
2179 658 2292 724 ipse
2313 668 2450 747 .tunc
2491 657 2542 711 in
2572 657 2882 729 psychicum
2909 671 3158 712 reversus
3185 655 3264 729 (9)
3310 665 3430 726 post
3462 655 3694 710 ecstasin

2093 747 2414 815 Spiritalcm,
2469 748 2520 803 in
2572 764 2698 822 qua,
2736 765 2986 821 magnum
3030 747 3160 803 illud
3209 757 3598 804 sacramentum
3643 747 3693 800 in

2091 837 2362 894 Christum
2433 849 2488 896 et
2569 841 2864 898 Ecclesium
2931 841 3374 914 prophetaverat,
3441 855 3541 896 nec
3585 839 3695 909 jam

2093 935 2310 1003 capiens
2359 950 2477 1004 qua:
2529 943 2684 991 erant
2733 937 2991 1007 spiritus,
3049 935 3256 990 facilius
3309 934 3482 990 ventri
3536 924 3696 1004 quam

2093 1023 2202 1078 Deo
2231 1025 2434 1090 cessit,
2483 1027 2676 1095 pabulo
2738 1029 3074 1099 potiusqnam
3137 1036 3406 1099 prmcepto
3467 1027 3692 1093 annuit;

2092 1113 2318 1171 salutem
2382 1117 2505 1186 gula
2581 1119 2838 1175 vendidit.
2907 1119 3251 1176 Manducavit
3307 1119 3586 1192 denique,
3641 1127 3699 1174 et

2093 1206 2293 1277 periit:
2349 1209 2528 1264 salvus
2581 1209 2812 1280 alioquin
2838 1253 2852 1276 ,
2889 1209 2963 1282 (ε)
3011 1211 3054 1266 si
3100 1212 3190 1267 uni
3231 1210 3530 1268 arbuscula:
3567 1207 3698 1280 jeju-

2092 1317 2222 1355 nare
2277 1301 2555 1358 maluisset
2591 1301 2746 1376 (10);
2791 1312 2848 1358 ut
2871 1303 2981 1374 jam
3013 1303 3138 1360 hinc
3173 1304 3421 1360 animalis
3447 1303 3578 1359 lides
3607 1318 3696 1358 se-

2093 1407 2218 1448 men
2257 1407 2411 1447 suum
2454 1403 2826 1465 recognoscat,
2873 1394 3068 1450 exinde
3097 1394 3372 1450 deducens
3398 1394 3696 1450 carnalium

2091 1487 2496 1557 appetitionem,
2528 1497 2584 1542 et
2629 1489 2988 1558 spiritualium
3043 1489 3462 1544 recusationem.
3513 1487 3696 1543 Teneo

2091 1580 2250 1650 igitur
2279 1595 2308 1633 a
2341 1579 2635 1648 primordio
2666 1580 2992 1635 homicidam
3038 1579 3242 1652 gulam,
3295 1579 3580 1636 tormentis
3609 1588 3690 1634 at-

2091 1687 2194 1742 que
2223 1673 2500 1743 suppliciis
2527 1673 2578 1728 in
2623 1673 2710 1729 die
2735 1674 3064 1746 puniendam
3092 1716 3107 1741 ,
3137 1673 3351 1730 etiamsi
3383 1674 3522 1730 Deus
3551 1673 3694 1728 nulla

2087 1761 2288 1832 jejunia
2323 1765 2705 1834 prmccpissct;
2751 1765 3044 1822 ostendens
3065 1775 3247 1822 tamen
3271 1765 3412 1821 unde
3437 1765 3506 1819 sit
3553 1765 3696 1820 orci-

386 1855 652 1922 snbtexit;
673 1866 724 1912 ct
748 1858 919 1928 ipsum
955 1857 1235 1914 Dominum
1267 1859 1320 1914 in
1353 1859 1644 1931 Evangelio
1670 1859 1736 1916 ad
1763 1876 1977 1918 omnem
2010 1898 2059 1958 B
2091 1871 2184 1911 sus
2215 1855 2409 1924 Adam,
2442 1857 2572 1912 mihi
2607 1859 2896 1930 reliquerat
2946 1857 3286 1930 intelligenda
3339 1855 3574 1912 remedia
3606 1855 3693 1910 of-

385 1947 524 2002 circa
556 1947 752 2003 victum
785 1948 864 2021 (1)
887 1949 1352 2018 scrupulositatetn
1383 1951 1704 2021 compendio
1757 1967 1978 2022 reSpon-

383 2025 548 2105 disse,
580 2054 684 2093 non
717 2039 799 2094 his
837 2039 1200 2096 communicari
1243 2040 1322 2114 (ἓ)
1373 2042 1624 2098 hominem
1651 2085 1664 2106 ,
1691 2059 1804 2115 quae
1832 2045 1883 2098 in
1931 2061 1988 2100 os

379 2131 685 2204 inferantur.
718 2131 808 2187 sed
835 2148 948 2204 qua:
972 2148 1035 2188 ea:
1055 2149 1140 2188 ore
1162 2137 1492 2205 proferantur
1514 2133 1702 2206 (Marc.
1724 2133 1834 2202 VII,
1865 2133 1984 2209 15),

379 2238 501 2280 cum
526 2233 582 2282 et
607 2225 722 2295 ipse
748 2225 1098 2282 manducaret
1119 2235 1174 2282 et
1193 2226 1401 2282 biberet
1435 2243 1606 2300 usque
1651 2229 1704 2283 in
1751 2229 1982 2284 nounio-

379 2331 537 2372 nem:
569 2316 700 2372 Ecce
725 2318 875 2374 homo
896 2328 1154 2375 ooratoret
1182 2327 1380 2389 potator
1405 2319 1618 2390 (Matth.
1641 2319 1734 2386 XI,
1769 2319 1879 2393 I9),
1907 2321 1984 2377 sic

375 2423 430 2468 et
462 2411 772 2482 Apostolum
797 2413 1014 2481 docere,
1037 2413 1180 2484 quod
1209 2429 1324 2468 esca
1345 2430 1438 2468 nos
1458 2413 1566 2468 Deo
1596 2431 1698 2470 non
1725 2431 1982 2469 earumea-

374 2499 480 2572 clet,
499 2519 658 2574 neque
674 2504 992 2560 abundantes
1011 2507 1055 2560 si
1083 2506 1312 2569 eda-mus,
1328 2521 1485 2576 neque
1513 2505 1802 2576 deﬁcientes
1821 2507 1863 2560 si
1882 2523 1981 2560 non

371 2595 584 2653 edamus
615 2595 670 2668 (Ι
689 2593 808 2652 Cor.
834 2597 973 2662 VIII,
998 2596 1076 2671 8).
1109 2597 1205 2652 His
1229 2606 1284 2654 et.
1321 2597 1622 2668 hnjnsmodi
1648 2597 1894 2654 sensibus
1916 2613 1980 2654 eo

369 2687 480 2758 jam
508 2687 775 2744 subtiliter
799 2689 1048 2756 tendunt,
1081 2699 1138 2745 ut
1164 2690 1532 2761 unusquisque
1559 2691 1780 2761 pronior
1809 2693 1978 2746 ventri

373 2781 542 2852 possit
578 2797 928 2852 supervacua,
964 2799 1062 2839 nec
1113 2783 1250 2840 adeo
1298 2785 1621 2853 necessaria,
1672 2786 1980 2842 existimare

373 2870 666 2944 (a)snblati
693 2873 881 2944 ('5)ch
920 2873 1162 2929 diminuti
1196 2875 1276 2948 (4)
1300 2875 1380 2930 vel
1409 2873 1670 2932 demorati
1710 2877 1812 2930 cibi
1857 2876 1977 2932 ol‘li-

369 2965 451 3020 cia
477 2965 572 3037 (b),
591 2977 934 3038 praeponcnte
961 2967 1258 3042 (5)scilicet
1285 2971 1394 3026 Deo
1411 2969 1490 3044 (6)
1509 2971 1728 3041 justitim
1750 2981 1805 3028 et
1827 2974 1978 3030 inno-

368 3059 560 3114 centia:
575 3075 755 3131 opera.
783 3061 854 3134 (ε)
887 3061 1170 3118 Etscimus
1192 3063 1372 3132 quales
1389 3065 1496 3119 sint
1514 3067 1802 3120 carnalium
1827 3081 2002 3122 c0tn-‘

376 3149 656 3207 modorum
688 3153 978 3217 suasoriae;
999 3171 1160 3226 quum
1185 3155 1262 3225 (7)
1291 3154 1444 3210 facile
1467 3155 1676 3212 dicatur
1695 3177 1707 3211 :
1723 3156 1868 3230 Opus
1893 3169 1976 3216 est

375 3229 443 3298 de
465 3245 586 3298 totis
607 3246 916 3314 praecordiis
942 3246 1180 3311 credam,
1205 3247 1416 3320 diligam
1432 3247 1592 3302 Deum
1615 3259 1660 3303 et
1682 3229 1970 3321 proieimum

2087 1944 2274 2014 fensze,
2309 1947 2400 2018 qui
2426 1947 2685 2004 oITensam
2709 1949 3146 2006 demonstraret:
3179 1949 3320 2004 ultro
3362 1947 3542 2004 cibum
3573 1949 3690 2019 qui-

2092 2040 2191 2095 bus
2237 2041 2432 2106 modis,
2486 2042 2786 2114 quibusque
2836 2043 3172 2114 temporibus
3227 2043 3542 2114 potuissem,
3595 2055 3693 2112 pro

2089 2149 2300 2191 veneno
2333 2135 2669 2206 deputarctu,
2699 2145 2754 2192 et
2798 2135 3099 2192 antidotum
3143 2135 3340 2190 famem
3397 2147 3690 2200 sumerem,

2089 2243 2188 2299 per
2209 2244 2364 2298 quam
2389 2242 2674 2300 purgarem
2705 2230 2896 2284 mortis
2921 2243 2950 2282 a
2984 2227 3280 2298 primordio
3305 2241 3552 2282 caussam
3575 2225 3622 2297 (l
3640 2226 3690 2297 1)

2088 2321 2141 2378 in
2173 2337 2256 2376 me
2286 2336 2500 2392 quoque
2523 2335 2646 2377 cum
2679 2322 2799 2394 ipso
2839 2336 3041 2393 genere
3078 2319 3466 2386 transductam,
3504 2327 3692 2379 .certus

2087 2412 2189 2469 hoc
2214 2413 2382 2469 Deum
2423 2413 2584 2481 velle,
2633 2415 2788 2484 Cujus
2830 2413 3163 2469 contrarium
3217 2411 3406 2480 noluit,
3452 2410 3691 2482 satisque

2086 2505 2363 2562 conlidens
2396 2505 2713 2576 placituram
2747 2505 2827 2560 illi
2857 2505 3207 2560 continentia:
3258 2517 3463 2570 curam,
3498 2517 3528 2556 a
3581 2517 3690 2572 quo

2085 2599 2388 2654 damnatam
2468 2599 2853 2669 comperissem
2957 2598 3362 2654 incontinentiae
3453 2596 3687 2668 culpam.

2085 2693 2276 2757 Porro,
2309 2708 2430 2748 cum
2485 2703 2540 2749 et
2586 2693 2701 2765 ipse
2745 2692 3008 2764 jejunium
3057 2691 3294 2755 mandet,
3351 2700 3406 2747 et
3454 2690 3687 2747 animam

2083 2792 2494 2856 conquassatam
2548 2784 2762 2854 proprie
2794 2783 2976 2854 utique
3027 2781 3132 2837 cibi
3174 2779 3436 2852 angustiis
3473 2779 3686 2836 sacriﬁ-

2081 2877 2222 2933 cium
2253 2877 2486 2946 appellet
2509 2874 2628 2947 (Ps.
2653 2875 2712 2940 L,
2741 2872 2851 2946 18),
2883 2875 3002 2944 quis
3027 2873 3136 2943 jam
3160 2871 3423 2928 dubitabit
3447 2871 3686 2926 omnium

2081 2983 2206 3039 erga
2231 2969 2424 3024 victum
2457 2967 2569 3038 (12)
2603 2968 3020 3023 macerationutn
3047 2967 3184 3022 hanc
3213 2964 3380 3020 fuisse
3395 2965 3684 3029 rationem,

2079 3077 2182 3132 qua
2210 3075 2396 3116 rursus
2421 3059 2706 3115 interdicto
2721 3059 2863 3124 cibo,
2883 3067 2938 3114 et
2959 3059 3246 3114 observato
3264 3066 3550 3129 praecepto,
3579 3058 3686 3127 pri-

2079 3151 2339 3209 mordiale
2343 3153 2454 3223 jam
2471 3151 2723 3206 delictum
2741 3151 3068 3220 expiaretur,
3085 3159 3143 3204 ut
3157 3148 3318 3204 homo
3330 3164 3426 3220 per
3435 3148 3680 3205 eamdem

2077 3247 2355 3304 materiam
2375 3261 2579 3302 caussae
2611 3246 2742 3302 satis
2782 3245 2894 3301 Deo
2926 3243 3104 3310 iaciat,
3135 3259 3408 3314 perquam
3439 3241 3683 3297 oll‘ende-

375 3335 506 3390 mihi
561 3335 676 3410 (8);
731 3339 784 3393 in
840 3339 918 3393 his
961 3340 1092 3394 enim
1139 3339 1334 3394 duobus
1391 3341 1654 3410 praeceptis
1707 3351 1814 3396 tota
1867 3342 1977 3398 Lex
2003 3343 2047 3406 C
2082 3355 2185 3409 rat,
2217 3343 2271 3399 id
2292 3353 2396 3410 est,
2427 3358 2521 3413 per
2541 3341 2644 3397 cibi
2675 3338 3422 3410 interdictionem;atqucita
3455 3337 3682 3392 salutent

375 3428 558 3499 pendet
603 3440 650 3484 et
703 3431 982 3502 prapheue,
1043 3446 1151 3486 non
1183 3432 1236 3487 in
1265 3429 1573 3504 pulmonum
1604 3443 1658 3488 et
1693 3433 1974 3490 intestino-

368 3535 488 3577 rum
532 3537 772 3580 meorum
803 3525 1082 3582 inanitate.

973 3615 1203 3674 CAPUT
1234 3615 1326 3672 III.

437 3704 619 3777 Itaque
663 3723 763 3764 nos
815 3707 918 3766 hoc
966 3709 1114 3780 prius
1152 3709 1427 3768 affirmare
1486 3711 1746 3768 debemus
1775 3755 1790 3778 ,
1831 3713 1973 3786 quod

340 3792 570 3854 ‘occulte
639 3801 822 3857 subrui
872 3804 1241 3872 periclitatur,
1309 3812 1562 3875 quantum
1619 3805 2000 3882 valeatapud,

359 3891 528 3949 Deum
576 3895 806 3952 Inanitas
855 3895 996 3960 ista,
1052 3904 1106 3952 et
1142 3905 1268 3953 ante
1293 3897 1469 3952 omnia
1505 3896 1646 3952 unde
1681 3897 1815 3953 ratio
1857 3899 1969 3968 ipsa

359 3989 682 4056 processerit
721 3989 822 4044 hoc
861 3989 1021 4046 modo
1067 3991 1406 4060 promerendi
1453 3993 1619 4048 Deum
1655 4010 1669 4058 ;
1703 3992 1784 4067 (ά)
1846 4004 1970 4050 tunc

357 4078 503 4133 enim
535 4089 856 4151 agnoscetur
899 4083 1612 4154 observationisnecessitas,
1633 4101 1752 4141 cum
1779 4087 1972 4143 eluxe-

358 4171 430 4230 rit
456 4171 682 4229 rationis
723 4175 1012 4230 auctoritas
1037 4191 1066 4232 a
1094 4176 1395 4246 primordio
1440 4178 1806 4236 recensendm.
1861 4179 1963 4234 Ac-

2081 3428 2278 3492 aannlo
2300 3435 2460 3491 modo
2488 3432 2914 3492 redaccendcret
2935 3430 3136 3496 inedia,
3170 3429 3309 3486 sicut
3351 3429 3684 3485 exstinxerat

2079 3528 2287 3600 sagina,
2323 3543 2418 3600 pro
2446 3527 2603 3582 unico
2635 3527 2822 3582 illicito
2845 3526 2994 3595 plura
3029 3525 3171 3580 licita
3201 3532 3580 3580 contemnens.

2683 3616 2914 3674 CAPUT
2977 3614 3069 3671 1v.
3544 3679 3548 3688 ι

2151 3712 2277 3768 Haec
2298 3711 2436 3766 ratio
2461 3709 2776 3766 servabatur
2801 3708 2941 3782 apud
2963 3706 3366 3782 Providentiam
3413 3705 3529 3783 Qei,
3580 3719 3682 3778 pro

2078 3803 2408 3874 temporibus
2425 3803 2606 3859 omnia
2627 3803 2954 3858 modulantia
2975 3801 3118 3874 (13),
3143 3816 3210 3858 ne
3237 3801 3356 3876 quis
3371 3815 3438 3855 cx
3463 3798 3681 3854 diverso

2071 3901 2138 3956 ad
2174 3899 2526 3970 dejiciendam
2577 3878 2997 3968 propositionem
3045 3906 3285 3952 nostram
3315 3935 3330 3960 ,
3375 3891 3483 3956 Cur
3526 3908 3677 3965 ergo,

2073 3992 2235 4058 dicat,
2260 4007 2364 4046 non
2393 3991 2575 4044 statim
2611 3989 2751 4044 Deus
2777 3989 3009 4060 aliquam
3043 3990 3216 4043 victus
3267 3986 3548 4042 'constituit
3588 4002 3682 4042 ca-

2071 4085 2432 4156 stigationem,
2465 4083 2707 4153 quinimo
2757 4093 2813 4138 et
2858 4083 3007 4137 auxit
3051 4080 3514 4153 permissionem?
3544 4081 3677 4138 Nam

2073 4177 2130 4230 in
2156 4174 2686 4246 prirnordioquidem
2741 4173 3022 4230 herbidum
3055 4173 3394 4232 solummodo
3435 4181 3492 4230 et
3519 4173 3680 4231 arbo-

1574 4290 1956 4348 LECTIONES
1994 4289 2084 4347 VA
2096 4287 2410 4344 RIANTES.

439 4463 470 4510 2

437 4525 468 4573 3

511 4399 680 4452 Victus
701 4397 858 4453 Seml.

517 4462 829 4527 qunquinari
852 4459 1004 4527 senti.
1023 4461 1164 4527 Leop.

517 4522 666 4574 Dilati
689 4523 849 4576 Seml.
869 4523 1022 4576 delati
1047 4522 1171 4577 Jun.

415 4585 492 4648 (1)
515 4585 758 4648 Diminuti
783 4589 904 4638 Jun.

413 4647 487 4711 (ὃ)
513 4647 866 4711 Βηυιιοιιειιιθε
886 4657 1000 4700 Jun.

412 4709 489 4835 ta
509 4709 936 4832 assae

437 4772 489 4832 7)
509 4772 661 4832 Quam
680 4773 832 4824 Seml.

471 4398 492 4706 ἓ

2134 4397 2208 4464 (8)
2225 4398 2491 4464 Ianquam
2508 4411 2589 4448 me
2613 4393 2758 4449 sentl.

2133 4461 2440 4522 (9)15vcrsus
2455 4462 2575 4510 Jun.

2136 4521 2242 4588 (l0)
2267 4523 2522 4588 [ualuisset
2545 4521 2696 4588 S_eml.

2131 4583 2235 4650 (lii
2261 4585 2432 4650 Celsum
2453 4584 2602 4650 εεηιι.

1984 4658 2038 4718 D
2130 4645 2236 4774 ξω)
2261 4647 2432 4698 Victus
2451 4646 2592 4698 seml.
2620 4645 2740 4710 forte
2758 4657 2880 4708 ergo
2899 4646 3020 4694 Jun.

2158 4711 2234 4773 15)
2264 4711 2555 4761 Moderautis
2579 4705 2733 4760 Sentl.

2158 4705 2234 4773 15)
2264 4711 2555 4761 tttoderautis
2579 4705 2733 4760 Sentl.

1719 4877 2284 4958 COMMENTARIUS.

427 4988 503 5060 (a)
526 4988 731 5046 Sublati
749 4990 830 5062 uel
850 4991 1234 5048 diminuti.Cibi
1259 4989 1685 5062 sublatijejunio,
1706 4991 1952 5046 diminuti

344 5063 698 5134 xerophagia,
729 5061 989 5118 demorati
1020 5073 1236 5133 propter
1255 5061 1659 5133 statiOnesqnm
1701 5065 1950 5134 quoniam

347 5131 834 5203 protendehautur.
875 5131 1030 5188 cibos
1065 5131 1261 5188 morari
1310 5131 1822 5196 consueverantILr:
1855 5135 1948 5188 l’n.

417 5200 496 5276 (h)
515 5201 770 5276 Demarati
788 5203 886 5260 cibi
907 5206 1100 5276 ofﬁcia.
1119 5205 1408 5276 Demarati,
1435 5204 1536 5258 hoc
1553 5214 1656 5268 est,
1675 5205 1844 5258 dilati.
1861 5206 1950 5260 Sic

346 5271 488 5346 intra
516 5273 680 5330 hocce
707 5271 1001 5346 opusculo:
1038 5275 1218 5332 Stella:
1237 5271 1598 5329 auctoritatem
1637 5276 1949 5330 demorantis

345 5344 630 5402 suspirant.
663 5344 780 5402 me.
1723 5393 1732 5402 .

443 5413 494 5485 c)
530 5412 596 5488 Et
634 5416 820 5488 scimus
857 5419 1032 5488 quales
1076 5417 1178 5472 sint
1229 5415 1512 5488 carnalium
1565 5415 1945 5488 commodorum

344 5486 612 5560 suasoria.
635 5486 877 5560 scimus.
904 5490 1095 5560 inquit,
1140 5488 1326 5560 quales
1351 5487 1562 5560 soleant
1595 5501 1624 5538 a
1673 5487 1943 5560 Psychicis

343 5556 544 5610 nostris
580 5555 994 5614 declamationes
1041 5555 1259 5614 tractari
1295 5557 1591 5612 commodis
1637 5555 1942 5612 carimlihus

343 5624 656 5682 suadendis.
702 5629 857 5698 Apud
901 5630 1175 5686 Rhetores
1217 5629 1322 5684 duo
1369 5641 1566 5699 genera
1593 5628 1936 5682 materiarum

345 5705 668 5764 tractantur,
701 5698 970 5756 Suasorian
989 5701 1043 5756 et'
1070 5698 1486 5756 ControverSiaz.
1518 5699 1806 5765 Suasorim,
1833 5709 1939 5754 tan-

341 5784 504 5896 guam
529 5769 780 5838 leviores,
803 5780 859 5825 et
887 5773 1061 5826 minus
1091 5771 1388 5840 prudentiae
1408 5771 1682 5841 exigentes
1703 5810 1716 5832 ,
1759 5775 1938 5838 pueris

381 5839 688 5896 elecantur.
715 5843 866 5896 quasi
909 5841 1208 5896 rudimenta
1237 5839 1470 5896 dicendi.
1517 5841 1931 5896 Controversire.

381 5839 688 5912 eleganter,
715 5843 866 5912 quasi
909 5839 1208 5898 rudimenta
1237 5839 1470 5912 dicendi.
1501 5839 1931 5912 ‘Controversire,

345 5924 439 5968 seu
459 5909 764 5980 Iudiciales,
797 5912 1188 5971 robustioribus
1212 5911 1570 5985 assignantur.
1607 5909 1726 5966 Rm.

2131 4993 2171 5047 C
2183 4994 2215 5041 Α
2227 4993 2286 5047 1).
2312 4991 2554 5065 ΙΙΙ.’τ-έ(‹1)
2575 4991 2718 5046 Tunc
2733 4993 2864 5046 enim
2887 4990 3565 5065 agnoscetur_obseruationis
3581 5011 3671 5048 ne-

2057 5065 2401 5124 eessitas,eum
2417 5061 2630 5117 eluxerit
2645 5065 2854 5118 rationis
2875 5061 3165 5116 auctoritas.
3188 5063 3324 5132 Ipse,
3342 5061 3470 5116 libro
3491 5063 3555 5118 de
3577 5065 3663 5117 (Ja-

2057 5151 2206 5200 rona,
2231 5133 2631 5204 consuetudinis
2651 5135 2766 5188 sive
2791 5134 3182 5204 observationis
3200 5133 3488 5202 probanda}
3509 5149 3667 5204 regu-

2055 5205 2158 5260 lam
2187 5205 2528 5275 praescripsit.
2553 5203 2704 5260 Tunc
2732 5206 2979 5260 videlicet
2998 5203 3276 5275 colendam
3297 5203 3665 5275 esseconsue-

2055 5273 2318 5341 tudinem,
2349 5291 2471 5330 cum
2515 5276 2704 5329 rationi
2739 5285 3098 5330 consentanea
3129 5273 3580 5342 deprehenditur;
3611 5286 3663 5332 et

2053 5349 2312 5417 majorem
2359 5345 2498 5417 eftici
2553 5347 2812 5401 ratioaem
2862 5347 3274 5417 christianarum
3319 5345 3654 5400 observatio-

2055 5415 2202 5483 unm,
2257 5433 2374 5471 cum
2428 5415 2544 5471 illas
2598 5419 2757 5471 etiam
2805 5427 2989 5470 natura
3017 5415 3272 5480 defendit,
3320 5431 3440 5485 qua:
3486 5419 3656 5484 prima

2048 5491 2289 5544 omnium
2320 5488 2597 5556 disciplina
2629 5497 2728 5541 est.
2768 5486 2865 5542 Hic
2897 5502 3024 5542 vero
3075 5495 3280 5540 tantum
3315 5487 3534 5542 rationis
3563 5501 3656 5542 an-

2047 5563 2348 5615 ctoritatem
2379 5559 2621 5613 advocat.
2655 5558 2778 5613 Rm.

2117 5633 2196 5701 (e)
2230 5632 2290 5686 Si
2321 5629 2408 5682 uni
2435 5629 2721 5684 arbuscqu
2737 5629 2979 5701 jejunare
3003 5626 3278 5701 maluisset.
3311 5626 3480 5701 Quale
3504 5627 3650 5701 jeju-

2045 5697 2688 5772 nium?quandoquidem
2743 5697 2951 5772 Adamo
3011 5699 3258 5772 lleus‘ex
3304 5697 3449 5772 omni
3502 5697 3648 5767 ligno

2042 5767 2330 5828 comedere
2353 5767 2666 5836 ittdul’serat,
2695 5770 2847 5823 unica
2868 5776 3071 5826 tantum
3089 5767 3374 5822 arbuscula
3393 5779 3638 5835 excepta.

2042 5843 2188 5899 Sane
2213 5844 2475 5899 Adamutn
2519 5841 2772 5912 perdidit,
2801 5853 2908 5895 non
2952 5837 3278 5911 gula,§§sed,
3301 5845 3640 5909 praematura:

2039 5914 2332 5972 divinitatis
2351 5911 2566 5985 cupido.
2595 5911 2746 5985 Ihm]
