4006 6280
289 350 403 410 959

1683 346 2145 407 TERTULLIANI

3498 354 3605 413 960

293 485 444 524 reum
505 466 707 525 homini
758 467 1013 540 pabulum
1056 467 1336 530 addixerat
1375 484 1388 524 :
1425 468 1558 525 Ecce
1590 469 1708 524 dedi
1757 469 1898 523 vobis
1927 470 1978 528 Α
2003 477 2087 524 cte
2115 479 2168 525 et
2190 469 2350 527 melle
2372 470 2607 528 mananti
2633 471 2967 539 destinatus;
2996 472 3177 529 statim
3204 481 3385 531 autem
3410 474 3608 531 solitu-

293 580 442 619 Omtte
461 565 654 635 [mnum
681 562 1009 618 sementivnm
1033 565 1291 618 seminans
1311 579 1478 619 semen
1502 569 1640 636 quod
1657 573 1726 618 est
1741 580 1896 635 super

292 667 512 722 terram;
537 666 586 711 el
637 672 786 712 omne
814 657 1011 729 lignum
1039 659 1176 729 quod
1208 658 1355 713 liabet
1395 660 1447 712 in
1497 660 1762 729 semetipso
1785 662 1896 728 fru—

292 758 429 803 ctum
445 750 654 805 seminis
675 750 933 805 sementivi
954 750 1089 805 vobis
1109 752 1203 805 erit
1224 752 1277 805 in
1301 768 1467 806 escam
1485 751 1636 825 (Gen.
1661 751 1753 818 IX,
1773 752 1892 825 29).

293 841 486 897 Postea
512 855 641 897 vero
666 840 734 896 ad
771 840 884 897 Noe
930 850 1244 897 enumerata
1287 842 1893 914 subjectioneomnium

292 933 593 989 bestiarum
620 942 874 1002 ωτι-τίκα
896 934 1190 992 volatilium
1214 935 1358 1002 coeli,
1390 945 1446 992 et
1482 938 1811 992 moventium
1843 937 1894 992 in

296 1034 539 1097 terra,_et
563 1025 782 1097 piscium
802 1027 985 1093 maris,
1016 1036 1070 1082 et
1094 1027 1270 1082 omnis
1300 1027 1526 1083 viventis
1551 1027 1670 1099 (l);
1704 1029 1893 1097 Erunt,

297 1117 509 1189 inquit,
541 1118 678 1173 vobis
703 1118 758 1173 in
786 1134 973 1188 eseam,
1002 1119 1138 1174 velut
1166 1121 1309 1174 olera
1331 1122 1453 1193 [certi
1480 1121 1595 1176 dedi
1612 1122 1748 1176 vobis
1778 1125 1896 1176 uni-

296 1226 486 1278 uersa;
538 1227 712 1267 verum
767 1229 972 1268 carnem
1022 1215 1074 1268 in
1128 1215 1376 1286 sanguine
1415 1216 1603 1270 animos
1642 1232 1749 1271 sure
1795 1233 1897 1271 non
1944 1202 1949 1207 ’

296 1306 474 1373 editis;
504 1302 659 1378 (Gen.
692 1305 783 1370 IX.
818 1305 876 1376 2)
910 1321 1030 1363 nam
1061 1308 1241 1364 ethoc
1271 1309 1389 1380 ipso
1418 1310 1559 1380 quod
1586 1325 1705 1367 eam
1723 1310 1896 1366 solam

295 1411 513 1454 carnem
528 1398 642 1455 esui
657 1398 737 1472 (2)
752 1399 961 1466 eximit,
981 1400 1133 1471 cujus
1149 1401 1325 1456 anima
1347 1416 1452 1457 non
1470 1417 1568 1471 per
1579 1403 1895 1472 sanguinem

295 1488 607 1556 edunditur,
637 1491 813 1546 omnis
830 1491 1049 1562 reliquae
1075 1492 1256 1548 carnis
1284 1506 1439 1548 usum
1462 1491 1542 1565 (3)
1567 1496 1900 1551 concessisse

298 1581 640 1637 manifestum
678 1591 780 1638 est.
812 1582 893 1638 Ad
924 1583 1038 1639 haec
1080 1583 1491 1655 respondemus,
1535 1600 1641 1640 non
1684 1598 1902 1655 compe-

298 1676 429 1732 tisse
455 1676 667 1732 onerari
698 1674 971 1733 hominem
1001 1677 1176 1748 aliqua
1201 1677 1377 1734 adhuc
1402 1679 1739 1735 abstinentia:
1759 1678 1898 1749 lege,

299 1767 388 1837 qui
435 1782 557 1823 cum
608 1769 842 1824 maxime
882 1778 988 1824 tam
1021 1770 1192 1825 levem
1236 1770 1691 1839 interdictionem,
1743 1771 1901 1828 unius

1998 560 2140 617 diuis
2167 563 2400 632 cepiosa:
2429 563 2826 635 circumspectu
2854 566 3266 633 scandalizatus,
3307 563 3608 624 saturita‘tis

1999 655 2266 729 Egyptia:
2307 656 2632 714 detrimenta
2680 656 2798 733 (l0)
2851 659 3150 730 suspirans,
3181 660 3231 715 in
3281 659 3499 732 Moysen
3552 671 3612 717 et

1998 749 2177 803 Aaron
2210 750 2547 805 mussitavit:
2582 749 2793 805 Utinam
2840 752 3141 809 abiissemus
3170 754 3401 823 percussi
3424 771 3458 811 α
3501 753 3610 808 Do-

1999 840 2137 893 mino
2189 840 2243 893 in
2283 849 2419 895 terra
2448 839 2695 912 Egypti,
2721 845 2928 914 quando
2979 830 3133 915 super
3186 845 3319 900 ollas
3368 846 3647 900 carnium-

1998 932 2316 999 sedebamus,
2364 943 2412 988 et
2460 949 2620 1004 panes
2682 936 2736 990 in
2782 935 3153 1006 plenitudinem
3169 937 3611 1011 'catnedebamus!

2004 1023 2271 1090 Quomodo
2299 1022 2414 1097 (11)
2440 1025 2658 1082 eduxisti
2676 1042 2767 1081 nos
2785 1027 2842 1081 in
2870 1026 2977 1081 licet:
2999 1026 3198 1084 deserta
3215 1028 3285 1082 ad
3305 1028 3615 1099 interficien-

2001 1117 2118 1171 dum
2148 1134 2458 1191 synagogam
2478 1120 2628 1173 istaut
2653 1119 2827 1190 fame?
2848 1117 2977 1192 (Ex.
3005 1120 3144 1186 XVI,
3171 1119 3229 1194 2)
3263 1120 3459 1177 Eadem
3481 1138 3614 1177 ven-

2003 1211 2099 1265 tris
2116 1210 2425 1281 prmlatione
2441 1209 2724 1280 deploratu
2733 1225 2823 1266 rus
2840 1220 2957 1266 erat
2974 1210 3195 1267 eosdem
3221 1210 3388 1269 duces
3414 1227 3542 1270 suos
3556 1224 3613 1271 et

2003 1301 2498 1374 Deiarbitros,quos
2509 1300 3327 1379 desideriocarnisetrecordatu
3339 1300 3612 1375 Egyptia’

2001 1408 2119 1449 rum
2146 1392 2417 1462 copiarum
2449 1392 2839 1449 exacerbabat:
2870 1393 2998 1461 Quis
3011 1394 3231 1467 nos(l2)
3265 1395 3612 1469 t-esceret(ll’i)

2002 1485 2197 1541 carne?
2225 1483 2479 1540 Venerunt
2496 1486 2550 1540 in
2576 1497 2790 1540 mentem
2821 1485 2965 1541 nobis
2990 1487 3151 1556 pisces
3165 1486 3613 1560 quosinf/Egypto

2003 1578 2273 1634 edebantus
2293 1580 2475 1651 gratis,
2504 1587 2552 1633 et
2586 1594 2893 1645 cucumeres,
2930 1588 2977 1633 et
3002 1595 3244 1651 pepones,
3278 1590 3325 1633 et
3352 1580 3513 1649 porri,
3563 1590 3613 1635 et

2003 1689 2143 1743 cepe,
2172 1681 2217 1727 et
2251 1672 2375 1726 alia.
2397 1672 2616 1731 Atnunc
2635 1673 2808 1725 anima
2838 1680 3012 1726 nostra
3029 1671 3196 1737 arida,
3222 1671 3351 1725 nihil
3367 1672 3467 1726 nisi
3497 1672 3616 1745 (14)

2005 1782 2192 1821 manna
2208 1766 2373 1820 vident
2393 1763 2529 1820 oculi
2542 1765 2719 1821 nostri.
2745 1762 2931 1838 (Nunt.
2951 1762 3048 1830 XI,
3065 1761 3121 1835 4)
3142 1763 3214 1818 Ita
3241 1772 3295 1819 et
3314 1764 3417 1819 illis
3437 1763 3511 1838 (ε)
3526 1779 3615 1820 xe-

299 1860 510 1916 scilicet
539 1862 705 1931 pomi,
735 1861 973 1918 tolerare
1021 1877 1132 1917 non
1159 1863 1369 1934 potuit;
1415 1865 1700 1921 remissum
1723 1865 1903 1936 itaque
1930 1860 1979 1920 B
2006 1861 2277 1933 rephagia:
2333 1875 2500 1931 panes
2551 1857 2670 1929 (15)
2698 1858 2923 1929 angelici
2960 1857 3313 1929 diSplicebant
3358 1874 3372 1910 :
3408 1858 3613 1931 alim

302 1951 729 2011 illumlihertate
775 1955 890 2022 ipsa
916 1954 1400 2012 corroborandum.
1449 1956 1626 2028 Eque
1662 1957 1745 2031 (4)
1784 1968 1906 2028 post

303 2043 561 2100 diluvium
592 2046 646 2101 in
693 2045 1079 2104 reformatione
1107 2049 1319 2119 generis
1349 2049 1589 2114 lmmaui,
1627 2050 1905 2107 suffecisse

291 2150 463 2199 _unatn
517 2136 730 2192 interim
789 2137 961 2209 legem
1005 2154 1036 2193 a
1088 2140 1350 2210 sanguine
1393 2139 1723 2208 abstinendi,
1775 2156 1904 2211 pcr-

305 2227 472 2282 misso
495 2225 578 2301 (5)
610 2242 708 2283 usu
732 2227 814 2300 (6)
846 2239 1185 2286 creterorum.
1213 2230 1329 2285 Jam
1360 2232 1501 2287 enim
1514 2231 1777 2303 judicium
1800 2232 1909 2287 Ilo-

307 2320 484 2375 minus
510 2322 822 2379 ostenderat
848 2338 944 2394 per
985 2324 1273 2391 diluvium;
1297 2325 1471 2381 adhuc
1498 2328 1661 2383 etiam
1684 2328 1908 2383 commi-

309 2421 468 2468 natus
516 2413 693 2469 fuerat
736 2430 830 2483 per
884 2417 1296 2485 exquisitioncm
1328 2420 1603 2488 sanguinis
1631 2419 1700 2476 de
1746 2437 1908 2477 manu

307 2502 512 2570 fratris,
534 2514 587 2560 et
609 2505 679 2561 de
704 2520 865 2561 manu
898 2507 1103 2563 bestico.
1125 2506 1278 2576 (Gen.
1299 2507 1393 2575 IX,
1421 2510 1477 2581 5)
1500 2510 1686 2566 Omnis
1707 2513 1788 2585 (7)
1814 2512 1912 2567 ita-

309 2595 884 2668 quejustitiamjudicii
905 2600 1912 2668 praeministi-ans,materiamlibertatis

309 2691 511 2757 emisit,
532 2706 629 2764 per
648 2692 857 2748 veniam
871 2707 1167 2765 supparans
1193 2694 1563 2766 disciplinam;
1595 2699 1913 2767 permittens

309 2783 510 2847 omnia,
536 2792 591 2837 ιιι
607 2780 1096 2853 dcmeretquidam;
1119 2785 1235 2855 plus
1251 2794 1557 2851 exacturus,
1574 2788 1618 2842 si
1639 2788 1755 2858 plus
1772 2804 1915 2845 com-

309 2873 565 2938 misi-set;
584 2872 963 2930 abstinentiam
992 2875 1370 2947 imperaturus,
1391 2891 1513 2932 cum
1529 2877 1912 2951 indulgentiam

312 2964 659 3036 prmniisisset
689 2964 773 3038 (8)
798 2983 812 3032 ;
841 2981 950 3038 quo
976 2968 1171 3039 magis,
1205 2979 1262 3023 nt
1285 2967 1541 3035 diximus,
1575 2972 1917 3040 primordiale

310 3056 567 3112 delictum
597 3057 906 3128 expiaretur
940 3060 1160 3130 majoris
1190 3060 1532 3118 abstinentiae
1564 3065 1879 3135 operatione
1898 3108 1913 3135 ,

314 3152 367 3209 in
401 3151 621 3223 majoris
646 3138 877 3208 licentia:
892 3152 1206 3210 occasione.

952 3244 1182 3303 CAPUT
1214 3245 1277 3303 V.

388 3335 649 3407 Denique,
682 3335 773 3392 ubi
800 3336 911 3408 jam
943 3346 999 3393 et
1040 3337 1320 3396 familiaris
1351 3325 1580 3411 populus
1609 3341 1763 3414 allegi
1804 3342 1914 3399 Deo

314 3430 500 3500 cmpit,
533 3437 587 3486 et
612 3430 881 3488 restitutio
914 3431 1147 3487 hominis
1178 3432 1345 3489 imbui
1374 3435 1576 3505 potuit,
1611 3446 1738 3492 tunc
1774 3437 1917 3510 leges

316 3519 720 3592 disciplinaque
761 3537 950 3580 omnes
1001 3525 1266 3595 imposita:
1312 3528 1475 3582 etiam
1506 3544 1626 3598 quae
1664 3528 1921 3601 decerpe-

317 3623 438 3669 rent
466 3616 686 3681 victum,
718 3614 985 3687 ademptis
1029 3616 1348 3688 quihusdam
1397 3620 1560 3675 veluti
1608 3621 1918 3693 immundis,

319 3720 428 3776 quo
483 3706 690 3763 facilius
735 3707 1024 3780 aliquando
1046 3708 1249 3781 jejunio
1294 3704 1550 3768 toleraret
1587 3714 1769 3783 homo,
1799 3731 1920 3787 per-

322 3809 483 3872 petua
507 3801 560 3857 in
586 3801 907 3873 quibusdam
938 3786 1262 3860 abstinentia
1293 3820 1443 3861 usus.
1474 3806 1553 3879 (α)
1576 3806 1711 3862 Nam
1741 3786 1928 3880 etpri-

318 3911 438 3953 mus
468 3898 694 3970 populus
725 3899 798 3973 (ὁ)
830 3900 985 3971 primi
1026 3900 1258 3957 hominis
1299 3903 1659 3975 resculpserat
1700 3907 1926 3972 crimen,

232 4062 235 4063 γ
325 3992 548 4063 pronior
574 3995 748 4049 ventri
785 4008 946 4066 quam
994 3994 1106 4050 Deo
1136 3994 1543 4066 deprehensus;
1576 4013 1699 4054 cum
1730 3997 1799 4054 de
1826 3998 1932 4055 du-

325 4082 447 4137 ritia
480 4082 749 4155 Egyptiaa
791 4087 1065 4141 servitutis
1103 4087 1276 4142 valida
1305 4103 1466 4142 manu
1499 4088 1592 4144 Dei
1623 4098 1678 4145 et
1718 4087 1937 4146 sublimi

327 4175 549 4235 brachio
590 4187 810 4251 ereptus
841 4180 1107 4237 Dominus
1132 4181 1249 4252 ejus
1276 4181 1423 4237 visus
1446 4180 1548 4254 (9);
1581 4192 1637 4238 et
1665 4191 1823 4239 terra:
1853 4184 1934 4239 la-

2009 1958 2187 2029 potius
2211 1966 2263 2031 e_t
2280 1951 3372 2032 cepﬂtiﬂnqumﬂgrarﬂnﬂliant.
3400 1950 3466 2008 Et
3492 1951 3624 2018 ideo.

2478 2026 2495 2031 ..-
2508 2024 2771 2031 _~——...—_.——._-—
2788 2020 2971 2030 m--A.
2994 2020 3229 2029 ._.._..—_.

2008 2060 2115 2106 tam
2147 2048 2367 2120 ingratis
2392 2047 2623 2118 gratiora
2648 2054 2702 2102 et
2728 2043 3087 2101 esculentiora
3123 2057 3348 2115 quaeque
3376 2041 3618 2098 detracta

2008 2153 2152 2211 sunt,
2189 2142 2473 2215 punienda:
2502 2140 2660 2196 simul
2690 2139 2828 2211 gula:
2843 2148 2898 2195 et
2926 2137 3244 2195 exercenda:
3266 2136 3616 2193 continentia:

2008 2251 2221 2303 caussa,
2252 2243 2309 2291 ut
2336 2234 2426 2290 illa’
2454 2233 2827 2297 damnaretur,
2859 2232 2962 2287 ista
3003 2230 3327 2288 erudiretur.

2623 2322 2852 2381 CAPUT
2914 2321 3005 2378 VI.

2083 2421 2233 2477 Nunc
2258 2420 2302 2475 si
2336 2427 2538 2475 temere
2568 2416 2804 2472 rationes
2842 2415 3086 2486 castigati
3124 2429 3153 2469 a
3194 2414 3303 2471 Deo
3330 2415 3525 2483 victus,
3558 2423 3616 2471 et

2012 2513 2305 2585 castigandi
2335 2520 2555 2583 propter
2583 2510 2749 2565 Deum
2777 2524 2808 2565 a
2858 2508 3034 2571 nobis,
3086 2506 3153 2562 ad
3198 2504 3622 2579 primordiorum

2014 2609 2381 2677 experimenta
2408 2602 2801 2667 revocavimus,
2855 2600 3244 2656 conscientiam
3276 2614 3622 2681 communem

2015 2697 2378 2763 consulamus,
2412 2695 2525 2766 ipsa
2550 2702 2737 2750 natura
2770 2692 3109 2759 enuntiabit,
3137 2692 3325 2763 quales
3354 2706 3455 2747 nos
3492 2701 3621 2746 ante

2020 2793 2271 2864 pabulum
2288 2799 2342 2845 et
2359 2796 2538 2859 potum
2557 2786 2611 2842 in
2629 2786 2833 2856 virgine
2850 2784 3024 2841 adhuc
3039 2783 3204 2839 saliva
3222 2782 3477 2839 exhibere
3490 2797 3625 2839 cou-

2020 2887 2185 2942 suerit
2216 2885 2375 2941 rebus
2400 2882 2662 2937 duntaxat
2691 2891 2886 2935 sensus
2912 2876 3033 2949 (16)
3062 2875 3283 2948 agendis
3310 2891 3417 2946 quo
3441 2875 3624 2931 divina

2021 2986 2317 3035 tractantur
2338 2975 2384 3031 si
2404 2974 2575 3030 multo
2606 2970 2942 3044 pollentioris
2960 2968 3177 3036 mentis,
3201 2969 3246 3024 si
3275 2967 3446 3024 multo
3472 2968 3624 3024 viva-

2025 3070 2174 3125 tioris
2209 3067 2410 3134 cordis,
2442 3081 2600 3138 quam
2631 3079 2753 3120 cum
2804 3070 2974 3117 totum
3007 3061 3138 3117 illud
3176 3061 3513 3118 domicilium
3542 3060 3627 3117 in-

2024 3162 2237 3219 terioris
2284 3159 2538 3222 hominis,
2592 3156 2734 3213 escis
2790 3155 3066 3227 stipatum,
3100 3152 3241 3209 vinis
3285 3152 3623 3220 inundatum,

1942 3248 1986 3311 C
2020 3252 2383 3324 decoquendis
2405 3251 2516 3323 jam
2551 3248 2878 3306 stercoribus
2905 3256 3140 3303 :estuaus
3171 3246 3310 3321 (17),
3357 3245 3439 3321 (d)
3493 3260 3632 3317 pra:-

2020 3346 2416 3404 mcditatorium
2490 3342 2721 3400 et‘tlcitur
2782 3340 3143 3405 latrinarum,
3201 3339 3255 3394 in
3312 3354 3422 3409 quo
3468 3336 3630 3409 plane

2023 3440 2159 3496 nihil
2187 3447 2294 3494 tam
2322 3437 2377 3492 in
2402 3436 2654 3506 proximo
2680 3428 2936 3504 supersit,
2961 3446 3121 3503 quam
3150 3429 3218 3486 ad
3239 3429 3513 3487 lasciviam
3538 3443 3630 3485 sa-

2024 3549 2175 3606 pere.
2200 3530 2530 3587 Manducauit
2555 3528 2774 3599 populus
2800 3536 2847 3581 et
2862 3525 3008 3592 bibit,
3031 3536 3076 3580 et
3104 3533 3429 3581 surrexerunt
3456 3523 3633 3580 ludere

2031 3625 2156 3699 (Ex.
2181 3621 2401 3685 XXXII,
2437 3621 2515 3690 6).
2553 3618 2793 3690 Intellige
2817 3628 3014 3673 sanctas
3054 3615 3344 3688 Scriptura:
3366 3628 3634 3672 verecun-

2027 3720 2169 3776 diam
2200 3737 2215 3774 :
2248 3717 2447 3783 lusum,
2468 3713 2567 3769 nisi
2598 3710 2948 3782 impudicum,
2972 3725 3079 3765 non
3095 3708 3425 3764 denotasset.
3454 3706 3635 3763 Canc-

2028 3827 2149 3871 rum
2169 3852 2184 3877 ,
2215 3807 2637 3881 quotusquisque
2671 3802 2974 3859 meminerit
3019 3800 3294 3873 religionis
3314 3840 3332 3866 ,
3361 3799 3639 3870 occupatis

2035 3902 2310 3960 memoriae
2335 3898 2487 3962 locis,
2510 3895 2775 3969 impeditis
2788 3893 3153 3966 sapientiarme
3165 3892 3356 3948 mbris‘t
3377 3889 3549 3947 Nemo
3566 3889 3639 3945 ita

2037 4004 2096 4052 ut
2123 3995 2299 4057 decet,
2333 3992 2403 4048 ita
2431 3998 2489 4046 ut
2517 4003 2612 4061 par
2631 3997 2734 4053 est,
2766 3988 2837 4043 ita
2866 3995 2923 4041 ut
2952 3985 3080 4041 utile
3121 3993 3225 4051 est,
3260 3982 3641 4039 recordabitur

2044 4089 2135 4145 Dei
2189 4088 2241 4142 in
2282 4100 2347 4141 eo
2405 4092 2646 4152 tempore
2692 4079 2805 4151 (ε),
2845 4092 2952 4150 quo
2994 4076 3168 4148 ipsum
3218 4074 3320 4132 sibi
3362 4074 3637 4130 hominem

2040 4178 2291 4238 excidere
2346 4176 2589 4233 solemne
2628 4182 2731 4229 est.
2787 4169 3015 4227 Omnem
3073 4167 3408 4239 disciplinam
3462 4167 3639 4223 victus

1571 4298 1863 4360 LECTION
1872 4302 1954 4360 ES
1995 4296 2410 4358 VARIANTES.

415 4388 459 4464 ll
480 4388 746 4464 §°'P?“.‘.i§

410 4447 461 4505 2)
480 4447 593 4503 Esui
617 4447 740 4504 tollit
757 4452 908 4505 Seml.

409 4514 463 4567 5)
486 4514 637 4565 Esum
669 4516 792 4567 Jun.

407 4576 458 4643 4)
484 4577 645 4643 atque,
668 4579 818 4629 Seml-
835 4580 977 4643 Leon-

411 4640 464 4697 5)
484 4639 733 4691 Permissu
757 4639 900 4692 sentt.

389 4700 464 4765 (ϐ)
488 4700 586 4752 Esu
610 4705 732 4755 Jun.
757 4700 946 4754 videtur
969 4700 1200 4765 abfuisse.

387 4764 462 4832 (ἶ)
486 4770 554 4832 ge
572 4779 716 4832 manu
740 4766 914 4832 bestiae
936 4764 1128 4832 attines.
1147 4764 1323 4829 itaque
1344 4767 1466 4817 Jun.
1494 4768 1635 4832 Leop.

414 4825 468 4879 8)
492 4826 808 4878 Permisissct
823 4826 976 4879 Seml.

389 4827 468 4954 (8)
492 4827 808 4878 Permisissct
823 4827 976 4879 Seml.
1239 4827 1275 4902 ’ν
1586 4827 1596 4832 ”

411 4888 443 4939 9
488 4889 703 4954 Ereptus
723 4889 949 4942 dominus
970 4889 1123 4943 Seml.
1148 4891 1373 4942 dommus
1402 4892 1511 4957 ejus
1534 4893 1665 4946 visus
1703 4901 1780 4947 est
1816 4896 1938 4946 Jun.

440 4386 463 4635 ἒ

384 4387 406 4697 ἱ

1956 4553 2011 4613 D

2025 4399 2081 4446 et
2099 4391 2220 4444 add.
2245 4389 2355 4441 cod.
2389 4388 2576 4439 Wouw.
2608 4381 2828 4448 eisconi.
2855 4384 2997 4434 Pam.
3019 4387 3075 4435 et
3088 4378 3230 4431 uncis
3247 4379 3419 4429 utitur.

2118 4454 2199 4506 10)
2222 4455 2532 4503 Detrimeuto
2553 4444 2708 4500 Seml.

2123 4509 2196 4574 11)
2226 4515 2461 4574 Quoniam
2478 4509 2546 4563 al.

2127 4577 2203 4629 12)
2226 4577 2332 4628 Non
2361 4579 2532 4627 Venet.

2121 4634 2195 4701 15)
2218 4639 2396 4690 Pascet
2412 4639 2537 4701 Jun.
2553 4634 2739 4688 Vescet
2763 4634 2903 4701 Le0p.

2126 4695 2206 4753 11)
2228 4702 2348 4752 Siue
2373 4695 2526 4752 Seml.

2126 4704 2206 4826 11)
2228 4704 2348 4752 Siue
2373 4704 2526 4752 Seml.
2684 4761 2694 4772 .

2124 4767 2184 4815 ib
2231 4765 2396 4814 Penes
2414 4763 2566 4826 Ernst.
2587 4772 2727 4825 panis
2746 4758 2857 4812 cod.
2889 4767 3070 4809 Wouw.

2134 4822 2210 4886 16)
2237 4826 2397 4875 Sensu
2425 4822 2589 4886 Galen.

2134 4831 2210 4886 16)
2237 4831 2397 4875 Sensu
2425 4831 2589 4874 Geten.

2105 4831 2213 4955 117)
2239 4887 2527 4939 Exzestuans
2547 4882 2616 4935 al.

1687 4996 2246 5085 COMMENTARIUS.

401 5114 560 5190 CAP.
590 5114 733 5171 V.—
762 5114 841 5190 (ἐξ)
869 5114 1008 5190 Nam
1037 5127 1084 5173 et
1109 5118 1304 5190 primus
1330 5120 1569 5189 populus,
1593 5129 1696 5176 etc.
1728 5119 1939 5175 Primus

332 5187 892 5259 appellaturipopulus
911 5187 1184 5258 Iudaicus,
1207 5190 1273 5247 ad
1299 5187 1695 5248 distinctionem
1717 5191 1938 5247 secundi

332 5257 604 5333 Gentium.
633 5257 885 5333 Hicvero
921 5260 1129 5333 videtur
1167 5257 1387 5332 prorsus
1415 5262 1744 5333 superﬂuum
1784 5262 1934 5326 illud,

334 5330 474 5406 quod
501 5329 636 5406 adeo
683 5330 986 5406 parenthesi
1038 5329 1376 5402 inclusimus,
1410 5329 1659 5390 Dominus
1689 5334 1818 5406 ejus,
1841 5348 1935 5389 seu

336 5402 511 5470 potius
538 5402 629 5465 eis,
664 5402 802 5456 uisus
828 5412 921 5458 est.
948 5404 1084 5460 ΡΑιί.

408 5471 490 5546 (li)
524 5470 691 5546 Primi
722 5473 943 5546 hominis
970 5477 1305 5546 resculpserat
1343 5477 1553 5532 crimen.
1607 5475 1936 5546 Augustinus

338 5542 392 5596 in
421 5542 563 5597 l’sal.
597 5541 662 5598 Vl
691 5562 705 5600 :
737 5542 877 5600 Dum
904 5547 1037 5601 enim
1066 5541 1158 5604 nos
1182 5548 1542 5615 convertimur,
1572 5547 1628 5602 id
1649 5541 1742 5610 est,
1763 5557 1935 5602 muta-

340 5616 498 5691 tione_
527 5615 707 5691 ueteris
736 5616 891 5691 θείω,
934 5620 1268 5690 resculpimns
1321 5621 1574 5691 spiritum.
1622 5616 1846 5673 Ruﬁnus
1884 5618 1939 5674 in

340 5683 589 5741 eumdem
609 5683 709 5760 Ps.
736 5688 875 5744 Dum
900 5683 1254 5756 convertimur,
1282 5691 1337 5746 id
1347 5683 1455 5760 "est,
1496 5689 1616 5746 dum
1663 5698 1944 5746 commuta-

342 5760 485 5833 tione»
499 5759 675 5833 ueteris
694 5760 811 5816 vittr
834 5762 1195 5833 resculpimur.
1219 5762 1342 5818 th.

418 5830 494 5905 (te)
525 5828 884 5905 _Xeropltagiu:
913 5828 1071 5903 paries
1135 5832 1369 5905 angelici.
1404 5833 1599 5905 Longe
1651 5831 1946 5905 dissimiles

351 5900 619 5959 atbleticis
664 5900 983 5962 i’llis"arida:
1035 5900 1312 5962 hominum
1364 5900 1592 5960 altiliuin
1638 5902 1946 5975 sagitationi

2047 5109 2560 5252 ν’(ὲῖἷῗξῗνῗὶῗω)
2583 5175 3056 5252 Prcemeditorium.
3085 5173 3198 5252 Hoc
3220 5172 3381 5229 etiam
3412 5169 3656 5252 imitatus

2045 5258 2106 5315 Β.
2132 5244 2497 5329 Hieronymus:
2513 5270 2526 5306 :
2541 5244 2973 5329 'Qttnle._jnq_uit._
2977 5247 3233 5329 jejunium
3251 5253 3352 5329 est,
3370 5251 3460 5329 aut
3487 5244 3657 5329 qualis

2040 5330 2251 5402 refectio
2283 5314 2394 5396 ptist
2415 5314 2667 5403 jejunium
2684 5322 2714 5403 PA
2741 5314 2999 5403 Pridianis
3026 5314 3191 5403 cpulis
3228 5314 3585 5403 distendimus,
3600 5321 3658 5403 et

2039 5384 2214 5474 gu'ttur
2241 5384 2479 5474 nostrum
2510 5390 2904 5474 meditatoriu‘m,
2929 5404 3017 5474 seu
3055 5384 3654 5474 'poti‘usﬂp‘rc‘emediltato:

2039 5457 2175 5526 rium
2199 5465 2762 5542 elﬁciturnlatrinarum.
2802 5461 2902 5542 Qui
2923 5457 3322 5542 etiam_adleg:1t
3345 5457 3657 5542 Scri'plurtgs

2045 5524 2376 5606 biciciiatas,
2404 5536 2575 5593 Exod.
2601 5536 2691 5591 51.
2714 5547 2780 5589 ac
2808 5524 3014 5586 Denter.
3036 5531 3107 5586 53
3126 5538 3182 5583 et
3204 5524 3258 5584 8:
3279 5526 3411 5584 Item
3444 5524 3576 5581 Isai.
3601 5524 3655 5579 6.

2045 5622 2266 5652 ανηοηιη
2284 5610 2424 5652 (Ith
2457 5608 2525 5652 IIII
2548 5606 2708 5652 etiam
2733 5603 2836 5652 legi
2863 5600 3079 5652 debeat.
3109 5599 3287 5652 Deum.
3312 5596 3456 5652 quod
3481 5609 3663 5652 araret:

2038 5622 2266 5679 excepto
2284 5599 2425 5681 quod
2457 5608 2526 5664 ibi
2548 5606 2709 5661 etiam
2732 5603 2836 5674 legi
2863 5600 3079 5666 debeat,
3109 5599 3287 5682 Deum,
3312 5599 3456 5663 quod
3481 5609 3656 5678 grafce

2046 5685 2106 5740 tlt
2130 5691 2249 5746 Θεὸν,
2275 5690 2332 5738 et
2357 5678 2499 5752 quod
2526 5686 2714 5734 auctor
2734 5689 2831 5732 sua
2853 5682 3034 5729 utatur
3053 5672 3232 5745 phrast
3255 5668 3614 5738 salniﬁcatorte
3637 5706 3656 5734 ,

2047 5771 2146 5829 pro
2169 5750 2402 5830 salutari.
2430 5750 2569 5806 Pu.
2826 5817 2840 5830 .
3146 5813 3164 5830 ,ν
3440 5808 3541 5830 ψ,

2126 5807 2297 5899 teli}:
2318 5840 2377 5880 eo
2404 5832 2657 5899 ιεριροιεο
2685 5834 2785 5889 quo
2820 5817 2991 5899 ερεςιηι
3014 5813 3114 5899 βίω
3140 5807 3662 5899 ’φρέκίθὲῗθέἒέξέδδίἷθ

2051 5883 2273 5957 solemne
2316 5904 2407 5952 est.
2439 5883 2650 5950 Etenim
2679 5883 2776 5962 per
2802 5883 3118 5946 ebrietatem
3146 5883 3530 5954 aliquantisper
3571 5892 3661 5935 sa-
