4006 6280
348 240 449 299 961
1630 241 1837 299 LIBER
1885 240 1974 298 DE
2020 237 2326 298 JEJUNIIS.

3560 242 3667 301 962

349 367 445 414 aut
484 355 681 414 occidit
725 364 819 412 aut
847 357 1115 413 vulnerat.
1158 355 1427 425 Mentior,
1466 357 1644 413 sinon
1688 359 2022 418 DominusA
2668 354 2752 410 CA
2774 354 2909 411 PU'I‘
2950 354 3061 412 VII.
3590 354 3592 358 ’

2668 354 2752 410 C.-\
2774 353 2909 411 PUT
2950 353 3061 412 VII.

348 448 800 521 ipseoblivionem
821 449 903 504 sui
927 448 1258 520 exprobrans
1277 448 1482 514 Israeli,
1497 463 1740 504 caussam
1768 448 1940 518 pleni-

348 539 518 596 tudini
540 539 756 612 deputat
784 539 846 614 (I
870 539 889 612 )
915 558 928 596 :
960 540 1285 596 Incrassatus
1300 549 1372 595 est
1395 539 1609 596 dilectus
1627 581 1644 608 ,
1667 550 1713 595 et
1732 541 1943 613 pingue-

348 636 547 711 [αιἰιω,
577 641 622 688 et
649 633 892 688 dilatatus
933 640 1040 698 est,
1073 642 1137 695 let
1179 630 1444 702 dereliquit
1485 630 1651 687 Deum
1697 633 1782 702 qui
1825 630 1944 701 fecit

346 741 461 794 eum
484 765 502 791 ,
547 734 593 780 et
632 723 868 780 abscessit
895 740 928 777 a
954 723 1177 778 Domino
1202 722 1569 793 saluti/temore
1610 741 1700 779 suo
1750 723 1941 796 (Deut.

347 816 578 885 XXXII,
609 817 730 888 15).
790 816 1029 887 Denique
1055 817 1109 871 in
1129 815 1319 873 eodem
1352 816 1765 872 Deulcronomio
1797 832 1943 873 eam-

348 910 471 973 dem
521 924 740 967 causam
788 911 1077 980 prmeaveri
1123 909 1322 983 jubens
1365 928 1379 964 :
1429 907 1542 977 Ne,
1578 910 1780 979 inquit,
1830 925 1945 964 cum

348 1003 734 1076 mattducaveris
784 1010 832 1057 et
882 1002 1101 1066 biberis,
1133 1012 1180 1058 et
1235 1002 1413 1058 domas
1460 1001 1679 1071 optimas
1718 1000 1946 1070 (adiﬁca-

350 1097 514 1165 veris,
561 1096 736 1151 ovibus
783 1106 831 1150 et
877 1095 1033 1150 bobus
1075 1097 1176 1151 tuis
1223 1094 1610 1167 multiplicatis,
1671 1105 1718 1150 et
1763 1112 1947 1165 argen-

350 1196 402 1241 to
428 1196 475 1242 et
502 1203 629 1241 auro
651 1227 665 1251 ,
697 1186 970 1241 extollatur
993 1202 1083 1241 cor
1107 1197 1250 1241 tuum
1278 1228 1295 1254 ,
1324 1198 1370 1240 et
1400 1186 1710 1242 obliviscaris
1745 1184 1946 1242 Domini

352 1276 450 1333 Dei
471 1278 545 1332 tui
585 1275 791 1350 (Deut.,
812 1276 969 1344 VIII,
992 1277 1105 1347 I3).
1135 1277 1436 1349 Prteposuit
1455 1277 1776 1348 corruptelae
1803 1277 1940 1333 divi-

350 1373 546 1428 tiarum
606 1371 887 1429 edacitatis
947 1371 1364 1436 enormitatem,
1416 1372 1500 1427 cui
1562 1372 1693 1443 ipsae
1744 1371 1947 1429 divitia:

352 1472 664 1536 procurant.
706 1463 811 1520 Per
855 1464 973 1519 illas
1012 1464 1221 1520 scilicet
1262 1463 1620 1519 incrassatum
1687 1475 1805 1519 erat
1852 1479 1949 1519 cor

351 1556 571 1629 populi,
603 1571 672 1613 ne
723 1556 897 1612 oculis
945 1555 1171 1625 videret,
1198 1564 1255 1612 et
1306 1555 1526 1610 auribus
1587 1555 1839 1622 audiret,
1895 1565 1982 1612 et-

351 1650 518 1706 corde
561 1651 853 1720 conjiceret
900 1648 1149 1719 adipibus
1214 1649 1529 1716 obstructo,
1585 1664 1717 1719 quas
1775 1651 1946 1705 nomi~

2128 442 2206 517 (a)
2233 444 2597 503 Processimus
2620 446 2796 518 itaque
2819 447 2927 517 jam
2950 446 3016 502 ad
3035 445 3299 517 exempla,
3322 444 3397 502 uti
3420 447 3664 504 revolva-

2055 552 2175 594 mus
2201 539 2446 595 utilitatis
2474 526 2710 597 ellicacia
2729 548 3021 611 potestates
3049 538 3127 611 (7)
3158 539 3310 595 istius
3344 539 3447 613 (8)
3476 540 3660 607 ollicii,

2047 630 2188 700 quod
2206 632 2365 686 etiam
2381 631 2572 687 iratum
2592 632 2757 687 Deum
2772 632 2978 686 homini
3005 632 3332 687 rcconciliat.
3353 632 3663 702 Deliquerat

2052 721 2239 790 Israel,
2259 723 2311 778 in
2329 725 2613 795 aquatione
2635 725 2774 794 apud
2797 722 3011 793 Maspha
3032 723 3110 795 (9)
3131 733 3482 794 congregatus
3502 740 3531 777 a
3558 724 3660 779 Sa-

2048 816 2225 871 mucle
2248 856 2264 883 ,
2309 817 2404 873 sed
2437 816 2555 891 (10)
2585 817 2652 872 ita
2684 817 2862 871 Statim
2892 816 3142 873 delictum
3170 816 3377 888 jejunio
3398 816 3573 883 diluit,
3606 827 3663 875 ut

2049 908 2530 981 periculumpraalii
2560 910 2716 964 simul
2746 909 2941 981 fugerit
2973 908 3112 981 (II).
3142 908 3274 964 Cum
3302 911 3533 965 maxime
3559 911 3659 966 Sa.

2050 1005 2193 1059 muel
2217 1005 2477 1061 otl‘erebat
2507 987 2877 1061 holocaustum
2914 1004 2971 1077 (1
2996 1003 3153 1077 Reg.,
3172 1003 3286 1069 VII,
3308 1004 3403 1074 9),
3433 1006 3485 1060 in
3516 1005 3663 1061 tzullo

2051 1097 2220 1166 magis
2268 1106 2610 1167 procuratam
2651 1096 2899 1152 audimus
2929 1096 3025 1153 Dei
3057 1096 3408 1153 clementiam
3435 1138 3450 1162 ,
3501 1112 3660 1167 quam

2051 1185 2375 1242 abstinentia
2425 1187 2631 1257 populi.
2680 1188 2748 1243 Et
2778 1189 3070 1260 _Allophyli
3118 1188 3303 1258 praelia
3361 1187 3518 1261 (I2)
3566 1189 3663 1244 ad-

2051 1280 2339 1336 movebant
2368 1297 2382 1334 :
2410 1280 2480 1336 ibi
2511 1279 2727 1336 demum
2757 1280 2777 1354 (
2802 1279 2909 1351 I5)
2960 1280 3221 1337 Dominus
3267 1282 3502 1338 intonuit
3531 1296 3663 1338 voce

2051 1386 2244 1441 tnagna
2293 1385 2460 1442 super
2510 1360 2876 1444 Allophylos,‘
2925 1383 2981 1428 ct
3007 1369 3216 1428 confusi
3259 1382 3423 1440 sunt,
3456 1385 3661 1441 eteor-

2053 1473 2276 1519 ruerunt
2329 1463 2382 1518 in
2427 1472 2723 1534 conspectu
2771 1462 3029 1530 Israelis;
3064 1474 3114 1520 et
3144 1475 3524 1545 processerunt
3554 1464 3654 1523 viri

2052 1555 2215 1612 Israel
2256 1573 2322 1612 ex
2351 1556 2595 1627 Maspha,
2643 1565 2700 1614 et.
2738 1557 3010 1628 persecuti
3070 1568 3196 1614 sunt
3223 1557 3558 1631 Allapbylos,
3595 1568 3651 1615 ct

2053 1667 2221 1722 usque
2269 1650 2504 1707 Betehor
2556 1637 2870 1707 ceciderunt
2916 1660 3098 1721 pastos
3143 1652 3393 1723 impasti,
3422 1661 3660 1709 armatos

350 1740 520 1797 natim
540 1743 652 1798 esui
677 1741 923 1807 abstulit,
954 1740 1223 1796 deducens
1243 1739 1514 1795 hominem
1537 1740 1735 1811 saginae
1755 1740 1947 1797 stude-
1977 1749 2025 1809 Β
2054 1741 2307 1797 inermes.
2328 1741 2421 1797 lla:
2443 1750 2604 1798 erunt
2629 1744 2772 1799 vires
2792 1743 3146 1814 jejunantium
3174 1744 3283 1800 l)co
3308 1762 3320 1799 :
3344 1748 3542 1802 ctelum
3562 1761 3660 1816 pro

352 1849 433 1889 re.
463 1833 729 1890 Carterum
754 1877 768 1901 ,
798 1835 881 1890 cui
906 1849 999 1890 cor
1024 1842 1264 1890 erectum
1299 1833 1398 1906 (2)
1429 1835 1603 1904 potius
1634 1833 1945 1889 invenieba-

353 1933 442 1982 tur
498 1941 655 1998 quam
697 1927 1130 1998 impinguatum,
1187 1925 1297 2000 (5)
1354 1916 1703 1998 quadraginta
1759 1927 1949 1986 diebus

353 2018 684 2092 totidemque
725 2022 970 2077 noctibus
1013 2036 1176 2093 supra
1225 2020 1477 2077 humana:
1516 2029 1726 2077 naturae
1770 2022 1941 2078 facul-

355 2122 522 2175 tatch
553 2112 819 2185 jejunium
863 2113 1209 2184 perenuavit,
1263 2114 1498 2184 spiritali
1538 2113 1648 2169 ﬁde
1695 2113 1949 2170 virtutem

353 2205 836 2271 subministrante;
895 2215 949 2261 et
1009 2206 1143 2261 vidit
1185 2207 1357 2262 oculis
1413 2206 1509 2262 Dei
1567 2207 1827 2278 gloriam,
1898 2218 1952 2265 ct

352 2299 558 2355 audivit
626 2299 845 2354 auribus
923 2299 1014 2354 Dei
1066 2314 1291 2366 vocem,
1348 2308 1404 2356 et
1479 2300 1643 2356 corde
1722 2301 1954 2372 conjecit

310 2378 449 2448 ‘Dci
509 2392 680 2464 legem
748 2392 859 2462 jam
906 2400 1034 2449 tunc
1097 2393 1344 2449 docentis
1414 2409 1517 2449 non
1578 2393 1630 2448 in
1670 2396 1782 2449 solo
1822 2411 1955 2464 pane

353 2487 514 2541 vivere
574 2486 828 2541 hominem
853 2527 869 2553 ,
934 2487 1023 2541 sed
1085 2487 1142 2541 iu
1198 2486 1338 2541 omni
1402 2488 1551 2541 verba
1619 2484 1718 2541 Dei
1773 2486 1951 2560 (Luc.,

352 2579 455 2648 IV,
504 2580 626 2653 4);
673 2596 793 2636 cum
856 2579 1073 2650 quidem
1131 2595 1230 2638 nec
1301 2581 1475 2652 ipsum
1554 2580 1774 2654 Moysen
1845 2582 1955 2639 Deo

355 2683 598 2746 pastum,
677 2673 1020 2745 inediamque
1066 2672 1184 2745 ejus
1238 2674 1456 2730 nomine
1505 2672 1612 2745 (4)
1659 2674 1952 2746 saginatam

354 2777 669 2824 constanter
719 2766 1078 2838 contemplari
1141 2765 1347 2823 valeret
1400 2767 1654 2839 pinguior
1707 2768 1951 2841 populus.

355 2860 545 2917 Merito
598 2860 759 2931 igitur
801 2856 964 2915 etiam
1009 2858 1063 2913 itt
1108 2873 1273 2915 carne
1323 2873 1383 2916 se
1442 2859 1706 2915 Dominus
1758 2860 1806 2914 ei
1863 2874 1953 2915 os-

356 2952 528 3009 tendit
565 2951 790 3023 collegae
830 2948 1159 3021 jejuniorum
1205 2964 1463 3017 suorum,
1519 2965 1626 3006 non
1674 2950 1852 3006 minus
1900 2960 1956 3007 et

360 3045 545 3102 llelite.
598 3044 734 3100 Nam
784 3053 840 3100 et
890 3042 1069 3100 Helias
1113 3043 1215 3099 hoc
1268 3044 1500 3114 primum
1560 3043 1702 3116 quod
1754 3043 1951 3102 famem

2051 1832 2316 1903 ejusmodi
2345 1834 2552 1889 tnilitat.
2587 1834 2765 1890 Ilabes
2797 1834 3023 1890 formam
3056 1834 3288 1907 praesidii
3319 1837 3483 1892 etiam
3536 1839 3655 1907 Spi-

2056 1925 2306 1981 ritalibus
2328 1926 2484 1982 bellis
2504 1928 2885 1983 necessariam.
2939 1927 3173 1985 Proinde
3198 1944 3320 1985 cum
3350 1946 3446 1987 rex
3474 1932 3649 2004 Assy-

2057 2019 2262 2073 riorum
2308 2019 2721 2087 Scunacherib;
2770 2020 3137 2093 compluribus
3183 2021 3295 2094 jam
3348 2024 3656 2083 civitatibus

2056 2109 2470 2179 captis,Isracli
2517 2127 2609 2182 per
2646 2110 2925 2191 Rapsacea
2971 2112 3336 2184 blaSpltemias
3374 2124 3430 2172 et
3475 2117 3653 2173 minas

2056 2201 2347 2258 intentaret
2396 2203 2507 2276 (IV
2569 2203 2738 2276 Reg.,
2803 2203 3011 2273 XVIII,
3085 2204 3218 2279 I9),
3297 2207 3433 2264 nihil
3509 2210 3654 2267 aliud

2050 2292 2206 2349 illum
2257 2311 2288 2349 a
2350 2296 2628 2366 proposito
2682 2290 2737 2352 in
2789 2296 3095 2369 .IEtbiopias
3148 2301 3361 2356 avertit.
3413 2301 3657 2371 Dehinc,

2055 2390 2181 2461 quid
2231 2390 2379 2447 aliud
2429 2389 2581 2464 (II)
2637 2402 2853 2449 centum
2925 2402 2981 2448 et
3036 2394 3306 2466 octoginta
3379 2397 3548 2452 millia
3592 2397 3661 2455 de

2064 2485 2303 2541 exercitu
2379 2488 2497 2553 ejus
2578 2502 2673 2557 per
2750 2487 2997 2559 angelum
3078 2487 3417 2559 absumpsit,
3498 2506 3662 2560 quam

2059 2577 2308 2661 Ezechiae
2335 2579 2481 2650 regis
2526 2579 2828 2635 bumiliatio
2856 2580 2879 2633 ?
2905 2578 3201 2649 Siquidem,
3252 2579 3446 2636 duritia
3491 2580 3663 2640 hostis

2059 2671 2393 2738 annuntiata,
2427 2672 2628 2729 vestem
2659 2673 2836 2739 scidit,
2883 2688 3099 2730 saccum
3148 2672 3339 2741 induit,
3361 2674 3664 2747 eodemque

2060 2762 2246 2819 habitu
2293 2764 2537 2820 seniores
2582 2764 2922 2821 sacerdotum
2968 2765 3036 2821 ad
3086 2766 3251 2821 Deum
3299 2780 3395 2837 per
3446 2767 3662 2823 Esaiam

2061 2857 2213 2913 adire
2260 2858 2457 2929 jussit,
2519 2858 2702 2929 utique
2752 2858 2960 2929 jejunio
3032 2873 3222 2929 preces
3258 2868 3659 2930 prosequente:

2060 2964 2233 3019 neque
2302 2949 2444 3004 enim
2506 2947 2610 3004 cibi
2679 2958 2888 3019 tempus
2941 2949 2992 3003 in
3049 2948 3326 3018 periculo,
3376 2949 3484 3021 (b)
3558 2964 3660 3006 nec

2061 3044 2358 3099 saturitatis
2425 3044 2603 3099 cultus
2660 3043 2714 3099 in
2772 3057 2950 3098 sacco.
3005 3042 3231 3113 Semper
3288 3041 3468 3099 inedia
3526 3053 3711 3113 mea-.5

357 3142 529 3195 fuerat
570 3139 934 3210 imprecatus,
979 3136 1112 3192 satis
1166 3135 1276 3206 jam
1320 3151 1380 3193 se
1417 3135 1638 3213 jejuniis
1674 3147 1946 3193 voverat:
1981 3137 2027 3200 C
2062 3135 2200 3190 roris
2249 3134 2467 3205 sequela
2525 3143 2647 3199 est,
2710 3133 2851 3189 sicut
2900 3132 3086 3188 laetitia
3138 3134 3382 3190 accessio
3420 3135 3645 3204 saginat.
3692 3106 3720 3167 ί)

366 3231 522 3299 Vivit,
554 3230 764 3302 inquit,
801 3228 1071 3295 Dominus,
1100 3228 1183 3283 cui
1210 3227 1405 3283 adsisto
1432 3228 1485 3282 in
1514 3239 1785 3299 conspectu
1813 3229 1944 3298 ejus,

354 3324 400 3380 si
448 3323 540 3378 erit
585 3340 670 3379 ros
724 3323 833 3379 istis
887 3323 1037 3377 anuis
1091 3332 1140 3376 et
1194 3320 1352 3376 imber
1399 3320 1501 3392 (III
1533 3321 1684 3393 Ileg.,
1728 3321 1944 3394 XVII).

358 3416 564 3472 Dehinc
628 3415 919 3471 minantem
983 3411 1198 3471 Iezabel
1274 3412 1485 3484 fugiens
1548 3424 1668 3485 post
1730 3415 1945 3469 unicum

358 3508 615 3581 pabulum
655 3516 712 3564 et
777 3517 959 3580 potum
983 3549 999 3576 ,
1050 3522 1210 3579 quem
1255 3506 1325 3561 ab
1366 3506 1560 3578 angelo
1599 3506 1946 3578 expergefac-

359 3612 446 3659 tus
472 3601 779 3666 invenerat,
811 3609 867 3657 et
896 3600 1012 3670 ipse
1037 3640 1052 3665 ,
1083 3597 1438 3671 quadraginta
1469 3597 1664 3654 diebus
1692 3607 1746 3654 ct
1774 3599 1946 3654 nocti-

359 3693 462 3749 hus
515 3708 680 3749 vacuo
708 3701 932 3758 ventre,
976 3690 1129 3746 arido
1167 3705 1299 3755 ore,
1348 3689 1596 3760 pervenit
1624 3690 1675 3744 in
1706 3676 1947 3746 montem

352 3786 569 3847 Choreh
595 3805 610 3855 ;
636 3786 726 3844 ubi
750 3802 872 3843 cum
900 3788 953 3841 in
983 3784 1237 3856 spelunca
1261 3782 1368 3857 (5)
1392 3784 1712 3840 devertisset
1737 3825 1753 3850 ,
1788 3800 1946 3855 quam

352 3881 603 3936 familiari
624 3893 917 3951 congressu
942 3877 1037 3933 Dei
1063 3887 1326 3948 exceptus
1348 3885 1432 3932 est
1458 3877 1471 3931 !
1496 3876 1635 3945 Quid
1655 3885 1709 3930 tu
1725 3917 1739 3942 ,
1770 3875 1945 3943 Helia,

356 3974 437 4029 hic
454 3966 559 4046 '(III
588 3973 739 4046 Reg.,
761 3971 909 4040 XIX,
938 3970 1038 4046 9)?
1064 3971 1231 4027 multo
1250 3970 1474 4026 amicior
1491 3972 1588 4027 ista
1609 3987 1707 4026 vox
1725 4011 1740 4037 ,
1765 3986 1945 4040 quam,

356 4065 551 4131 Adam,
583 4064 669 4118 ubi
701 4080 771 4129 es,
808 4062 982 4135 (Gem,
1012 4062 1108 4127 III,
1138 4061 1233 4133 9).
1265 4061 1361 4116 Illa
1387 4061 1532 4115 enim
1560 4070 1712 4131 pasto
1744 4061 1946 4116 homini

356 4156 680 4223 minabatur,
732 4156 832 4211 ista
882 4154 1069 4225 jejuno
1112 4153 1192 4227 (6)
1240 4152 1633 4210 blandiebatur.
1662 4154 1829 4212 Tanta
1868 4166 1950 4211 est

355 4247 746 4319 circumscripti
787 4246 955 4302 victus
1004 4245 1354 4319 prmrogativa
1377 4287 1392 4313 ,
1425 4254 1482 4299 ut
1537 4246 1701 4301 Deum
1735 4255 1951 4315 praestet

354 4339 559 4397 homini
584 4338 1051 4406 contubernalem,
1093 4353 1282 4409 parem
1317 4352 1506 4393 revera
1538 4338 1672 4408 pari.
1702 4336 1758 4394 Si
1805 4340 1947 4395 enim

354 4431 497 4488 Deus
524 4440 744 4488 aeternus
773 4447 875 4487 nou
904 4431 1086 4488 esuriat
1108 4430 1239 4503 (Is.,
1268 4431 1311 4498 I,
1344 4429 1461 4503 II),
1493 4441 1551 4487 ut
1602 4439 1825 4487 testatur
1854 4448 1952 4503 per

355 4526 593 4594 Esaiam,
616 4526 720 4584 hoc
739 4525 844 4583 erit
866 4535 1076 4597 tempus
1112 4540 1221 4598 quo
1245 4525 1410 4585 homo
1465 4525 1577 4584 Deo
1604 4524 1914 4596 adsequetur
1932 4568 1945 4594 ,

356 4634 478 4676 cum
498 4619 616 4676 sine
641 4617 840 4692 pabqu
859 4618 1009 4675 vivit.

2056 3227 2161 3283 Per
2213 3227 2353 3283 hanc
2414 3228 2665 3285 mreroris
2717 3227 2993 3297 sequelam
3052 3234 3108 3282 et
3162 3225 3442 3296 inediam,
3496 3226 3661 3283 etiam

2054 3320 2245 3376 civitas
2289 3322 2378 3377 illa
2429 3320 2729 3391 peccatrix,
2788 3318 2979 3391 Ninjve
3029 3317 3101 3374 de
3150 3319 3315 3375 exitio
3367 3318 3663 3390 praedicato

2059 3414 2335 3470 liberatur.
2406 3414 2550 3471 Satis
2607 3412 2750 3469 enim
2822 3411 3157 3491 poenitentia
3193 3411 3462 3491 scelerum
3513 3426 3664 3467 com-

2059 3508 2409 3564 mendaverat
2440 3505 2556 3577 (I5)
2590 3506 2700 3561 Deo
2732 3504 2992 3575 jejunium
3023 3489 3201 3559 triduo
3227 3489 3409 3559 iuncta
3434 3545 3450 3570 ,
3494 3505 3658 3560 etiam

2053 3599 2347 3669 pecudibus
2370 3599 2595 3664 enectis,
2623 3597 2818 3668 quibus
2848 3598 3017 3652 iratus
3046 3595 3186 3652 Deus
3217 3610 3324 3651 non
3356 3605 3475 3652 erat
3505 3595 3656 3667 (.lou.

2050 3689 2163 3764 III).
2192 3690 2425 3747 Sodoma
2457 3705 2671 3761 quoque
2696 3697 2750 3744 et
2770 3687 3032 3747 Gomorra
3063 3689 3365 3744 evasissent
3395 3728 3412 3754 ,
3441 3688 3494 3743 si
3511 3686 3659 3758 jeju-

2052 3793 2284 3840 nassent.
2324 3782 2437 3839 Iloc
2482 3781 2778 3837 remedium
2808 3780 3050 3851 agnoscit
3096 3788 3154 3836 et
3181 3779 3367 3836 Achab
3389 3820 3405 3847 ,
3434 3793 3555 3835 cum
3585 3778 3665 3835 illi

2054 3884 2173 3945 post
2219 3874 2700 3946 tranSgressioncm
2729 3882 2784 3929 et
2811 3871 3167 3928 idololatriam
3195 3881 3250 3928 et
3270 3887 3456 3929 necem
3478 3871 3657 3928 Nabu-

2055 3959 2196 4038 thai,
2253 3978 2471 4040 propter
2498 3968 2710 4024 vineam
2753 3965 3060 4037 interempti
3107 3980 3139 4022 a
3177 3965 3393 4023 Iezabel
3418 4008 3435 4033 ,
3468 3980 3664 4036 expro-

2055 4064 2261 4119 brasset
2287 4059 2466 4117 Helias
2491 4077 2506 4114 :
2537 4057 2770 4126 Qualiter
2788 4058 3038 4125 occidisti,
3089 4067 3137 4112 et
3166 4057 3513 4116 hereditatem
3539 4074 3659 4128 pos-
3700 4078 3709 4081 η

2052 4153 2258 4210 sedisti?
2307 4152 2374 4206 In
2413 4152 2561 4218 loco,
2606 4166 2703 4220 quo
2733 4148 2882 4222 (16),
2930 4150 3231 4221 sanguinem
3265 4148 3524 4204 Nabaliae
3573 4167 3663 4205 ca-

2055 4264 2140 4301 nes
2183 4245 2536 4309 delituerant,
2570 4252 2713 4297 tuum
2756 4258 2955 4314 quoque
2991 4241 3280 4314 delinquant
3327 4241 3442 4314 (III
3501 4241 3661 4315 Ileg.,

2054 4338 2205 4404 XXI,
2240 4337 2362 4410 I9).
2418 4336 2669 4393 Destituit
2712 4336 3096 4406 semetipsum,
3152 4343 3206 4390 ct
3260 4348 3476 4390 saccum
3506 4336 3659 4393 carni

2054 4447 2166 4488 suae
2195 4431 2480 4501 imposuit,
2513 4439 2567 4486 et
2590 4429 2881 4502 jejunavit,
2917 4439 2970 4485 et
2999 4428 3252 4485 dormivit
3277 4426 3332 4483 in
3364 4443 3560 4494 sacco;
3605 4439 3664 4486 et

2057 4536 2181 4581 tunc
2206 4537 2384 4581 sermo
2413 4521 2718 4582 Domin'sad
2752 4521 2989 4577 Heliam:
3033 4519 3220 4574 Vidisti
3245 4528 3299 4572 ut
3325 4520 3567 4574 reveritus
3594 4521 3663 4575 sit

1982 4600 2036 4660 D
2061 4615 2233 4672 Achab
2257 4632 2290 4670 a
2316 4617 2446 4686 facie
2464 4615 2619 4670 mea?
2650 4611 2754 4668 Pro
2780 4629 2836 4668 ea
2873 4598 3010 4684 quod
3026 4612 3264 4667 reveritus
3294 4619 3402 4678 est,
3434 4627 3534 4665 non
3563 4626 3658 4665 su-

2064 4710 2336 4780 perducam
2363 4708 2597 4763 (arsuram
2621 4707 2675 4761 in
2716 4704 2892 4760 diebus
2916 4704 3102 4776 ipsius,
3130 4702 3219 4761 sed
3256 4702 3313 4758 in
3351 4700 3527 4758 diebus
3563 4702 3661 4772 ﬁlii

1588 4798 1970 4860 LECTIONES
2011 4802 2421 4861 VAIllANTES.

440 4873 489 5002 1)
513 4874 731 4941 Reputat
750 4869 904 4925 Seml.

437 4939 484 5011 ἓ.
510 4937 749 5011 Evectum
774 4937 927 5011 fratr.

437 4996 491 5064 δ)
515 5001 608 5064 oui
629 4998 750 5051 add.
776 4996 930 5064 Seml.
958 4998 1103 5064 LeOp.

364 5066 373 5075 '
415 5060 489 5127 (4)
511 5063 723 5127 Numine
744 5060 868 5127 cod,
887 5060 1069 5113 W0qu
1107 5061 1251 5127 ιωρ.

434 5127 490 5237 it
509 5125 813 5239 seras:
832 5124 955 5175 ἀη-

435 5203 488 5303 εἷέ
509 5203 891 5303 ἳιῗιέξῗεζθῧὲη.

438 5309 490 5363 8)
512 5311 671 5363 Ipsius
692 5309 847 5363 Seml:

438 5371 492 5439 9)
514 5371 738 5439 naspuat
757 5371 911 5427 Seml.

2149 4875 2227 4937 IO)
2251 4872 2349 4937 Sed
2372 4872 2678 4937 abestn'au.

2149 4875 2227 4937 IO)
2251 4874 2349 4925 Sed
2372 4874 2502 4949 abest
2529 4879 2639 4922 Ft'al

2123 4874 2229 5064 ita
2252 4931 2639 5062 aiataiat

2145 5075 2225 5192 is)
2249 5123 2661 5192 lpidemﬂana...

2149 5177 2230 5253 II)
2255 5187 2380 5253 Quid
2404 5183 2532 5253 aliud
2557 5177 2679 5233 tollit
2701 5178 2859 5253 send1
3271 5242 3285 5253 _
3409 5242 3419 5253 θ

2149 5236 2226 5302 liii
2251 5236 2627 5302 Cammendaret
2651 5246 2761 5295 cod.
2795 5244 2982 5296 Wouw.
3029 5242 3446 5297 commendaverit
3468 5236 3622 5294 Seml.

2149 5257 2204 5300 ιῦ
2251 5257 2761 5302 Commendaretcou.
2801 5257 2846 5296 ιγ

2120 5257 2227 5376 (16)
2250 5312 2307 5363 In
2329 5321 2428 5374 quo
2445 5307 2553 5359 loco
2575 5304 2726 5357 Semi.
2838 5336 2846 5343 -

2259 4956 2288 4985 ι’
2301 4956 2465 4987 υυιξτιι
2486 4956 2639 4985 DCI"!-
2783 4956 2787 4960 ‘

2252 4998 2319 5050 Ut
2340 4995 2582 5062 AIIOpbyli
2605 4995 2826 5060 praelium
2850 4995 2973 5046 Jun.
2998 4993 3102 5045 Lat.
3124 4990 3506 5045 admovebantur
3523 4989 3656 5061 conj.

1711 5444 2276 5510 COMMENTARIUS.

352 5530 555 5608 pientis
580 5529 988 5608 nutritum-Itis;
1164 5601 1179 5608 _
1529 5594 1567 5608 Α
1614 5594 1664 5608 ,,
1696 5594 1710 5608 ,

428 5604 581 5661 CAP.
613 5601 723 5657 VII.
744 5633 815 5645 --
843 5600 916 5673 (a)
945 5599 1496 5673 Processimusitaque.
1524 5594 1666 5664 Quid
1696 5594 1957 5673 intempe-

352 5677 520 5732 rantia
569 5682 805 5747 pra-stat,
847 5667 1060 5747 docuit,
1090 5682 1148 5729 ut
1176 5671 1362 5747 jejunii
1391 5667 1955 5747 'eﬁ'eetns.ostendat:

350 5748 494 5820 quod
524 5738 684 5805 variis
714 5745 803 5801 hic
828 5738 1087 5818 exemplis
1117 5738 1447 5815 exsequitur.
1473 5740 1550 5796 Le
1574 5738 1673 5795 Pa.

2131 5517 2212 5589 (1))
2241 5512 2351 5589 Nec
2366 5509 2831 5589 saturitotiseulms
2853 5509 2904 5589 iu
2925 5523 3095 5589 sacco.
3126 5506 3429 5589 Saturitatis
3457 5506 3657 5589 cullqu

2063 5578 2230 5652 dicit,
2258 5585 2380 5657 quia
2405 5600 2479 5657 es
2504 5581 2780 5638 saturitate
2803 5581 2981 5657 laetitia
3003 5620 3020 5647 ,
3051 5594 3119 5636 ex
3141 5578 3324 5657 laetitia
3346 5579 3657 5657 autcm_cul-

2066 5671 2150 5716 tus
2191 5648 2512 5713 delicatioris
2554 5667 2715 5715 cura,
2774 5652 2861 5706 cui
2911 5665 3018 5705 non
3074 5649 3326 5707 convenit
3374 5664 3494 5706 cum
3526 5648 3655 5705 hor-

2065 5747 2189 5789 rore
2226 5726 2424 5784 cineris
2452 5735 2505 5780 et
2529 5722 2896 5793 aspcritudinc
2917 5720 3078 5777 sacci.
3110 5720 3227 5777 llic.
