4006 6280
357 226 464 283 965

1776 226 2236 286 TERTULLIANI

3541 238 3648 296 904

348 342 459 413 ejus
495 343 832 413 superducam
859 357 967 396 eam
987 341 1005 413 (
1025 341 1175 407 ibid.,
1197 340 1314 410 29),
1347 340 1434 411 qui
1459 356 1562 396 non
1590 351 1703 395 erat
1725 340 1930 411 jejuna—
1966 343 2019 405 Α
2044 358 2142 414 per
2163 360 2339 400 eseam
2373 354 2582 403 tentare
2605 350 2863 419 quaerenti
2887 389 2903 416 ,
2936 349 3209 407 fortiorem
3242 349 3385 407 fame
3415 359 3525 408 tota
3556 368 3649 409 os-

352 444 522 491 turus.
562 432 635 489 lta
656 434 916 505 jejunium
949 435 998 488 iu
1026 435 1190 489 Deum
1215 434 1528 489 reverentiae
1556 449 1689 504 opus
1719 443 1818 489 est.
1843 435 1944 490 Per

330 528 486 607 {quod
514 530 665 582 Anna
691 542 901 598 quoque
922 527 1163 583 ambiens
1187 543 1320 582 uxor
1345 526 1593 583 llelcanae
1621 538 1764 583 retro
1789 529 1940 584 steri-

345 619 412 675 lis
443 619 747 689 iinpetravit
770 618 923 674 facile
945 636 972 673 a
1015 619 1124 676 Deo
1150 621 1362 675 inanem
1386 621 1507 675 cibo
1556 630 1796 675 ventrem
1829 621 1940 676 lilio

342 712 596 783 implere,
638 712 932 784 etquidem
979 714 1256 782 propheta.
1300 712 1404 769 Sed
1437 730 1541 769 non
1594 714 1753 769 modo
1784 724 1930 769 natu-

340 819 418 860 ra:
471 807 857 871 mutationem,
906 814 999 860 aut
1041 804 1400 875 periculorum
1434 805 1772 861 aversionem
1798 847 1813 872 ,
1846 815 1939 861 aut

340 895 659 951 delictorum
734 895 1234 962 oblitterationem;
1291 897 1644 952 verumetiam
1702 895 1781 968 (a)
1842 911 1927 951 sa~

338 994 742 1042 cranientorum
793 986 1157 1057 agnitionem,
1201 985 1404 1057 jejunia
1462 986 1529 1042 de
1591 988 1700 1042 Deo
1755 1003 1934 1043 mere-

337 1078 557 1135 buntur.
591 1078 825 1149 Adspice
856 1079 1088 1135 Dauielis
1117 1079 1424 1148 exemplum
1452 1119 1468 1145 ,
1500 1082 1640 1135 circa
1665 1080 1933 1134 somnium

336 1174 481 1244 regis
546 1171 835 1244 Babylonis
882 1170 997 1246 (b)
1048 1188 1237 1228 omnes
1294 1173 1577 1227 turbantur
1634 1173 1931 1243 sophistae,

334 1274 531 1335 negant
561 1266 704 1321 ultro
729 1264 807 1337 (l)
834 1265 900 1320 de
929 1265 1235 1334 praestantia
1268 1264 1497 1319 humana
1527 1280 1685 1336 posse
1709 1280 1935 1336 cognos-

331 1361 379 1412 ci
439 1357 542 1427 (c);
597 1357 745 1412 solus
774 1356 957 1411 Daniel
982 1357 1089 1410 Deo
1130 1356 1341 1423 fidens,
1374 1365 1429 1411 et
1455 1357 1632 1412 sciens
1678 1356 1818 1427 quod
1865 1357 1932 1411 ad

330 1449 711 1507 demerendam
736 1450 828 1505 Dei
861 1451 1083 1522 gratiam
1110 1449 1332 1516 faceret,
1363 1452 1591 1522 spatium
1622 1450 1932 1521 triduipos-

331 1543 497 1607 tulat,
528 1557 648 1597 cum
677 1557 770 1597 sua
799 1539 1139 1597 fraternitate
1163 1542 1368 1611 jejunat
1396 1584 1409 1608 ,
1444 1553 1605 1613 atque
1630 1544 1700 1597 ita
1732 1544 1931 1597 oratio-

331 1634 487 1690 nibus
512 1633 902 1690 commendatis
933 1676 947 1699 ,
997 1643 1051 1689 et
1089 1633 1336 1688 ordinem
1378 1644 1432 1689 et
1478 1635 1925 1704 significationem

328 1728 522 1783 somnii
607 1744 702 1799 per
772 1730 951 1784 omnia
1011 1728 1329 1793 instruitur,
1384 1728 1595 1798 tyranni
1664 1724 1920 1796 sopliistis
1961 1737 2005 1795 Β

326 1822 615 1893 parcitur,
697 1820 837 1877 Deus
900 1821 1265 1890 glorificatur,
1323 1820 1504 1875 Daniel
1585 1820 1925 1887 honoratur;

325 1930 432 1969 non
478 1914 743 1969 minorem
794 1912 886 1968 Dei
917 1913 1139 1983 gratiam
1189 1921 1244 1967 et
1288 1922 1472 1983 postea
1521 1926 1737 1983 quoque
1786 1911 1928 1966 rela-

324 2013 476 2062 turus
531 2020 673 2061 anno
717 2005 893 2076 primo
940 2004 1081 2074 regis
1140 2003 1320 2070 Darii,
1359 1992 1499 2058 cum
1537 2018 1601 2058 ex
1660 2002 1924 2074 recogita-

326 2111 380 2155 ιιι
415 2089 819 2171 praadicatorum
869 2106 1168 2169 temporum
1218 2096 1286 2151 ab
1330 2096 1622 2162 llieremia,
1655 2094 1733 2169 (d)
1779 2095 1926 2151 dedit

331 2191 522 2246 faciem
555 2205 706 2245 suam
741 2191 853 2244 Deo
878 2189 930 2243 in
957 2188 1175 2259 jejiiuiis
1208 2198 1262 2242 et
1294 2203 1449 2243 sacco
1475 2198 1528 2242 et
1555 2189 1760 2242 cinere.
1792 2187 1923 2242 Nam

322 2296 376 2342 et
403 2286 622 2358 angelus
656 2285 853 2339 missus
883 2284 946 2338 ad
980 2299 1121 2349 cum,
1159 2284 1296 2336 hanc
1326 2282 1504 2338 statim
1539 2282 1810 2351 professus
1839 2291 1927 2336 cst-

320 2396 563 2437 caussaui
588 2377 782 2434 divinae
812 2375 1138 2447 dignationis
1171 2393 1184 2429 :
1216 2374 1349 2429 Veni
1378 2415 1392 2439 ,
1426 2374 1638 2443 inquit,
1670 2373 1921 2428 demons-

318 2480 464 2526 trare
494 2471 587 2527 tibi
634 2467 704 2542 (e)
730 2466 1337 2540 quatenus'miserabilis
1365 2480 1424 2520 es
1451 2482 1466 2531 ;
1491 2465 1785 2536 jejunando
1812 2467 1920 2520 Sci-

318 2563 463 2618 licet.
511 2561 567 2617 Si
600 2561 708 2617 Deo
757 2559 1116 2623 miserabilis,
1171 2558 1417 2614 leonibus
1470 2560 1521 2612 in
1574 2559 1689 2614 lacu
1748 2558 1924 2614 fuerat

318 2653 631 2718 horribilis;
687 2652 774 2707 ubi
854 2652 1068 2724 quidem
1126 2651 1201 2706 illi
1258 2666 1353 2707 sex
1409 2650 1598 2707 diebus
1655 2651 1919 2724 jejttnanti

314 2744 599 2819 prandium
625 2744 844 2816 angelus
873 2744 1200 2815 procuravit.

910 2878 1140 2936 CAPUT
1192 2877 1325 2934 Vill.

384 3017 676 3074 Reddimus
712 3024 765 3073 et
792 3023 984 3072 caetera
1017 3012 1119 3085 (2)
1142 3056 1155 3078 ,
1189 3013 1255 3068 ad
1283 3029 1419 3069 nova
1450 3016 1594 3072 enim
1625 3031 1766 3072 nunc
1793 3017 1891 3071 do-

310 3120 557 3167 cumenta
570 3100 917 3183 properamus
940 3125 952 3161 :
972 3109 1022 3162 in
1041 3107 1226 3163 limine
1250 3108 1519 3180 Evangelii
1542 3110 1692 3182 (Luc.
1708 3098 1776 3175 ll,
1796 3110 1911 3184 57),

309 3203 463 3258 Anna
484 3202 756 3273 pr0pltetis
776 3200 878 3255 filia
897 3199 1207 3264 Phanuelis,
1221 3215 1336 3269 quae
1351 3198 1608 3257 infantem
1630 3202 1911 3258 Dominum

308 3304 362 3352 et
383 3297 612 3367 agnovit,
634 3305 684 3351 et
704 3297 867 3354 multa
884 3312 1046 3368 super
1062 3313 1127 3354 eo
1158 3299 1465 3370 prmdieavit
1483 3302 1912 3372 exSpectantibus

308 3389 729 3461 redemptionem
755 3389 969 3446 lsraelis
990 3433 1003 3458 ,
1036 3400 1153 3462 post
1182 3392 1453 3463 egregium
1479 3393 1691 3449 titulum
1715 3394 1912 3451 veteris

306 3483 531 3539 univira:
562 3483 852 3550 viduitatis,
882 3483 1206 3553 jejuniorum
1236 3500 1451 3556 quoque
1478 3486 1785 3541 testimonio
1814 3502 1907 3541 ana

304 3586 479 3647 getur,
510 3574 801 3631 ostendens
839 3575 892 3629 in
923 3575 1114 3647 quibus
1154 3575 1345 3631 officiis
1382 3577 1608 3632 assideri
1648 3578 1907 3635 Ecclesiae

305 3665 537 3735 debeat,
574 3677 630 3722 et
671 3683 699 3720 a
733 3666 892 3722 nullis
940 3668 1108 3738 magis
1139 3667 1364 3740 intelligi
1401 3667 1675 3723 Christum
1698 3711 1714 3737 ,
1747 3686 1904 3739 quam

303 3758 472 3815 semel
504 3758 717 3829 nuptis,
747 3773 891 3829 saepe
916 3756 1136 3829 jejunis.
1168 3759 1286 3830 Ipse
1315 3774 1438 3814 mox
1481 3760 1741 3816 Dominus
1773 3762 1905 3833 bap-

303 3854 460 3909 tisma
491 3868 646 3908 suum
666 3894 682 3921 ,
714 3860 769 3908 et
798 3853 849 3907 in
891 3868 991 3908 suo
1020 3853 1258 3909 omnium
1283 3896 1295 3917 ,
1329 3853 1546 3925 jejuniis
1591 3854 1857 3910 dedicavit
1885 3899 1900 3923 ,

304 3945 508 4001 habens
536 3944 754 4001 efficere
794 3960 956 4015 panes
985 3959 1051 4000 ex
1082 3942 1378 4015 lapidibus,
1410 3945 1570 4001 etiam
1602 3926 1892 4002 Jordan'eni

300 4040 428 4095 vino
445 4038 672 4094 fortasse
701 4053 918 4093 manare
936 4080 952 4102 ,
976 4039 1020 4093 si
1038 4039 1107 4092 ita
1132 4048 1352 4093 vorator
1376 4046 1430 4093 et
1453 4046 1661 4108 potator
1692 4039 1898 4094 fuisset.

305 4131 420 4188 lmo
477 4145 672 4186 novum
725 4129 995 4185 hominem
1026 4131 1076 4183 in
1114 4131 1309 4186 veteris
1335 4130 1762 4200 suggillationem
1793 4131 1902 4186 vir-

303 4230 417 4279 tute
442 4220 749 4278 fastidiendi
776 4222 885 4277 cibi
921 4220 1197 4277 initiabat.
1234 4230 1434 4276 uteum
1474 4222 1693 4277 diabolo
1721 4239 1907 4282 rursus

2050 445 2300 493 tentaret.
2344 438 2631 495 Prwstituit
2665 441 2858 496 exinde
2879 442 3096 512 jejuniis
3125 443 3298 513 legem
3318 443 3440 499 sine
3478 444 3651 501 tristi-

2051 527 2117 580 tia
2152 529 2529 600 transigendis.
2572 532 2678 586 Cur
2706 533 2849 587 enim
2882 533 3033 590 triste
3062 534 3204 604 quod
3235 535 3511 591 salutare?
3538 537 3648 593 Do-

2045 619 2155 674 cuit
2180 622 2340 675 etiam
2365 621 2619 678 adversus
2639 623 2834 679 diriora
2867 624 3361 697 dtemooiajejuniis
3384 629 3650 699 'prtelian-

2042 710 2192 767 dum.
2226 714 2362 780 Quid
2411 716 2552 770 enim
2603 718 2837 785 mirum,
2866 719 2909 772 si
2947 717 3050 790 (5)
3099 719 3287 774 eadem
3331 725 3650 791 operatione

2042 803 2261 870 spiritus
2314 805 2526 876 iniquus
2586 806 2851 871 educitur,
2886 823 2990 879 qua
3037 818 3259 865 sanctus
3312 809 3581 867 inducitur
3622 800 3650 868 '1’

2042 891 2314 964 Denique,
2342 904 2399 951 ut
2426 898 2477 951 in
2497 900 2867 955 centurionem
2888 888 3220 968 Cornelium,
3248 901 3474 956 necdum
3507 889 3672 958 tine-'

2042 993 2187 1055 tum,
2229 987 2466 1058 dignatio
2512 990 2743 1060 Spiritus
2772 990 2946 1045 sancti
2981 1006 3101 1046 cum
3144 992 3469 1048 charismate
3493 992 3643 1048 insu-

2042 1094 2137 1147 per
2163 1083 2458 1151 prophetia:
2484 1082 2788 1139 festinasset
2806 1126 2821 1150 ,
2853 1084 3052 1154 jejunia
3080 1085 3198 1155 ejus
3219 1086 3446 1155 legimus
3471 1102 3610 1143 exau
3629 1121 3641 1130 -

2038 1171 2172 1249 diu.
2204 1176 2339 1230 Puto
2364 1186 2560 1243 autem,
2587 1188 2642 1233 et
2671 1177 2957 1247 Apostolus
2984 1178 3035 1232 in
3068 1176 3302 1233 secunda
3328 1178 3642 1236 Corinthios

2039 1289 2159 1330 rum
2203 1273 2341 1327 inter
2386 1271 2599 1327 labores
2641 1285 2768 1326 suos
2814 1280 2869 1326 et
2918 1272 3152 1343 pericula
3199 1280 3255 1327 et
3301 1271 3638 1329 incommoda

2036 1375 2158 1438 post
2182 1364 2379 1420 famem
2409 1379 2471 1418 ac
2496 1365 2637 1418 sitim
2656 1406 2670 1430 ,
2699 1363 2903 1435 jejunia
2930 1378 3146 1436 quoque
3164 1364 3391 1437 plurima
3411 1380 3640 1423 enume-

2037 1470 2122 1516 rat
2147 1458 2212 1531 (ll
2235 1457 2349 1515 Cor.
2383 1458 2473 1524 X1,
2502 1458 2618 1529 ‘27).

2345 1558 2350 1563 ’
2658 1593 2886 1652 CAPUT
2936 1595 3027 1651 IX.

2105 1728 2420 1799 Principalis
2481 1729 2595 1784 lure
2662 1730 2871 1799 species
2926 1730 2979 1785 in
3030 1730 3381 1802 castigatione
3429 1715 3637 1798 victos,

2035 1831 2210 1893 potest
2240 1823 2347 1892 jam
2379 1822 2445 1877 de
2476 1822 2812 1877 inferioribus
2840 1838 3053 1894 quoque
3081 1823 3420 1879 abstinentia:
3444 1840 3638 1895 opera-

2034 1906 2270 1970 tionibus
2296 1914 2667 1986 prasjudicare,
2694 1925 2752 1970 ut
2772 1924 2824 1972 et
2851 1915 2929 1987 (4)
2959 1915 3088 1983 ipsis
3116 1930 3211 1985 pro
3237 1915 3398 1971 modo
3419 1916 3640 1972 utilibus

2031 2015 2122 2061 aut
2142 2008 2475 2062 necessariis.
2502 2006 2633 2061 Nam
2666 2007 2911 2078 exceptio
2935 2008 3235 2063 eduliorom
3256 2008 3695 2079 quorumdam,“

2030 2101 2328 2172 portionale
2351 2100 2614 2171 jejunium
2642 2109 2741 2155 est.
2771 2100 3122 2171 Inspiciamus
3149 2101 3306 2172 igitur
3326 2113 3379 2157 et
3407 2100 3507 2175 (Ῑ)
3537 2116 3634 2158 xe-

2033 2194 2407 2265 r0phagiarum
2450 2194 2741 2249 novitatem
2772 2204 2859 2248 aut
2907 2193 3229 2261 vanitatem,
3259 2193 3303 2248 si
3331 2208 3438 2248 non
3490 2202 3547 2249 et
3581 2193 3636 2249 iu

2031 2288 2113 2342 his
2161 2298 2266 2341 tam
2312 2287 2695 2357 antiquissima:
2765 2303 2924 2358 quam
2968 2286 3355 2343 efficacissimae
3414 2287 3632 2358 religio-

2030 2379 2112 2432 nis
2147 2379 2390 2449 operatio
2430 2389 2532 2433 est.
2573 2378 2756 2434 Redeo
2804 2379 2871 2434 ad
2913 2380 3184 2435 Danielem
3216 2390 3270 2435 et
3296 2377 3491 2435 fratres
3515 2379 3633 2449 ejus

2027 2470 2363 2540 leguminum
2401 2470 2689 2541 pabulum,
2745 2480 2798 2525 et
2863 2485 3016 2541 aqua:
3072 2480 3255 2542 potum
3312 2470 3529 2527 ferculis
3576 2481 3632 2527 et.

2026 2560 2338 2631 oenophoris
2397 2562 2556 2632 regiis
2613 2564 2996 2632 praeferentes,
3050 2572 3211 2633 atque
3274 2562 3467 2619 exinde
3528 2560 3634 2617 for-

2026 2656 2307 2722 mosiores,
2355 2652 2433 2727 (g)
2484 2670 2550 2710 ne
2600 2655 2693 2724 qui
2755 2653 2860 2728 (5)
2904 2655 2971 2710 de
3020 2655 3200 2725 specie
3247 2669 3459 2734 quoque
3502 2668 3630 2710 eor-

2026 2750 2231 2820 pusculi
2280 2759 2511 2815 metuat;
2562 2758 2815 2804 caeterum
2881 2748 3074 2820 spiritu
3141 2748 3366 2821 insuper
3430 2748 3627 2804 cultos.

2027 2843 2179 2897 Dedit
2205 2842 2349 2897 enim
2402 2842 2544 2909 Deus
2595 2839 3010 2896 adolescentulis
3050 2832 3335 2895 ‘scientiam
3365 2846 3420 2894 et
3464 2838 3626 2894 intel-

2024 2933 2295 3005 ligentiam
2340 2934 2393 2988 in
2436 2932 2579 2988 omni
2620 2932 2956 3001 litteratura,
2997 2939 3054 2986 et
3114 2930 3315 2987 Danieli
3380 2931 3435 2985 in
3488 2932 3630 2986 onmi

2022 3026 2206 3092 verbo,
2259 3036 2304 3081 et
2370 3025 2425 3079 in
2491 3024 2734 3091 somniis,
2790 3034 2836 3079 et
2894 3025 2949 3078 in
3006 3025 3146 3079 omni
3205 3024 3388 3094 sophia
3446 3022 3623 3097 (Dan.

2021 3121 2076 3185 l,
2114 3118 2211 3192 l7)
2238 3134 2339 3190 qua
2363 3119 2470 3174 hoc
2510 3118 2683 3187 ipsum
2712 3133 2924 3189 quoque
2947 3126 3160 3188 saperet
3173 3158 3196 3183 ,,
3225 3118 3420 3189 quibus
3444 3117 3622 3174 modis

2018 3213 2087 3267 de
2126 3212 2238 3267 Deo
2279 3212 2656 3280 impetraretur
2683 3210 2883 3281 agnitio
2933 3219 3412 3266 Sacramentorum.
3464 3209 3623 3265 Anno

2016 3304 2247 3375 denique
2275 3305 2431 3361 tertio
2471 3305 2591 3376 Cyri
2645 3306 2785 3376 regis
2819 3305 3106 3361 Persarum
3133 3347 3147 3371 ,
3177 3319 3301 3360 cum
3332 3305 3385 3360 in
3408 3304 3619 3375 recogi-

2016 3407 2183 3452 tatum
2210 3398 2485 3453 incidisset
2506 3396 2761 3464 visionis,
2787 3397 2943 3452 aliam
2969 3396 3199 3452 formam
3227 3396 3616 3453 humiliationis

2016 3490 2308 3560 prospexit.
2358 3487 2425 3543 In
2459 3487 2598 3555 illis,
2644 3489 2841 3559 inquit,
2885 3490 3061 3545 diebus
3086 3530 3100 3551 ,
3129 3505 3221 3561 ego
3265 3488 3451 3544 Daniel
3479 3498 3620 3544 erant

2014 3581 2190 3651 lugens
2214 3621 2230 3648 ,
2285 3596 2376 3650 per
2433 3590 2533 3633 tres
2585 3578 2962 3647 hebdomadas,
3021 3597 3206 3652 panem
3263 3596 3467 3636 suavem
3518 3596 3619 3636 non

2012 3673 2137 3739 edi,
2197 3688 2317 3726 caro
2365 3681 2412 3727 et
2465 3673 2636 3726 vinum
2682 3689 2784 3727 non
2833 3674 3137 3728 introierunt
3190 3675 3244 3729 in
3296 3690 3353 3728 os
3411 3690 3613 3741 meum,

1980 3765 2122 3820 -0le0
2172 3775 2352 3820 unctus
2407 3781 2506 3820 non
2567 3783 2680 3821 sum
2723 3808 2737 3833 ,
2792 3768 2950 3824 donec
2991 3777 3463 3824 consummarentur
3518 3779 3619 3824 tres

2457 3857 2637 3926 quibus
2686 3860 2954 3915 transactis
3021 3860 3234 3933 angelus
3288 3860 3500 3917 emissus
3545 3870 3621 3916 est

2929 3953 3079 4008 homo
3150 3970 3202 4008 es
3268 3954 3617 4019 miserabilis;

2011 3858 2348 3912 hebdomadas
2389 3898 2404 3922 ,

2010 3950 2178 4006 taliter
2230 3951 2510 4023 adloquens
2556 3967 2575 4005 :
2621 3950 2802 4007 Daniel
2839 3993 2854 4018 ,

2009 4059 2072 4096 ne
2124 4042 2379 4109 timueris,
2438 4045 2681 4112 quoniam
2758 4060 2820 4099 ea:
2887 4044 2970 4100 die
3037 4046 3203 4112 prima
3265 4062 3367 4116 qua
3431 4044 3618 4101 dedisti

2012 4136 2237 4189 animam
2289 4146 2425 4188 tuam
2478 4136 2780 4207 recogitatui
2800 4145 2849 4190 el
2888 4135 3231 4191 Itumiliationi
3257 4153 3431 4191 coram
3465 4136 3572 4192 Deo
3596 4179 3614 4206 ,

2014 4226 2309 4281 exriudinnn
2349 4237 2421 4283 est
2446 4228 2648 4283 verbum
2677 4238 2853 4298 tuum,
2899 4239 2944 4284 et
2970 4246 3063 4303 ego
3092 4229 3295 4286 introivi
3328 4229 3474 4286 verbo
3504 4241 3609 4287 tuo.

1519 4357 1815 4417 LECTION
1823 4363 1905 4421 ES
1942 4364 2358 4422 VARIANTES.

363 4476 441 4541 (1)
460 4473 610 4541 Dura;
628 4475 750 4541 εἴπη-
1068 4534 1081 4541 -
1321 4517 1342 4541 .

358 4534 433 4614 ('2)
458 4537 774 4617 Reddidi'mus
795 4543 998 4600 vetera;
1024 4534 1084 4585 ad
1110 4545 1235 4585 nova
1258 4534 1389 4617 nu'ne
1413 4535 1513 4585 Lat.
1542 4548 1589 4587 e.
1618 4550 1662 4587 v.
1691 4537 1748 4587 ad
1783 4552 1905 4590 nova

299 4599 450 4654 etiam
473 4613 619 4662 nunc,
645 4599 767 4649 Jun.

2096 4541 2141 4593 ll
2170 4541 2241 4592 Ex
2264 4541 2416 4593 Seml.

2094 4602 2146 4668 δ)
2172 4604 2291 4665 Quis
2306 4602 2458 4657 Seml.

1926 4478 1982 4537 D
2095 4479 2147 4607 δῖ
2170 4478 2243 4554 Ex
2269 4478 2390 4531 add.
2416 4478 2567 4533 Seml.

2071 4477 2146 4668 is,
2170 4541 2458 4665 Baias-.1.

1659 4710 2216 4772 COMMENI‘ARIUS.

367 4831 443 4904 (τι)
480 4830 931 4904 Sacramentorum
971 4825 1294 4904 agnitionem.
1337 4823 1423 4879 Sic
1456 4835 1610 4879 vocat
1641 4827 1886 4904 peritiam

293 4897 679 4974 interpretandi
711 4900 907 4974 figuras
926 4897 1266 4974 etimagines
1285 4911 1498 4974 sacras,
1518 4912 1724 4974 _nempe
1754 4898 1891 4974 diri-

293 4968 707 5038 nitns’ohjectas
729 4968 781 5025 in
807 4969 1051 5024 somniis.
1082 4969 1430 5025 Sacramenta
1462 4968 1621 5037 igitur
1641 5010 1655 5034 ,
1681 4970 1888 5025 somnia

292 5058 322 5098 a
354 5046 461 5099 Iteo
491 5044 751 5097 immissa.
791 5042 907 5097 RIG.

365 5114 443 5188 (bl
478 5113 665 5188 Omnes
694 5112 959 5188 turbantur
987 5110 1260 5188 Sapltisla'.
1287 5110 1567 5181 Saphistas
1595 5110 1753 5188 dicit,
1798 5113 1888 5181 qui

290 5182 433 5243 alias
454 5186 753 5255 sapientes,
783 5185 1111 5241 somniorum
1142 5185 1456 5253 interpretes
1481 5182 1886 5307 ,gonjectores.

1555 5269 1624 5307 IG.

1555 5269 1624 5309 IG.

365 5328 438 5399 (r)
462 5325 665 5395 Negant
686 5324 823 5399 ultro
846 5325 914 5399 de
944 5324 1241 5399 pra’stantia
1262 5325 1488 5379 humana
1520 5340 1667 5399 posse
1696 5339 1885 5399 cogno-

288 5395 382 5452 sci;
417 5399 663 5452 Ilomano
684 5397 896 5467 ingenio
922 5396 1160 5466 praestari
1195 5411 1349 5467 posse
1377 5395 1706 5450 somniorum
1739 5395 1889 5450 scili-

286 5480 375 5525 cet
396 5469 667 5540 regiorum
692 5464 1222 5540 interpretationem.
1257 5464 1374 5540 [με.

361 5536 641 5611 (ωὐεαὶι
674 5536 865 5607 [aciein
904 5556 1050 5594 suam
1088 5538 1220 5597 Deo.
1266 5538 1571 5664 Conveﬁsus
1596 5536 1665 5591 ad
1697 5536 1887 5591 Deum.

1484 5625 1553 5664 te.

1484 5625 1553 5663 IG.

1433 5625 1498 5664 ut
1540 5648 1553 5660 .

357 5682 433 5749 (te)
478 5680 741 5752 Quatenus
786 5682 1085 5740 miserabilis
1132 5700 1200 5739 es.
1254 5682 1477 5752 Quanta:
1500 5625 1886 5737 cmiscrationis

284 5753 509 5830 gratiam
543 5749 768 5826 adeptus
793 5769 870 5812 es.
894 5754 1012 5814 llic.

2065 4829 2215 4911 (ΞΑ-Ρ.
2241 4832 2488 4911 ΙΧτσ-(Γ)
2520 4832 2972 4911 crop/regiarum
2990 4837 3259 4911 novitatem
3287 4848 3377 4911 ant
3403 4840 3604 4894 uanita-

1993 4903 2479 4976 lem._lmprobatur
2517 4903 2835 4961 abstinentia
2865 4922 2896 4961 a
2927 4906 3051 4961 vino
3100 4919 3155 4963 et
3193 4910 3460 4976 carnibus,
3500 4911 3602 4966 nisi

1993 4974 2333 5055 continentia:
2359 4992 2521 5055 causa
2553 4976 2601 5030 id
2626 4976 2736 5055 fiat,
2762 4994 2880 5032 can.
2899 4978 3077 5049 Apost.
3109 4980 3171 5034 51
3198 4991 3253 5055 et
3278 4982 3367 5037 55.
3395 4974 3473 5037 Lis
3499 4981 3602 5055 Pa,

2067 5044 2157 5121 (gl
2184 5045 2372 5121 Neqni
2413 5049 2477 5102 de
2512 5050 2675 5121 specie
2699 5064 2897 5118 quoque
2937 5044 3226 5121 corpusculi
3258 5062 3467 5107 utetuat.
3507 5044 3601 5108 Sié

1993 5115 2081 5171 lib.
2119 5116 2159 5170 ll
2210 5117 2279 5170 ad
2324 5115 2580 5173 uxorem;
2609 5115 2879 5174 Latebisne
2912 5128 2966 5175 lu
2985 5162 2998 5185 ,
3027 5115 3141 5175 cum
3170 5122 3413 5177 lectulum
3437 5165 3451 5186 ,
3484 5139 3602 5178 cum

1995 5188 2352 5261 corpusculum
2380 5199 2519 5243 tuum
2556 5190 2777 5261 signes?
2812 5192 2924 5247 Hoc
2942 5193 3087 5247 enim
3118 5194 3333 5248 tandem
3362 5196 3481 5250 loco
3500 5194 3602 5250 tio-

1998 5259 2786 5336 tabimus,‘Septiiniumstoica
2819 5262 2986 5336 forma
3015 5266 3317 5336 sic.passim
3341 5265 3507 5336 loqui,
3542 5276 3601 5321 ut

1995 5332 2370 5396 corpusculum
2412 5332 2587 5397 dicat,
2617 5342 2671 5387 et
2700 5333 2991 5392 lectulum.
3035 5345 3089 5391 et
3122 5332 3435 5395 arbuscula}

1995 5401 2400 5478 mulierculam,
2450 5413 2506 5457 et
2540 5404 2870 5478 cuniculum,
2925 5404 3317 5478 niotiuuculas,
3361 5418 3432 5478 et
3473 5423 3601 5478 por-

1998 5473 2294 5547 tiunculas,
2366 5484 2419 5529 et
2474 5484 2668 5529 caetera
2732 5475 3070 5544 hujusmodi,
3144 5473 3601 5547 quemadmodum

1996 5543 2067 5597 illi
2106 5550 2367 5611 σωμάτων.
2391 5550 2597 5600 obsidio»
2621 5548 2974 5615 ,ἀξιωμάτιεη
3016 5551 3247 5619 ἀγρίδιιν,
3274 5554 3598 5621 «pr/pinos,

1998 5620 2218 5681 λτξίὃιον,
2246 5621 2748 5695 ,ξουλάριοηένκίονδ
2790 5623 3204 5690 ἀρκυρωματίδιει,
3249 5620 3499 5695 ὁτξὲάρίοι,
3545 5630 3603 5683 cl

3439 5355 3502 5401 n,
3539 5346 3596 5392 et

2004 5696 2195 5744 ctrtcra
2245 5687 2295 5742 id
2339 5686 2508 5761 genus
2557 5686 2870 5762 Epictetica.
2902 5686 3021 5749 llic.
