4006 6280
307 248 415 306 963

240 341 247 349 ’
300 361 377 415 Ita
429 361 875 432 xerophagiarum
923 362 1197 417 miseratio
1243 370 1299 417 et
1349 360 1652 417 humiliatio
1702 370 1905 418 metum

303 455 609 526 expellunt,
668 463 721 509 et
771 470 932 510 aures
1010 455 1107 510 Dei
1174 453 1487 518 advertunt,
1544 465 1599 509 et
1665 454 1907 509 occulto—

302 564 423 603 rum
471 558 752 620 compotes
798 549 1017 604 faciunt.
1062 549 1323 604 Revertor
1356 549 1518 604 etiam
1567 548 1632 603 ad
1677 548 1905 613 Heliam,

305 655 426 694 cum
482 641 635 695 corvi
685 641 835 695 illum
889 655 1025 710 pane
1068 649 1123 694 ct
1159 653 1322 694 carne
1351 647 1597 694 saturare
1652 654 1910 695 consues-

306 739 447 798 sent,
479 746 574 786 cur
600 731 937 802 postmodum
963 729 1102 801 apud
1131 729 1396 786 Bersabee
1436 730 1636 786 Judarae
1677 732 1911 787 excitato

303 825 350 879 ei
383 824 448 879 de
472 839 662 879 somno
687 825 902 896 quidam
927 825 1016 880 ille
1047 825 1124 896 (l)
1153 825 1373 895 angelus
1398 826 1515 881 sine
1531 825 1693 880 dubio
1716 842 1908 897 panem

301 915 493 969 solum
518 926 573 972 et
614 900 809 988 aquam
854 917 1089 971 obtulit?
1133 917 1442 973 defecerant
1479 917 1625 973 corvi
1660 919 1750 989 qui
1785 934 1907 974 eum

230 1065 242 1085 ι
302 1009 574 1065 liberalius
618 1011 937 1080 pascerent?
977 1026 1043 1065 an
1101 1010 1322 1066 difﬁcile
1360 1012 1552 1081 angelo
1599 1010 1772 1067 fuerat
1815 1012 1910 1066 ali-

300 1122 460 1176 quem
496 1106 743 1161 alicunde
771 1105 839 1161 de
868 1106 1113 1161 convivio
1150 1105 1291 1176 regis
1326 1105 1628 1162 ministrum
1665 1120 1787 1162 eum
1826 1107 1909 1160 in-

300 1201 658 1256 structissimo
689 1200 889 1256 ferculo
911 1210 1119 1270 raptum
1147 1200 1212 1254 ad
1244 1199 1448 1254 Heliam
1478 1199 1808 1267 transferre;
1840 1201 1911 1255 si-

301 1301 394 1348 cut
427 1293 628 1347 Danicli
674 1291 756 1365 (ἓ)
804 1294 854 1347 in
882 1292 1055 1348 lacum
1083 1292 1294 1349 leonum
1339 1293 1596 1348 esurienti
1630 1295 1907 1363 prandium

307 1385 624 1441 metentinm
673 1384 970 1439 exhibitum
1003 1385 1138 1441 est?
1190 1383 1294 1440 Sed
1327 1386 1575 1440 CODinlui
1632 1387 1912 1455 Oportebat

302 1476 606 1546 exemplum
662 1476 863 1532 docens
922 1476 974 1529 in
1036 1487 1275 1548 tempore
1329 1491 1611 1546 pressurae,
1679 1487 1734 1533 et
1792 1494 1913 1548 per-

305 1570 615 1633 secutionis,
688 1579 741 1625 et
823 1569 1205 1640 cujuscumque
1259 1570 1697 1638 circumstantiic,
1756 1587 1912 1626 xero-

304 1665 507 1734 phagiis
568 1678 691 1720 esse
734 1663 1039 1719 vivendum.
1091 1663 1202 1717 Tali
1258 1664 1398 1718 victu
1456 1663 1618 1718 David
1685 1679 1910 1718 exorno-

1634 248 1840 305 LIBER
1881 248 1969 306 DE
2007 247 2314 328 IEJUNIIS.

3521 245 3628 304 966

1932 365 1984 425 Α
2008 361 2212 432 desset)
2237 358 2473 430 hoeipso
2499 360 2872 417 abstinentiam
2910 360 3017 417 vini
3046 360 3259 436 dignam
3304 353 3625 429 Deosuasii,

2011 467 2171 522 qnam
2188 453 2269 525 (5)
2287 467 2350 508 ex
2372 454 2687 510 necessitate
2706 452 2958 508 dissuasit
2979 451 3078 525 (Cf.
3098 450 3259 508 Levii.
3278 453 3349 521 X,
3367 452 3423 520 9;
3447 451 3624 507 Amos.

2014 543 2134 613 XV,
2174 546 2278 612 13;
2313 544 2490 601 IICor.
2519 545 2615 615 XI,
2637 547 2742 612 27;
2784 544 2936 600 Rana.
2962 544 3099 614 XIII,
3130 547 3233 613 15;
3263 544 3479 614 Tim.V,
3508 542 3622 616 95).

2634 637 2864 694 CAPUT
2920 637 2989 693 X.

2086 730 2161 803 (b)
2191 729 2369 801 .IEqne
2400 728 2473 802 (c)
2501 731 2757 787 stationes
2803 738 3049 796 nostras,
3080 738 3137 785 ut
3161 730 3437 801 indignas;
3464 744 3623 800 quas-

2014 822 2134 878 dam
2161 838 2289 879 vero
2319 832 2373 879 et
2411 824 2462 877 in
2510 839 2688 879 serum
2737 824 3074 891 constitutas,
3124 822 3375 879 novitatis
3408 820 3624 879 nomine

2016 915 2282 984 incusarat,
2326 916 2427 971 hoc
2454 932 2667 988 quoque
2717 932 2913 972 munus
2960 926 3013 971 et
3043 931 3109 971 ex
3160 900 3386 971 arbitrio
3413 914 3620 971 obeun-

2013 1008 2140 1064 dum
2170 1024 2291 1064 esse
2319 1009 2580 1075 dicentes,
2628 1019 2683 1067 et
2718 1025 2824 1065 non
2858 1010 2995 1065 ultra
3022 1024 3216 1064 nonam
3254 1008 3621 1078 detinendum,

2015 1101 2082 1157 de
2108 1116 2206 1157 suo
2237 1102 2449 1158 scilicet
2493 1118 2665 1158 more.
2708 1103 2814 1159 Sed
2847 1104 2986 1174 quod
3018 1105 3277 1173 pertineat
3302 1103 3368 1158 ad
3398 1102 3622 1159 interdi-

2014 1196 2206 1251 ctionis
2233 1196 2605 1264 quiesﬁonem,
2639 1196 2806 1251 semel
2861 1211 2958 1266 pro
3003 1195 3253 1251 omnibus
3279 1195 3484 1251 caussis
3512 1210 3618 1251 resv

2015 1287 2289 1358 pondebo.
2321 1286 2469 1341 Nunc
2496 1286 2562 1342 ad
2589 1287 2861 1357 proprium
2891 1286 3052 1357 lmjns
3079 1288 3277 1358 speciei
3308 1287 3620 1356 articulmn,

2013 1378 2082 1435 de
2112 1379 2272 1435 modo
2295 1382 2553 1450 temporis
2577 1381 2719 1448 dico,
2740 1379 2808 1436 de
2831 1381 2959 1451 ipsis
2986 1381 3134 1452 prius
3151 1382 3619 1450 expostulandum,

2015 1473 2156 1528 unde
2183 1474 2319 1528 hanc
2348 1472 2572 1541 formam
2599 1488 2733 1527 nova
2764 1470 3081 1529 dirimendis
3136 1468 3455 1531 stationibus
3487 1489 3622 1545 pra:-

2017 1560 2361 1621 scribant.'Si
2389 1607 2402 1631 ,
2434 1566 2553 1636 quia
2584 1566 2795 1632 Petrus,
2825 1576 2878 1621 et
2917 1566 3005 1636 qui
3047 1581 3167 1621 cum
3211 1581 3306 1632 eo,
3336 1566 3405 1621 ad
3434 1566 3621 1623 horam

2016 1672 2215 1712 nonam
2239 1657 2497 1711 orationis
2529 1657 2785 1722 templum
2830 1658 3139 1728 introgressi
3189 1657 3456 1729 leguntur,
3502 1657 3623 1728 quis

305 1759 507 1830 leges-in
537 1773 687 1814 suam
727 1757 1022 1827 expressit,
1056 1758 1291 1813 cinerem
1332 1756 1545 1828 quidem
1572 1758 1738 1813 edens
1769 1757 1907 1814 velut

2016 1748 2145 1803 mihi
2200 1749 2443 1818 probabit
2483 1748 2562 1820 (6)
2603 1749 2724 1803 illos
2777 1764 2837 1804 ea
2890 1748 2977 1804 die
3028 1749 3257 1805 statione
3301 1750 3530 1817 functos,
3564 1757 3623 1805 nt

302 1866 513 1921 panem,
544 1851 593 1905 id
612 1861 929 1920 estrpanctn
952 1850 1091 1906 velut
1131 1850 1369 1906 cinerem
1415 1850 1622 1904 aridum
1654 1859 1706 1905 et
1733 1850 1908 1905 sordi-

309 1946 456 2011 ιιιιιη,
488 1955 668 2013 potum
695 1959 819 1999 vero
845 1942 971 1999 ﬁetu
1004 1945 1255 2009 miscens,
1282 1945 1466 2015 utique
1493 1960 1587 2014 pro
1614 1944 1753 1999 vino.
1788 1943 1902 2017 (Ps.

254 2054 261 2059 ί
299 2036 387 2104 CI,
435 2037 521 2108 10)
559 2032 727 2092 liabet
773 2039 914 2092 enim
955 2046 1010 2091 et
1057 2036 1377 2091 abstinentia
1408 2037 1517 2091 vini
1544 2053 1670 2092 suos
1701 2037 1904 2104 titulos,

300 2144 420 2198 quae
464 2138 518 2183 ct
550 2128 856 2185 Samuelem
902 2128 1011 2183 Deo
1055 2137 1297 2194 voverat,
1326 2124 1379 2183 et
1414 2128 1682 2184 Aaronem
1711 2143 1904 2184 conse-

300 2229 495 2275 crarat.
526 2219 657 2276 Nam
700 2221 767 2275 de
799 2220 1046 2276 Sanmele
1075 2230 1264 2275 mater.
1298 2218 1364 2273 Et
1394 2221 1595 2286 vinum,
1627 2220 1829 2289 inquit,
1861 2229 1906 2275 et

305 2315 555 2369 cbriamen
585 2331 683 2369 non
697 2314 824 2369 bibet
842 2313 884 2386 (I
904 2314 1030 2385 Reg.
1050 2314 1092 2381 Ι,
1111 2311 1198 2385 I5)
1221 2331 1233 2367 :
1258 2313 1375 2367 talis
1388 2313 1592 2368 enimet
1610 2313 1720 2382 ipsa
1741 2313 1903 2368 Deum

299 2407 507 2461 orabat.
544 2407 610 2461 Et
641 2408 899 2461 Dominus
927 2405 993 2461 ad
1027 2408 1201 2460 Aaron
1230 2423 1242 2458 :
1294 2404 1475 2459 Vinum
1502 2416 1546 2460 et
1576 2406 1786 2460 siceram
1804 2423 1904 2460 non

296 2497 491 2566 bibatis,
522 2509 577 2553 lu
601 2508 645 2553 et
670 2499 766 2568 filii
794 2501 867 2552 tui
896 2508 1006 2569 post
1041 2507 1088 2551 te
1109 2495 1211 2569 (ὅ),
1239 2498 1282 2551 si
1307 2497 1508 2568 quando
1537 2498 1887 2569 ingredieniini

297 2591 700 2658 tabernaculum,
719 2591 798 2645 vel
812 2591 1091 2645 ascemletis
1111 2590 1178 2643 ad
1199 2590 1379 2653 altare,
1403 2600 1447 2644 et
1475 2607 1575 2645 non
1599 2592 1900 2646 moriemini.

188 2708 225 2739 ν
302 2686 454 2741 Adeo
484 2687 784 2741 morientur
813 2685 902 2756 qui
931 2700 1035 2739 non
1063 2684 1226 2740 sobrii
1270 2684 1350 2756 (4)
1374 2684 1425 2739 in
1457 2683 1695 2741 Ecclesia
1716 2687 1905 2741 minis-

302 2777 578 2832 traverint.
603 2776 692 2832 Sic
717 2786 770 2832 et
796 2775 978 2831 Israeli
1008 2772 1250 2845 proximo
1275 2776 1597 2844 caprobrat:
1630 2775 1698 2830 Et
1727 2787 1901 2847 potum

295 2869 497 2924 dabalis
516 2868 843 2939 sanctiﬁcatis
864 2869 987 2923 meis
1010 2869 1200 2923 vinum.
1231 2868 1306 2941 (η)
1340 2869 1402 2924 Ει
1429 2869 1543 2925 Inec
1571 2880 1745 2925 autem
1774 2873 1899 2926 stri-

182 3011 197 3025 ,
292 2969 444 3015 etura
475 2969 631 3031 potus
661 2959 1000 3032 xerophagia:
1023 2960 1199 3031 portio
1230 2970 1333 3016 est.
1357 2960 1669 3034 Quanquam
1698 2962 1899 3019 ubi'ab-

293 3052 545 3107 stincntia
576 3053 682 3106 vini
709 3062 798 3106 aut
819 3067 849 3107 a
876 3052 986 3107 Deo
1022 3050 1275 3121 exigitur,
1295 3061 1387 3107 aut
1410 3054 1477 3108 ab
1502 3052 1718 3109 homine
1739 3068 1900 3111 vove-

294 3149 403 3208 tnr,
435 3142 543 3197 illic
567 3142 893 3215 intelligatur
935 3142 1096 3198 etiam
1143 3143 1320 3212 pabnli
1370 3158 1617 3212 pressura
1670 3144 1895 3200 formam

297 3245 624 3304 praestruens
672 3237 835 3306 potui.
864 3236 1047 3306 Qualis
1092 3237 1238 3293 enim
1286 3252 1432 3298 esus.
1484 3237 1605 3292 talis
1631 3248 1686 3292 et
1712 3248 1895 3308 potus.

216 3392 237 3403 Ν
293 3325 596 3382 Verisimile
625 3342 728 3382 non
766 3337 866 3393 est,
900 3339 956 3383 ut
980 3329 1101 3399 quis
1142 3328 1420 3383 dimidiam
1446 3328 1625 3400 gulam
1659 3329 1768 3384 Deo
1796 3331 1894 3384 im-

290 3417 481 3482 molet,
511 3418 661 3489 aquis
706 3419 935 3484 sohrius,
973 3429 1028 3476 et
1073 3418 1207 3475 cibis
1252 3420 1452 3476 ebrius.
1499 3422 1578 3475 An
1623 3431 1799 3476 antem
1845 3429 1899 3478 et

290 3512 585 3582 Apostolus
618 3512 970 3584 xerophagias
1010 3514 1171 3578 norit,
1219 3513 1309 3584 qni
1356 3513 1556 3584 majora
1584 3514 1896 3571 celebrave-

288 3612 400 3670 rat,
426 3603 569 3660 sitim
597 3615 650 3660 et
672 3606 862 3661 famem
895 3615 949 3659 et
975 3605 1139 3659 multa
1161 3604 1386 3676 jejunia,
1407 3605 1496 3676 qui
1524 3604 1812 3661 ebrietates
1842 3615 1896 3663 et

286 3702 769 3757 commessatioues
798 3711 1159 3768 recusaverat,
1203 3701 1287 3756 vel
1315 3700 1384 3755 de
1410 3700 1673 3771 discipulo
1701 3700 1887 3757 Timo-

286 3795 416 3850 theo
439 3796 739 3865 argumenti
775 3793 905 3850 satis
953 3803 1070 3863 est,
1115 3809 1274 3866 quem
1302 3803 1521 3865 propter
1553 3795 1893 3851 stomachum

284 3896 341 3942 et
370 3887 614 3943 assiduas
655 3885 1052 3943 imbecillitates
1105 3887 1318 3942 modico
1362 3885 1486 3941 vino
1538 3902 1764 3943 monens
1795 3889 1889 3955 uti,

282 3994 394 4050 quo
417 3979 507 4034 ille
535 3994 641 4034 non
672 3985 738 4034 “ex
769 3979 1102 4036 institutione
1121 4021 1136 4047 ,
1183 3979 1276 4035 sed
1303 3995 1368 4035 ex
1397 3979 1680 4035 devotione
1725 3980 1896 4036 absti-

284 4069 453 4126 nebat
492 4074 789 4139 (czcterum,
837 4070 1116 4128 stomacho
1181 4072 1350 4143 magis
1394 4071 1727 4128 consuetudo
1772 4088 1896 4143 pro-

2017 1838 2206 1894 horam
2234 1856 2428 1895 nonam
2450 1841 2514 1895 ad
2537 1840 2828 1895 clausulam
2855 1850 2909 1897 et
2936 1842 3346 1912 expunctionem
3373 1842 3621 1898 stationis

2013 1931 2441 2001 interpretetur?
2482 1931 2644 2003 Atqui
2697 1932 2901 1987 facilius
2948 1933 3188 1989 invenias
3234 1934 3448 1989 Petrum
3477 1934 3608 1989 hora

2012 2035 2163 2081 sexta
2189 2024 2431 2096 capiendi
2457 2025 2561 2081 cibi
2589 2040 2797 2090 caussa,
2819 2027 2965 2097 prius
2992 2026 3044 2081 in
3070 2027 3346 2097 superiora
3377 2028 3443 2083 ad
3461 2043 3620 2082 oran-

2011 2116 2136 2172 dum
2192 2116 2536 2187 ascendisse,
2587 2134 2691 2186 quo
2751 2116 2916 2190 magis
2957 2114 3066 2190 (ά)
3107 2126 3256 2174 sexta
3307 2118 3415 2175 diei
3478 2120 3620 2185 liniri

2010 2208 2185 2265 ofﬁcio
2216 2208 2338 2264 huic
2366 2211 2550 2279 possit,
2593 2226 2712 2281 quae
2759 2210 2889 2266 illud
2928 2211 3240 2267 absolutura
3265 2222 3386 2283 post
3414 2214 3616 2269 oratio-

2010 2320 2133 2360 nem
2155 2304 2454 2360 videbatur.
2486 2305 2683 2370 Porro,
2732 2320 2854 2360 cum
2902 2304 2955 2359 in
3007 2306 3198 2361 eodem
3230 2307 3619 2364 connuentario

2009 2398 2189 2465 Lucae,
2217 2406 2272 2453 et
2302 2398 2456 2452 tertia
2490 2399 2622 2453 hora
2642 2399 2912 2461 (orationis
2938 2400 3359 2467 demonstretur,
3392 2402 3493 2458 sub
3513 2417 3616 2473 qna

2010 2491 2212 2562 Spiritu
2235 2493 2436 2548 Sancto
2460 2492 2668 2555 initiati,
2692 2507 2788 2563 pro
2800 2492 2963 2549 ebriis
2980 2492 3312 2551 habebantur
3335 2512 3351 2561 ;
3372 2505 3425 2552 et
3441 2499 3614 2565 sexta,

2007 2600 2113 2655 qua
2144 2584 2336 2640 Petrus
2355 2583 2599 2640 ascendit
2639 2585 2690 2640 in
2736 2585 3011 2655 superiora
3038 2605 3051 2653 ;
3087 2597 3141 2644 et
3170 2603 3330 2654 nona,
3353 2605 3455 2659 qua
3485 2578 3618 2646 tem;-

2007 2676 2150 2746 plmn
2197 2688 2322 2732 sunt
2375 2677 2712 2748 introgressi,
2756 2693 2852 2732 cur
2902 2694 3008 2735 non
3066 2674 3426 2751 intelligamus
3469 2682 3616 2739 salva

2009 2766 2161 2838 plane
2183 2767 2545 2824 indiﬁ‘erentia
2569 2782 2782 2840 semper
2807 2766 2864 2824 e‘t
2891 2769 3087 2841 ubique
3117 2780 3173 2826 et
3200 2772 3343 2826 (ιιιιηί
3375 2783 3617 2843 tempore

2011 2861 2198 2917 orandi
2242 2860 2346 2935 (7),
2379 2870 2553 2917 tamen
2597 2871 2707 2917 tres
2746 2862 2873 2916 istas
2916 2861 3079 2917 horas
3130 2874 3183 2917 nt
3215 2863 3533 2935 insigniores
3562 2865 3614 2921 in

2006 2954 2165 3011 rebus
2215 2953 2491 3020 humanis,
2547 2970 2667 3025 quae
2720 2954 3413 3028 diemdistribunnt,qua}
3446 2972 3613 3027 nego-

2007 3049 2078 3104 tia
2100 3048 2448 3120 distinguunt,
2474 3046 2544 3121 (ε)
2572 3063 2689 3119 quae
2714 3048 2924 3119 publice
2947 3059 3220 3115 resonant,
3239 3050 3309 3105 ita
3336 3062 3389 3106 et
3413 3051 3613 3107 solem-

1925 3153 1969 3217 C
2006 3144 2185 3198 niores
2235 3141 2400 3198 fuisse
2463 3144 2515 3197 in
2568 3141 2901 3198 orationibus
2962 3142 3200 3199 divinis?
3247 3144 3401 3212 Quod
3449 3144 3611 3201 etiam

2000 3235 2189 3292 suadet
2218 3235 2449 3289 Danielis
2481 3249 2693 3305 quoque
2736 3246 3109 3306 argumentum
3138 3246 3219 3292 ter
3253 3236 3340 3291 die
3381 3236 3607 3302 orantis,

2002 3327 2186 3397 utique
2214 3342 2309 3398 per
2333 3326 2631 3397 aliquarum
2677 3326 2756 3399 (8)
2789 3327 3039 3382 horarum
3079 3329 3470 3399 exceptionem,
3503 3344 3613 3386 non

2001 3420 2224 3475 aliarum
2247 3430 2427 3475 autem
2457 3435 2615 3490 quam
2641 3420 3014 3490 insigniorum,
3044 3421 3237 3477 exinde
3270 3421 3607 3492 Apostolico-

2002 3531 2118 3569 rnm
2145 3557 2159 3581 ,
2214 3514 2383 3569 tertiae
2404 3555 2417 3577 ,
2447 3524 2614 3568 sexta:
2638 3556 2654 3581 ,
2686 3529 2862 3569 nouie.
2912 3514 3043 3570 Hinc
3085 3515 3262 3587 itaque
3292 3524 3345 3572 et
3387 3515 3605 3572 Petrum

2001 3607 2176 3663 dicam
2207 3622 2271 3663 ex
2300 3616 2480 3662 vetere
2513 3606 2689 3677 potius
2723 3621 2822 3663 usu
2854 3622 3049 3663 nonam
3081 3604 3418 3676 observasse,
3450 3610 3609 3667 tertio

2002 3710 2243 3756 orantem
2272 3716 2537 3771 supremae
2567 3701 2827 3757 orationis
2852 3717 3100 3759 munere.
3136 3703 3260 3759 Ilaec
3285 3715 3462 3760 autem
3488 3720 3612 3774 pro-

2002 3804 2120 3865 pter
2153 3795 2294 3861 illos,
2327 3794 2501 3864 quise
2542 3802 2726 3863 putant
2754 3810 2818 3850 ex
2855 3798 3023 3851 forma
3053 3796 3194 3852 Petri
3223 3811 3405 3868 agere,
3446 3812 3610 3866 quam

2000 3886 2281 3956 ignorant;
2314 3900 2419 3939 non
2463 3886 2615 3955 quasi
2673 3898 2992 3955 rcSpuamus
3023 3903 3256 3955 nonam,
3309 3888 3393 3944 cui
3433 3898 3483 3943 et
3526 3888 3607 3962 (9)

1999 3987 2183 4049 quarta
2212 3976 2440 4042 sabbati,
2464 3988 2515 4032 et
2541 3986 2690 4033 sexta
2719 3978 3007 4048 plurimum
3027 3977 3298 4053 fungimur
3321 3998 3334 4034 :
3359 3979 3452 4035 sed
3480 3979 3627 4051 quia'

2007 4086 2200 4129 eorum
2240 4087 2359 4141 quae
2389 4086 2455 4126 cx
2500 4070 2786 4128 traditione
2825 4072 3199 4143 observantur,
3258 4083 3404 4130 tanto
3441 4074 3611 4147 magis

1526 4172 1912 4247 L'ECTIONES
1955 4188 2372 4246 \‘ARIANTES.

345 4278 423 4341 (l)
447 4276 660 4341 Quidem
686 4277 755 4328 illi
780 4278 931 4330 Seml.
956 4279 1021 4329 illi
1047 4294 1136 4331 ms.
1170 4282 1416 4332 Wouwer.

346 4340 421 4410 (ἓ)
445 4340 643 4410 Danieli
670 4341 718 4410 in
741 4352 901 4402 saera,
1051 4342 1236 4410 Daniel
1253 4342 1404 4394 Seml.
1425 4344 1473 4394 in
1491 4343 1597 4393 lacu
1620 4345 1762 4410 Leop.

2162 4280 2344 4344 Probat
2364 4278 2516 4331 Seml.
2538 4282 2715 4344 probet
2740 4285 2869 4336 Jun.

2170 4342 2416 4394 Oraudum
2439 4342 2593 4393 Senil.

2062 4280 2144 4407 iii

370 4405 425 4528 ὅ)
455 4401 521 4453 Ut
548 4402 729 4476 Rigalt.
775 4411 828 4455 tu
853 4401 905 4456 et
926 4406 1054 4455 ﬁlius
1078 4412 1189 4457 tuus
1208 4407 1349 4469 Leop.
1713 4401 1724 4410 '
1756 4438 1759 4451 ι
2158 4406 2376 4455 Aliarum
2399 4404 2550 4456 Seml.

370 4466 399 4532 ᾗ
441 4465 625 4532 Sobria
639 4475 790 4532 fratr.
1915 4515 1967 4532 ἢ
2082 4469 2113 4518 9
2160 4468 2265 4527 Qua
2292 4474 2347 4518 et
2366 4467 2474 4519 cod.
2509 4471 2550 4520 11

370 4406 425 4528 5)
455 4406 521 4453 Ut
548 4406 729 4476 Rigalt.
775 4411 828 4455 tu
853 4413 905 4456 et
926 4406 1054 4455 ﬁlius
1078 4412 1189 4457 tuus
1208 4407 1349 4469 Leop.
1713 4406 1723 4410 ’
1756 4438 1759 4451 ι
2059 4406 2135 4532 (8)
2158 4406 2376 4455 Aliarum
2399 4406 2550 4456 Seml.

340 4406 419 4593 ἔξ)
438 4465 790 4588 ἓξὲξ-ἐρ
1915 4515 1971 4575 D
2082 4469 2113 4518 9
2160 4468 2265 4527 Qua
2292 4474 2347 4518 et
2366 4467 2474 4519 cod.
2509 4470 2698 4522 Wouw.

363 4515 419 4593 5)
438 4515 789 4588 Quam
1915 4515 1971 4575 D

654 4628 659 4633 '
790 4628 793 4629 '
1650 4615 2210 4673 COMMENTARIUS.

342 4709 421 4782 (ει)
474 4708 677 4783 Etjiazc
700 4719 869 4766 autem
895 4712 1139 4783 strictura
1179 4719 1325 4782 potus
1367 4711 1696 4783 xerophagia:
1724 4715 1891 4782 portio

194 4831 198 4836 .
270 4780 368 4836 est.
401 4780 513 4837 'Ait
541 4780 851 4852 Septimius,
885 4783 987 4837 hae
1008 4780 1185 4837 forma
1209 4791 1363 4851 polus
1388 4780 1693 4853 perstricta,
1726 4780 1889 4840 etiam

274 4853 498 4909 aridum
534 4852 785 4977 gétbulnm
812 4853 1120 4925 signiﬁcari.
1148 4853 1271 4910 Rue.
1329 4875 1343 4889 ι

343 4923 508 4977 CAP.
599 4962 611 4977 .
640 4955 713 4964 —
741 4923 823 4977 lbi
851 4924 1024 4977 Adnue
1042 4926 1279 4977 stationes
1303 4941 1343 4977 ill

343 4923 611 4997 CAP._X.
640 4955 713 4964 —
741 4923 823 4996 (b)
851 4923 1024 4991 Eque
1042 4926 1279 4997 stationes
1303 4934 1521 4997 nostras,
1559 4935 1614 4978 ut
1636 4926 1890 4997 indignas.

272 4993 483 5051 Sensus
501 4993 758 5050 Auctoris
774 4993 972 5051 evincit
997 4995 1299 5062 legendum,
1322 4996 1556 5053 indictas.
1585 5008 1637 5050 ut
1660 5005 1714 5051 et
1738 4993 1897 5066 paulo

272 5066 557 5135 post:Sed
576 5068 711 5136 quod
740 5067 1066 5131 perducatur!
1092 5066 1380 5120 indictionis
1399 5068 1742 5137 quaestionem.
1772 5069 1897 5137 l‘sy-

268 5139 446 5197 ebici.
480 5138 686 5207 inquit,
714 5136 972 5210 stationes
1009 5147 1223 5210 nostras
1238 5136 1521 5203 accusant,
1557 5147 1613 5191 ut
1640 5136 1893 5210 indictas,

271 5220 327 5261 et
359 5212 411 5263 in
430 5224 613 5263 serum
641 5208 980 5264 constitutas.
1011 5220 1173 5277 atque
1192 5209 1294 5264 hnc
1314 5224 1508 5263 munus
1534 5208 1747 5279 quidem
1777 5225 1896 5265 esse

269 5295 382 5334 non
432 5279 824 5336 indiscendnm.
855 5280 949 5334 sed
978 5296 1043 5335 ex
1083 5280 1304 5334 arbitrio
1329 5279 1667 5344 obeundum;
1701 5290 1754 5333 et
1787 5296 1891 5334 non

275 5352 329 5404 in
366 5366 552 5405 serum
607 5352 885 5414 constitui,
925 5351 1019 5406 sed
1067 5349 1135 5403 ad
1180 5365 1374 5405 nonam
1418 5350 1593 5405 dirimi
1632 5352 1892 5406 stationes

269 5422 481 5476 debere
510 5421 860 5486 contendunt.
893 5420 1014 5478 Rto.

349 5492 432 5574 (c)
472 5491 732 5574 Stationes
757 5503 956 5574 nostra;
997 5502 1050 5546 ut
1091 5492 1351 5574 indignas,
1375 5491 1657 5574 etc.._Dixit
1684 5491 1753 5546 de
1783 5502 1894 5574 sta-

271 5561 523 5618 tionibus
551 5563 699 5629 alibi,
730 5564 893 5618 statio
918 5575 1096 5618 autem
1124 5577 1154 5616 a
1178 5561 1389 5634 jejnnio
1418 5561 1616 5628 differt,
1646 5564 1892 5632 quamvis

271 5579 523 5618 nomth
551 5579 699 5629 anni,
730 5579 893 5618 srano
918 5579 1096 5618 autem
1124 5579 1154 5616 a
1178 5579 1389 5687 1?;an
1418 5579 1616 5628 utuert,
1646 5579 1892 5632 qnanms

269 5634 324 5689 id
385 5650 499 5688 non
549 5634 824 5689 existimet
850 5634 1161 5693 rPamelins.
1267 5641 1347 5687 rat
1398 5634 1540 5687 enim
1611 5633 1894 5704 religiosus

267 5705 498 5771 cultus,
533 5706 673 5775 qnml
730 5705 809 5778 ad
840 5707 1081 5778 synaxim
1103 5704 1784 5778 accedentesChristiani
1827 5705 1892 5759 ad

274 5792 484 5841 nontam
533 5774 702 5852 usque
738 5774 941 5853 jejunio
985 5776 1378 5853 producebant,
1444 5775 1642 5854 dupch
1698 5774 1897 5849 quippe

1995 4710 2562 4789 erat‘olimjcjnnium,
2590 4712 2820 4789 alterum
2845 4716 2985 4788 quod
3003 4716 3067 4774 ad
3091 4731 3368 4789 vesperam
3399 4725 3604 4776 tantum

1998 4783 2301 4859 ﬁniebatur,
2357 4783 2517 4853 quale
2542 4794 2658 4838 erat
2684 4783 3145 4859 quadragesimale
3174 4783 3448 4845 {alterum
3476 4807 3606 4847 vero

1997 4854 2235 4932 qundad
2264 4870 2457 4932 nonam
2490 4854 3458 4932 tantumprorogabaturicujusmodi
3486 4871 3605 4917 erat

1995 4925 2257 4995 jrjttniuin
2306 4925 2450 4979 feria:
2494 4926 2530 4979 4
2574 4935 2627 4979 et
2657 4927 2709 4981 6.
2728 4925 2838 4984 'Hic
2892 4925 3073 4985 autem
3103 4925 3450 4986 Monianistas
3496 4948 3605 4989 non

2002 5012 2132 5071 vero
2173 4997 2488 5071 Catholieos
2514 4995 2828 5067 impugnat,
2860 5000 3001 5070 quod
3033 5015 3315 5071 perperam
3374 5003 3606 5058 asseruit

2009 5068 2294 5121 I’amclins.
2339 5067 2436 5130 Le
2459 5066 2551 5120 Pa.

2075 5138 2152 5209 (d)
2195 5138 2352 5213 sexta
2399 5138 2682 5213 diei/iniri
2710 5138 2848 5213 ‘Imic
2898 5141 3058 5212 oﬂieio
3107 5145 3283 5212 possit.
3334 5144 3445 5200 I-Iec
3497 5154 3599 5213 est,

2002 5210 2275 5283 pr:_t.-l_iniri,
2305 5208 2677 5283 determinari.
2707 5208 2877 5283 Rm.”
2929 5208 2952 5212 ”
3014 5282 3021 5283 ί
3107 5208 3117 5212 ’
3320 5268 3334 5283 .,

2071 5280 2145 5351 (e)
2190 5281 2315 5347 Qua:
2344 5280 2539 5353 publice
2558 5290 2813 5353 resonant.
2839 5281 2979 5353 Ergo
3002 5282 3244 5351 Septimii
3264 5280 3462 5340 saeculo
3491 5294 3603 5343 tres

1996 5349 2145 5424 hora:
2190 5360 2398 5424 tantum
2438 5352 2553 5424 ista;
2590 5349 2937 5424 insigniores
2975 5349 3191 5423 publice
3252 5356 3599 5424 resonabant,

1995 5421 2298 5499 signodato
2328 5420 2449 5499 tuba
2468 5421 2549 5499 vel
2568 5419 2939 5499 tintinttabnlo.
2972 5419 3450 5499 (Eilllgl'lllllpi'lSCIS
3468 5419 3601 5496 quo;

1999 5491 2101 5563 que
2134 5492 2387 5563 [laritanis
2426 5491 2610 5563 eadem
2641 5492 2742 5545 diei
2775 5496 2942 5561 spatia
2966 5491 3462 5562 significari-Solita,
3485 5491 3600 5554 ἐιε-

1984 5562 2162 5635 censu
2191 5563 2275 5617 ubi
2299 5562 2822 5635 Prwtnriividehatnr
2851 5564 2913 5617 ad
2947 5566 3198 5635 populum
3222 5569 3599 5635 pronuntiante

2001 5633 2187 5690 horam
2243 5647 2364 5688 esse
2411 5634 2645 5694 tertiatur,
2695 5631 3274 5702 itemque'meritliem,
3309 5648 3359 5692 et
3411 5635 3598 5695 horam

2001 5719 2216 5774 nonam,
2245 5702 2501 5761 discimus
2528 5720 2596 5761 ex
2630 5702 2881 5765 Varronis
2901 5707 3086 5781 quinto
3116 5708 3183 5765 de
3209 5708 3390 5836 ﬁngite
3414 5710 3598 5771 latina.

3262 5796 3325 5836 te.
3384 5834 3389 5836 _

3233 5782 3325 5838 itu.
3377 5834 3389 5855 ,
