4006 6280
320 261 429 321 967

329 572 474 619 mate
497 571 589 618 aut
616 556 1022 629 conﬁrmentur,
1053 571 1146 617 aut
1190 554 1546 632 corrigantur.
1601 560 1669 616 Et
1711 562 1756 616 si
1788 578 1922 633 qua,

330 656 519 728 inquit,
550 656 819 727 ignoratis,
839 654 1089 710 Dominus
1110 653 1249 711 vobis
1263 654 1675 728 reuelabil(Phil.
1696 655 1781 721 III,
1807 654 1923 726 15).

329 747 534 820 Itaque,
567 750 804 819 seposito
837 750 1215 810 conﬁrmatore
1243 749 1482 804 euntium
1511 749 1734 805 istorum
1764 749 1929 805 Para-

1778 261 2241 321 TERTULLIANI

3520 263 3629 321 968

118 422 127 427 .
232 410 280 451 -_,
322 374 541 446 dignam
585 374 849 434 rationem
898 374 1093 433 atl‘erre
1157 374 1418 433 debemus
1441 415 1457 443 ,
1487 382 1689 447 quanto
1732 385 1925 433 carent
1948 377 2004 440 Α
2029 380 2158 450 ejus,
2182 388 2228 434 et
2255 385 2360 434 tota
2390 386 2527 434 terra
2562 395 2664 434 non
2693 378 2975 451 prandebat
3011 378 3152 451 (t3).
3191 376 3419 435 Tantam
3434 378 3630 435 'autcm

90 442 207 509 ὥθ’
244 442 277 481 Γ
326 442 620 541 Scriptura:
650 470 989 537 auctoritate,
1039 469 1213 527 donec
1256 470 1437 541 aliquo
1482 442 1687 527 caelesti
1716 470 1924 528 charis-
2029 442 2174 527 licus
2204 471 2450 542 praestitit
2477 442 2859 545 auctoritatem
2881 442 3057 527 edicto
3086 442 3334 528 stationis
3357 471 3522 537 illius,
3575 481 3637 527 ut

2029 562 2295 619 Jonathan
2318 562 2457 619 ﬁlius
2477 563 2675 630 Saulis,
2699 579 3001 636 quanquam
3045 564 3261 634 ignarus
3282 562 3636 634 jejunationis

2032 657 2085 713 in
2114 673 2294 713 serum
2321 656 2556 714 deﬁnita:
2581 668 2794 730 guswm
2839 656 3013 712 mellis
3046 655 3358 723 admiserat,
3400 666 3456 713 et
3492 666 3641 712 sorte

2036 749 2152 823 (11)
2182 765 2306 806 mox
2336 749 2405 806 de
2430 750 2628 807 delicto
2654 750 2725 805 sit
2768 750 3073 817 traductus,
3099 757 3156 806 et
3184 750 3271 805 vix
3301 764 3399 820 per
3424 766 3642 821 precem

329 839 641 908 clcto,ducc
659 841 921 896 universa:
938 840 1193 905 veritatis,
1209 856 1275 896 an
1299 840 1566 913 indignior
1581 840 1719 911 apud
1737 856 1834 897 vos
1852 839 1931 916 (1)
2036 844 2216 915 populi
2251 843 2489 913 periculo
2513 831 2816 913 exemptus,
2840 843 2979 914 gula:
3004 842 3169 907 enim;
3195 842 3320 898 licet
3357 842 3643 914 simplicis,

331 931 470 988 ratio
495 932 750 989 offeratur
774 933 825 987 in
858 948 1052 988 nonam
1100 932 1419 988 observandi
1474 932 1690 1003 requiro
1733 930 1836 1005 (2),
1876 938 1936 987 ut
2040 952 2165 993 rens
2198 935 2392 993 fuerat.
2434 936 2542 993 Sed
2583 948 2646 992 et
2673 935 2891 1003 Daniel,
2910 950 3054 1016 anno
3077 936 3253 1007 primo
3282 936 3425 1006 regis
3465 935 3638 1001 Darii,

334 1027 497 1083 etiam
540 1028 696 1083 Petro
718 1028 810 1097 ea}
836 1026 972 1082 ratio
999 1025 1302 1097 deputanda
1347 1026 1438 1093 sit,
1470 1027 1514 1081 si
1555 1026 1785 1082 statione
1812 1036 1937 1079 tunc

337 1117 553 1175 tunetus
578 1130 681 1175 est.
712 1118 867 1174 Venit
909 1120 1050 1175 enim
1075 1118 1143 1174 de
1186 1118 1335 1174 exitu
1380 1117 1612 1184 Domini,
1644 1121 1801 1188 quem
1834 1115 1936 1171 etsi

336 1224 550 1282 semper
596 1210 1008 1265 commemorari
1049 1217 1262 1280 Oportet
1282 1208 1403 1265 sine
1438 1208 1737 1264 diﬁ'erentia
1777 1207 1940 1262 hora-

342 1320 485 1370 rum,
520 1303 835 1374 impressius
864 1311 1043 1359 tamen
1073 1313 1185 1357 tum
1214 1302 1262 1358 ci
1291 1300 1582 1357 secundum
1610 1301 1786 1373 ipsum
1835 1309 1944 1354 sta-

340 1396 499 1452 tionis
539 1395 859 1451 vocabulum
912 1393 1212 1450 addicimur
1266 1394 1350 1465 (5)
1400 1411 1412 1447 :
1470 1408 1591 1449 nam
1634 1402 1691 1448 et
1747 1391 1946 1447 milites

340 1504 611 1560 nunquam
640 1487 987 1544 immemores
1022 1486 1370 1550 sacramenti,
1429 1485 1601 1556 magis
1627 1484 1949 1540 stationibus

342 1589 550 1652 parcnt.
574 1580 760 1652 Itaque
785 1580 840 1635 in
878 1594 998 1635 eam
1034 1594 1202 1649 usque
1223 1577 1407 1633 horam
1453 1572 1771 1633 celebranda
1800 1592 1951 1648 pres-

343 1690 467 1732 sura
507 1682 631 1739 est,
683 1674 737 1727 in
781 1686 885 1742 qua
932 1668 1011 1742 (4)
1070 1685 1101 1724 a
1146 1678 1303 1743 (sexta
1347 1669 1760 1725 contenebratus
1805 1668 1953 1723 orbis

2043 1043 2168 1084 cum
2212 1027 2462 1098 jejunans
2485 1028 2535 1083 in
2586 1042 2744 1084 sacco
2772 1037 2824 1084 et
2863 1027 3049 1084 cinere
3089 1026 3490 1098 exomologesiu
3536 1028 3650 1083 Deo
3723 1039 3727 1042 '

2044 1131 2248 1191 ageret,
2280 1129 2335 1175 et
2362 1119 2569 1185 adhuc,
2622 1119 2816 1191 inquit,
2860 1118 3113 1190 loquente
3152 1134 3240 1174 me
3284 1118 3337 1174 in
3380 1118 3648 1187 oratione,

2045 1226 2172 1267 ecce
2198 1212 2278 1266 vir
2302 1227 2463 1283 quem
2484 1210 2723 1266 videram
2751 1211 2804 1265 in
2827 1212 3035 1266 sonmis
3063 1209 3235 1275 initio,
3269 1209 3526 1267 velociter
3555 1226 3653 1265 vo-

2048 1304 2166 1359 lans
2193 1303 2641 1375 adpropinquavit
2669 1303 2800 1359 mihi
2828 1302 2975 1373 quasi
3009 1301 3138 1358 hora
3157 1300 3448 1373 vespertini
3471 1303 3655 1358 sacri-

2052 1396 2178 1452 ﬁcii.
2208 1396 2333 1453 llrcc
2358 1396 2462 1452 erit
2480 1395 2595 1468 (l5)
2619 1395 2780 1451 statio
2804 1408 2947 1462 sera,
2969 1410 3090 1466 qua:
3109 1393 3176 1449 ad
3206 1408 3485 1464 vesperam
3507 1393 3655 1465 jeju-

2055 1506 2220 1557 nans,
2273 1490 2607 1562 pinguiorem
2635 1490 2936 1547 orationem
2978 1490 3087 1545 Deo
3121 1488 3385 1545 immolat.
3458 1494 3465 1500 '

2679 1622 2910 1682 CAPUT
2956 1622 3051 1680 XI.

345 1756 837 1833 defunctojdomino
859 1760 1084 1834 lugubre
1111 1760 1508 1825 fecitoiﬁcium,
1538 1770 1595 1815 ut
1616 1770 1742 1816 tunc
1767 1768 1821 1815 et
1844 1776 1945 1817 nos
1974 1772 2025 1834 Β
2127 1762 2319 1820 Omnia
2344 1770 2521 1819 autem
2540 1760 2637 1833 ista
2656 1761 2821 1820 credo
2843 1761 3019 1834 ignota
3045 1760 3240 1835 eis,(b)
3262 1762 3351 1834 qui
3383 1762 3450 1819 ad
3480 1772 3661 1818 “03‘”

347 1868 681 1918 revertamur
707 1856 775 1913 ad
815 1855 1219 1927 iucunditatem,
1251 1870 1375 1910 cum
1405 1863 1459 1909 et
1488 1853 1715 1909 tnuudus
1743 1856 1950 1926 recepit

347 1951 666 2007 claritatem.
696 1948 808 2004 lloc
834 1947 879 2002 si
905 1947 1074 2018 magis
1098 1945 1165 2001 ad
1198 1946 1506 2016 religionem
1538 1946 1677 2015 sapit
1704 1944 1951 2002 christia-

352 2060 511 2107 nam,
539 2042 666 2097 dum
714 2040 884 2112 magis
931 2038 1129 2095 Christi
1172 2038 1399 2109 gloriam
1443 2038 1697 2104 celebrat,
1734 2054 1950 2109 possunt

352 2152 506 2208 teque
530 2150 667 2192 sera:
709 2133 954 2189 stationis
982 2149 1050 2188 ex
1078 2132 1269 2188 eodem
1317 2133 1393 2187 rei
1423 2130 1612 2187 ordine
1662 2139 1857 2187 statum
1889 2131 1953 2187 ﬁ-

353 2244 501 2300 gere,
531 2238 590 2284 ut
631 2226 935 2299 jejnnemus
984 2225 1049 2280 ad
1104 2238 1308 2291 serum,
1336 2232 1715 2294 exspectantes
1745 2233 1957 2294 tempus

260 2358 263 2361 -
361 2319 654 2377 Dominica:
704 2317 994 2389 sepultum
1020 2331 1143 2372 cum
1185 2313 1383 2385 Ioseph
1422 2315 1741 2385 postulatqu
1770 2315 1958 2372 detulit

358 2425 574 2483 corpus,
619 2418 677 2467 et
722 2407 982 2466 condidit.
1043 2406 1169 2463 Inde
1212 2414 1268 2463 et
1312 2406 1665 2478 irreligiosum
1711 2414 1795 2463 est
1834 2416 1961 2462 ante

367 2503 689 2560 famulorum
756 2500 835 2572 (a)
874 2515 1091 2556 carnem
1135 2499 1457 2570 refrigerare
1497 2498 1624 2571 (5).
1666 2515 1825 2572 quam
1865 2500 1961 2555 do—

364 2599 515 2653 mini.
566 2594 671 2652 Sed
720 2595 820 2648 hoc
847 2608 928 2663 _ex
985 2589 1065 2664 (6)
1128 2589 1647 2662 argumentationum
1707 2604 1961 2661 provoca-

363 2692 514 2747 tione
540 2687 922 2753 commiserim,
952 2684 1287 2756 conjecturas
1313 2683 1638 2754 coniecturis
1658 2724 1673 2749 ,
1702 2692 1757 2739 et
1786 2692 1962 2740 tamen

366 2785 448 2861 (7)
509 2792 636 2855 puto
687 2780 1051 2848 ﬁdelioribus,
1093 2777 1478 2848 repercutiens.
1546 2776 1835 2833 Videamus
1896 2792 1966 2833 an

366 2877 565 2948 aliquid
598 2873 702 2930 tale
727 2872 882 2929 nobis
926 2870 996 2929 de
1034 2869 1390 2926 vetustatibus
1419 2884 1631 2941 quoque
1669 2870 1969 2940 patrocine-

368 2979 476 3027 tur.
495 2969 551 3024 In
582 2964 787 3031 Exodo,
817 2965 1030 3020 habitus
1057 2963 1146 3019 ille
1181 2961 1379 3034 Iloysis
1404 2959 1662 3017 adversus
1711 2962 1966 3018 Amalech

369 3060 704 3119 orationibus
730 3056 1024 3129 prmliantis
1045 3070 1215 3126 usque
1236 3054 1290 3109 in
1312 3068 1562 3110 occasum
1592 3068 1963 3125 perseverans,

2054 1857 2359 1922 turbantur,
2392 1864 2484 1911 aut
2508 1854 2620 1911 sola
2649 1855 2868 1911 forsitan
2896 1854 3145 1923 lectione,
3178 1870 3285 1911 non
3305 1854 3660 1912 etiam‘inten-

2056 1951 2200 2006 tione
2225 1955 2496 2017 comperta
2514 1987 2530 2014 ,
2551 1946 2846 2002 secundum
2862 1946 3118 2017 majorem
3136 1947 3244 2002 vim
3264 1946 3651 2018 imperitormn,

2055 2040 2194 2111 apud
2224 2037 2663 2112 gloriosissimam
2697 2038 2901 2118 scilicet
2942 2038 3337 2094 multitudinem
3366 2038 3661 2111 Psyehico-

2058 2150 2199 2189 rum.
2232 2132 2520 2202 PrOpterea
2550 2147 2645 2202 per
2671 2131 2909 2203 singulas
2949 2130 3244 2187 direximus
3268 2131 3478 2202 species
3525 2130 3665 2201 jeju-

2060 2224 2359 2291 nationum,
2383 2222 2857 2299 xerophagi-arum,
2890 2223 3202 2290 stationum,
3235 2231 3295 2279 ut
3320 2220 3449 2278 dum
3474 2237 3665 2278 recen-

2060 2331 2243 2374 semus
2286 2314 2582 2371 secundum
2633 2315 2914 2386 utriusque
2965 2315 3295 2372 'I‘estamenti
3338 2325 3665 2386 paraturam,

2063 2417 2321 2481 quantum
2343 2407 2624 2479 proﬁciant
2652 2408 2902 2475 recusati,
2933 2407 3019 2463 vel
3071 2407 3250 2475 recisi,
3287 2408 3371 2464 vel
3415 2407 3669 2465 retardati

2064 2502 2243 2575 pabuli
2274 2500 2468 2566 ofﬁcia,
2498 2515 2594 2557 eos
2635 2500 2983 2557 retundamus
3024 2498 3097 2573 (c)
3147 2500 3237 2571 qui
3266 2499 3382 2556 [nec
3407 2500 3552 2557 velut
3575 2515 3670 2553 va-

2040 2594 2242 2651 cantia
2273 2593 2568 2649 inﬁrmant.
2613 2592 2745 2649 Item
2775 2592 2902 2649 dum
2943 2593 3145 2664 pariter
3181 2592 3517 2650 ostendimus
3565 2609 3674 2664 quo

2067 2700 2283 2758 semper
2326 2685 2380 2741 in
2408 2684 2600 2742 ordine
2628 2683 2828 2740 fu’erint
2877 2684 3175 2756 religionis,
3207 2699 3303 2741 eos
3334 2685 3676 2742 revincamus

2069 2780 2159 2851 qui
2208 2778 2322 2835 haec
2375 2786 2434 2833 ut
2479 2793 2615 2833 nova
2661 2787 2956 2845 accusant;
3008 2794 3107 2834 nec
3134 2794 3331 2835 novum
3360 2779 3503 2836 enim
3533 2778 3674 2851 quod

2070 2886 2303 2942 semper,
2335 2885 2435 2926 nec
2461 2885 2686 2926 vacuum
2714 2869 2855 2941 quod
2885 2871 3031 2927 utile.
3059 2870 3164 2928 Sed
3188 2879 3246 2927 et
3269 2870 3396 2927 illud
3422 2872 3474 2927 in
3496 2872 3678 2928 medio

2072 2970 2177 3029 est,
2203 2962 2446 3034 quaedam
2475 2978 2540 3018 ex
2573 2962 2655 3017 his
2687 2962 2881 3017 ofﬁciis
2923 2977 2954 3017 a
3005 2962 3118 3019 Deo
3148 2962 3352 3018 homini
3395 2963 3676 3033 imperata,

2074 3056 2243 3127 legem
2273 3055 2654 3119 constituisse;
2694 3055 2940 3127 quaedam
2970 3056 3039 3110 ab
3079 3055 3299 3112 homine
3338 3056 3450 3113 Deo
3476 3056 3679 3124 oblata,

374 3176 554 3219 nonne
610 3157 770 3216 statio
819 3156 919 3211 fuit
969 3169 1088 3211 sera
1113 3153 1138 3206 ?
1181 3151 1364 3208 Iesum
1410 3150 1556 3207 Nave
1608 3150 1968 3207 debellantem
1996 3162 2043 3226 ο
2075 3158 2256 3205 votum
2278 3149 2608 3219 expunxissc
2636 3164 2652 3213 ;
2681 3156 2860 3203 tamen
2891 3157 2944 3204 et
2970 3158 3172 3217 votum,
3192 3164 3314 3205 cum
3342 3164 3371 3203 a
3394 3148 3503 3205 Deo
3530 3164 3686 3205 acce-

375 3251 745 3317 Amorrhreos,
772 3247 1052 3321 prandisse
1073 3246 1163 3301 illa
1190 3246 1276 3301 die
1296 3244 1687 3310 existimamus,
1719 3260 1822 3316 qua
1845 3243 1976 3314 ipsis

375 3346 661 3407 elementis
692 3342 974 3399 stationem
1016 3337 1297 3409 imperavit
1337 3334 1456 3408 (8)?
1495 3335 1657 3393 Stetit
1689 3335 1768 3391 sol
1800 3336 1851 3390 in
1873 3335 1977 3392 Ga.

378 3443 542 3507 haon,
571 3446 626 3494 et
652 3437 775 3492 luna
800 3437 853 3489 in
878 3431 1070 3489 Aialon
1096 3446 1109 3486 :
1138 3429 1288 3486 stetit
1326 3425 1403 3501 (9)
1443 3428 1599 3483 solet
1622 3427 1745 3482 luna
1780 3427 1979 3482 instru-

380 3534 579 3598 ctione,
606 3529 782 3586 donec
809 3527 952 3581 ultus
980 3532 1066 3581 est
1114 3522 1342 3593 populus
1388 3519 1458 3576 de
1500 3519 1731 3597 inimicis
1750 3520 1897 3585 suis;
1926 3527 1982 3574 et

383 3624 534 3683 stetit
565 3623 645 3679 sol
669 3619 845 3676 medio
866 3618 1025 3683 creto,
1053 3624 1109 3671 et
1136 3630 1241 3669 non
1270 3612 1560 3670 accedebat
1588 3610 1703 3685 (l0)
1742 3612 1796 3667 in
1820 3608 1980 3667 occa-

385 3730 528 3782 sum,
555 3722 611 3769 et
641 3713 693 3768 in
714 3711 873 3766 ﬁnem
900 3708 1006 3765 diei
1050 3706 1229 3762 unius.
1273 3703 1391 3759 Non
1434 3701 1550 3777 (11)
1591 3704 1685 3759 fuit
1716 3702 1834 3759 dies
1866 3703 1984 3759 talis

387 3817 533 3865 retro
582 3814 638 3862 et
685 3803 739 3859 in
786 3801 1098 3862 novissimo,
1128 3798 1311 3868 utique
1342 3806 1449 3851 tam
1496 3794 1769 3866 prolixus;
1800 3804 1875 3859 ut,
1904 3795 1986 3863 in-

388 3900 539 3971 quit,
570 3893 849 3955 exaudiret
880 3893 1020 3949 Deus
1049 3890 1357 3957 hominem,
1388 3901 1569 3959 parem
1601 3886 1805 3942 scilicet
1831 3886 1984 3952 solis,

390 3994 675 4051 instantem
697 3986 812 4061 (l2)
838 3985 1043 4043 tamdiu
1072 3985 1125 4041 iu
1150 3982 1350 4050 ofﬁcio,
1374 3982 1659 4038 stationem
1676 3980 1837 4037 etiam
1867 3987 1988 4035 sera

393 4086 709 4157 longiorem.
757 4081 916 4138 Certe
944 4080 1070 4138 Saul
1098 4088 1154 4135 et
1180 4079 1296 4149 ipse
1324 4078 1377 4132 in
1424 4076 1609 4149 prarlio
1638 4076 1989 4144 constitutus,

394 4179 676 4234 manifeste
700 4188 892 4229 mumts
921 4171 1062 4227 istud
1090 4171 1279 4225 indixit
1299 4168 1341 4240 (I
1366 4169 1477 4239 Reg
1506 4167 1667 4234 λιν,
1706 4167 1809 4239 24)
1833 4186 1847 4221 :
1874 4166 1997 4221 δια-η

398 4270 607 4325 [edictus
637 4268 786 4321 homo
811 4266 897 4335 qui
924 4264 1081 4319 ederit
1103 4278 1285 4333 panem
1306 4259 1377 4313 ad
1405 4275 1664 4330 vesperam
1690 4275 1846 4330 usque
1870 4259 1995 4314 dum

397 4360 612 4417 ulciscar
637 4356 699 4412 de
725 4355 926 4411 inimico
952 4369 1099 4420 meo;
1126 4362 1174 4408 et
1200 4367 1301 4407 non
1344 4350 1563 4423 gustarit
1600 4358 1734 4405 totus
1776 4352 1996 4422 populus

2079 3251 2282 3313 ptatum
2309 3250 2413 3308 est,
2444 3240 2617 3312 legem
2651 3241 2704 3296 in
2735 3250 3006 3311 posterum
3033 3240 3159 3297 facit
3201 3240 3342 3315 (t6),
3378 3256 3474 3312 per
3494 3252 3686 3297 aucto-

2081 3334 2292 3393 ritatem
2320 3331 2697 3404 acceptatoris,
2726 3331 2923 3389 exinde
2947 3333 3091 3389 enim
3134 3332 3437 3390 faciendum
3462 3333 3687 3388 manda-

2082 3427 2191 3493 vit,
2236 3427 2326 3498 qui
2359 3425 2555 3482 factum
2599 3425 2989 3497 comprobavit.
3048 3425 3229 3497 Itaque
3264 3435 3321 3482 et
3360 3426 3445 3483 hic
3473 3424 3590 3498 (17)
3632 3426 3687 3482 in

2084 3521 2187 3578 alia
2213 3520 2395 3591 specie
2422 3519 2699 3576 altercatio
2724 3518 2954 3575 diversa:
2994 3519 3164 3592 partis
3207 3518 3489 3577 obducitur
3514 3560 3529 3584 ,
3566 3534 3689 3574 cum

2086 3610 2289 3679 dicunt,
2360 3619 2454 3666 aut
2511 3609 2996 3682 pseudoprophetia
3050 3620 3136 3667 est
3178 3610 3226 3666 si
3265 3610 3522 3682 spiritalis
3589 3625 3693 3666 vox

2087 3704 2345 3761 solemnia
2402 3704 2502 3759 ista
2560 3703 2871 3769 constituit;
2926 3713 3024 3760 aut
3077 3704 3320 3769 haeresis,
3359 3706 3405 3761 si
3457 3704 3691 3760 humana

2090 3796 2437 3868 prmsumptio
2461 3795 2756 3851 adinvenit.
2788 3795 2922 3851 Eam
2953 3797 3099 3853 enim
3126 3796 3353 3852 formam
3403 3798 3701 3868 reprehen.

2091 3890 2282 3945 dentes
2311 3903 2413 3959 qua
2466 3896 2519 3943 οι
2548 3895 2729 3944 vetera
2760 3886 3204 3954 dCCllCIII‘I'CI'IIIII,
3236 3898 3292 3944 οι
3332 3904 3398 3945 CX
3435 3904 3501 3945 ea
3527 3898 3703 3943 retor-

2092 3991 2462 4052 qucmcsquac
2505 3978 2622 4050 (18)
2678 3977 2972 4034 adversarii
3024 3988 3263 4035 veterum
3304 3978 3562 4036 adversus
3609 3979 3703 4034 illa

2094 4083 2343 4144 poterant
2384 4071 2499 4144 (l9)
2541 4079 2872 4136 retractare;
2902 4082 2995 4127 aut
3037 4080 3091 4128 ct
3134 4072 3225 4127 illa
3258 4088 3509 4129 recusare
3536 4072 3703 4128 debe-

2095 4168 2228 4224 bunt
2268 4164 2407 4240 (10),
2450 4175 2542 4221 aut
2571 4174 2719 4222 certe
2762 4163 2883 4237 (21)
2924 4164 3023 4221 ista
3070 4166 3345 4237 suscipere
3372 4166 3704 4232 necessario,

2101 4260 2342 4316 maxime
2386 4257 2505 4332 (22)
2542 4273 2665 4314 cum
2713 4267 2770 4314 et
2813 4258 2937 4326 ista,
2965 4273 2997 4313 a
3043 4272 3382 4329 quocumque
3402 4258 3709 4315 institutore

2101 4354 2229 4418 sint,
2254 4352 2368 4409 sive
2394 4350 2645 4423 spiritali,
2682 4351 2797 4409 sive
2834 4359 3041 4408 tantum
3063 4350 3230 4421 ﬁdeli,
3270 4350 3352 4425 (ά)
3392 4351 3570 4411 eidem
3599 4352 3710 4409 Deo

1601 4489 1980 4551 LECTIONES
2018 4492 2105 4550 VA
2115 4491 2427 4549 RIANTES.

491 4637 532 4703 l)
561 4635 769 4710 Dignior
790 4634 918 4748 agmd
943 4643 1030 4683 nos
1050 4627 1202 4683 Sani.

462 4638 543 4828 is,
566 4699 787 4828 ﬁssa;
808 4694 978 4810 έςξίέ.
1078 4753 1202 4805 ad.

488 4694 538 4765 2')
566 4694 781 4765 [te'quire
805 4694 958 4765 Segni.
1125 4754 1137 4765 _
1156 4753 1185 4765 υ
1247 4753 1256 4763 ,

566 4748 684 4872 gum
710 4761 849 4872 ei’s
876 4759 910 4807 i.
936 4771 978 4807 s.
1006 4769 1053 4807 v.
1078 4753 1388 4805 addiscimus.
1412 4748 1564 4803 Seml.

611 4837 722 4872 nam
854 4859 866 4869 .

490 4828 541 4889 4)
566 4827 722 4895 Quam
743 4827 866 4872 Jun.

491 4890 541 5012 ἓξ
567 4883 1093 5000 tesserae.”-
1121 4880 1264 4943 θεον·

460 5009 1055 5149 αἷέἲῗιῗιίὲὲῗέῗέἳέἒίξψςη
1483 5122 1507 5149 .

495 5131 548 5186 9')
570 5131 721 5185 Stetit
740 5131 851 5183 cod.
885 5134 1073 5184 Wouw.

500 5188 582 5325 10)
609 5196 674 5247 Ut
694 5204 860 5245 autem
881 5192 1148 5268 accedebat
1380 5254 1391 5265 υ

504 5261 555 5311 11
608 5258 665 5310 Ιιι
685 5269 927 5320 occasum,
951 5270 1002 5307 tn
1022 5256 1168 5306 tinem
1192 5255 1289 5307 dlCt
1312 5267 1391 5305 um

504 5252 582 5320 11)
608 5258 665 5310 Ιιι
685 5269 927 5320 occasum,
951 5257 1002 5307 in
1022 5256 1168 5306 tinem
1192 5255 1289 5307 dici
1312 5254 1486 5318 unius,
1510 5261 1565 5307 et
1582 5265 1680 5306 non
1701 5252 1825 5305 Jun.

2026 4632 2081 4694 D
2172 4626 2278 4694 (12)
2303 4623 2539 4694 Lustaolis
2559 4633 2709 4694 Ft'att.

2173 4686 2280 4760 (lii)
2306 4688 2463 4760 Terra
2479 4686 2754 4760 prandebat
2772 4687 2929 4739 Sensi.

2206 4751 2287 4816 it)
2311 4751 2375 4801 Ut
2394 4751 2527 4801 sorte
2550 4758 2666 4801 Jun.

2202 4814 2281 4892 £5).
2299 4813 2519 4892 E5391”.-
2535 4814 2730 4892 πονευ-

2203 4875 2283 4938 16)
2308 4876 2472 4926 Saocit
2491 4875 2595 4926 Lat.

2202 4938 2283 5064 iii

2202 4994 2287 5113 ἓξὲξ
2307 4994 2729 5113 ﬁgitﬁgit.

2263 5076 2265 5094 '
2315 5070 2556 5112 Poterant
2577 5070 2729 5113 Semt.

2263 5147 2264 5154 ι
2310 5124 2651 5176 Potuerunt...
2674 5124 2961 5175 debuerunt
2984 5126 3090 5177 Lat.

2263 5070 2288 5250 ξ
2314 5186 2500 5250 ῌκθνιθ
2522 5185 2674 5250 Segni.
2700 5194 2881 5238 exerte
2905 5189 3060 5239 Fran.

2175 4750 2196 5057 Ξ

2205 5185 2288 5239 2|)
2314 5186 2500 5238 Exerta
2522 5185 2674 5238 Sami.
2700 5194 2881 5238 exerte
2905 5189 3060 5239 Fran.

2181 5184 2288 5315 (21)
2314 5186 2500 5238 Exerta
2522 5185 2674 5238 Sami.
2700 5194 2881 5238 exerte
2905 5189 3060 5239 Fran.

2206 5248 2290 5315 22)
2316 5248 2529 5301 Maxime
2551 5246 2685 5301 abest
2704 5262 2738 5301 α
2758 5250 2869 5302 eod.
2902 5260 3141 5302 Wouwer.

1768 5376 2328 5439 COMMENTARIUS.

491 5509 569 5583 (a)
590 5507 825 5583 ﬂagrem
849 5504 1165 5583 refrigerari.
1197 5503 1508 5583 Quiescerc.
1541 5501 1659 5558 fite.

2194 5495 2276 5567 (tl)
2320 5493 2499 5567 Eidem
2521 5493 2634 5567 Deo
2660 5505 2888 5567 currant.
2920 5494 3031 5551 Hoc
3054 5503 3138 5567 est
3177 5492 3351 5567 eidem
3386 5493 3497 5551 Deo
3524 5509 3735 5553 conve-

492 5565 627 5637 ῘΣᾹΡ
670 5565 926 5652 XL—(b)
968 5565 1069 5645 Qui
1088 5576 1157 5652 ad
1184 5565 1355 5652 nostra
1379 5575 1667 5652 turbantur.
1692 5568 2020 5628 Paracletica
2123 5565 2625 5652 nian't...De‘e9de‘m
2655 5566 2774 5652 Deo,
2792 5567 2933 5623 dicta
2961 5565 3461 5652 intelligidebeant.
3487 5567 3578 5622 Sic
3608 5567 3738 5652 life-

422 5653 628 5710 scilicet
652 5646 1091 5709 ilontanistarum
1118 5649 1382 5703 instituta.
1429 5646 1552 5703 Illo.

497 5722 571 5795 (r)
614 5724 712 5789 Qui
767 5724 893 5795 iure
923 5721 1070 5795 velut
1107 5720 1340 5795 vacantia
1408 5718 1689 5787 infirmant.
1744 5714 2023 5786 Tanquam

429 5790 635 5852 inutilia
661 5803 715 5853 ct
740 5792 898 5866 pretii
944 5793 1161 5850 nullius.
1206 5790 1324 5849 Ιὶιυ.

2127 5640 2264 5694 licus
2287 5637 2427 5692 dixit
2449 5636 2518 5693 de
2539 5637 2688 5694 Deo:
2735 5638 2933 5691 Vanum
2978 5648 3051 5691 est
3095 5646 3348 5707 prwcepta
3395 5637 3523 5691 dare
3547 5638 3739 5707 quibus

2130 5709 2356 5785 homines
2379 5710 2617 5772 viverent,
2648 5718 2694 5761 et
2721 5710 2889 5785 ipsum
2906 5707 3163 5785 janrquia
3183 5708 3333 5761 homo
3354 5724 3468 5785 esse
3489 5708 3742 5785 dignatus

2128 5790 2223 5852 est,
2252 5781 2361 5836 sine
2399 5790 2763 5854 praeceptorum
2792 5779 3138 5836 observatione
3165 5779 3465 5838 citettrrisse.
3485 5779 3602 5839 Iloc
3628 5788 3740 5840 est.
