4006 6280
398 237 497 293 971

1772 213 2255 285 ⁴ΤΕΒἹἪΙΑΙΑΙΑΝΙ

3584 211 3696 285 972

402 364 607 423 manyr
652 351 887 421 ειιιῑεριεηι
915 363 927 411 ;
960 310 1117 419 quem
1159 350 1214 397 et
1243 339 1319 411 (a)
1355 337 1601 393 facultate
1633 336 1708 406 (l)
1738 331 1995 389 custodia:
2021 337 2075 398 Α
2100 339 2154 386 et
2177 328 2380 385 adulari
2415 345 2429 388 :
2458 327 2587 385 illud
2615 329 2756 385 enim
2778 328 3004 400 imperio
3029 327 3167 399 ejus,
3199 326 3301 383 hoc
3320 326 3549 383 arbitrio
3574 342 3699 383 meo

406 422 592 501 libera:
633 438 934 511 aliquandiu
968 435 1161 489 fartuut
1196 432 1273 502 (9.)
1313 427 1561 486 omnibus
1594 426 1799 482 balneis
1838 422 1990 511 quasi

406 510 731 601 baptismate
752 520 1057 581 melioribus
1081 528 1135 573 et
1164 515 1410 572 omnibus
1436 513 1656 569 luxnrim
1685 510 1991 569 secessibus

402 624 551 695 quasi
593 621 843 677 Ecclesia:
883 612 1263 695 secretioribus
1306 618 1360 666 et
1395 609 1645 665 onmibus
1669 606 1792 662 vitze
1837 605 1991 661 istius

405 714 611 770 illerebr
627 712 672 767 is
687 710 838 782 quasi
865 717 1080 763 a-ternze
1101 702 1463 777 dignioribus,
1498 701 1600 756 hoc
1626 710 1753 771 puto
1781 695 1988 769 obliga-

403 820 512 898 tqm
541 807 618 880 (5)
651 820 717 861 nc
747 805 880 859 tnori
922 802 1107 866 Vellet,
1143 808 1415 870 postremo
1454 796 1568 867 ipso
1596 792 1876 849 tribunalis
1902 792 1991 847 die

402 885 518 956 lure
546 914 752 956 summa
776 895 851 969 (b)
877 894 1095 952 condito
1121 904 1271 947 mero
1296 898 1545 968 tanquam
1571 885 1811 941 antidoto
1855 900 1990 955 prce-

403 991 724 1048 uiedicatnm
746 1031 762 1056 ,
796 989 863 1043 ita
890 983 1211 1049 enervastis,
1255 981 1328 1054 (ε)
1387 990 1441 1035 ιιι
1469 978 1653 1051 paucis
1681 977 1892 1048 ungulis
1924 977 1991 1031 ti-

402 1084 622 1149 tillatus,
652 1081 752 1136 hoc
770 1078 912 1135 enim
943 1076 1177 1133 ebrietas
1197 1073 1480 1138 sentiebat,
1514 1085 1673 1142 quem
1705 1069 1988 1126 Dominum

400 1174 743 1230 eonliteretur
781 1166 1129 1239 interroganti
1157 1164 1371 1238 praesidi
1410 1162 1734 1234 respondere
1762 1176 1866 1216 non
1894 1176 1990 1232 po-

401 1266 561 1320 tuerit
582 1262 826 1335 amplius.
856 1259 934 1333 (d)
964 1262 1136 1329 Atque
1174 1259 1246 1313 ita
1269 1257 1335 1312 de
1360 1256 1463 1311 hoc
1477 1256 1588 1326 jam
1612 1264 1855 1311 extortus
1883 1253 1986 1325 (4),

399 1356 471 1428 (e)
502 1372 623 1412 cum
653 1354 912 1425 singultus
938 1363 992 1408 et
1017 1361 1201 1407 ructus
1224 1350 1369 1406 solos
1396 1349 1647 1417 haberet,
1680 1353 1732 1404 in
1763 1348 1873 1419 ipsa
1896 1363 1991 1403 ne-

397 1450 611 1519 gatione
635 1447 859 1517 digessit
891 1443 989 1515 (5).
1040 1443 1168 1499 Ideo
1198 1440 1506 1497 sobrietatis
1540 1440 1875 1511 disciplinam
1901 1440 1992 1511 qui

399 1541 689 1611 przedicant
721 1536 1201 1609 pseudoprophctae
1223 1577 1238 1599 ,
1274 1534 1394 1590 ideo
1421 1531 1661 1588 hmretiei
1682 1534 1769 1604 qui
1800 1533 1990 1588 obser—

400 1641 544 1686 vant.
571 1630 706 1699 Quid
725 1643 853 1701 ergo
869 1627 1092 1684 cessatis
1110 1625 1469 1690 Paracletum,
1489 1639 1647 1695 quem
1665 1624 1714 1678 in
1739 1622 1991 1678 Montano

2097 431 2313 494 praesto.
2346 421 2489 478 Bene
2513 430 2691 477 autem
2725 416 2867 492 qttod
2909 429 2963 476 et
2986 420 3223 492 episcopi
3249 420 3514 475 universa:
3544 414 3688 491 plebi

2092 513 2564 586 mantlarejejunia
2603 513 2874 578 assolent;
2907 528 3011 568 non
3038 511 3159 568 dico
3188 511 3256 567 de
3284 511 3541 566 industria
3573 511 3679 567 sti-

2095 610 2237 680 pium
2260 608 2705 666 conferendarmn
2728 652 2742 676 ,
2772 619 2831 664 ut
2861 618 3053 665 vestra:
3077 615 3312 679 captura:
3337 616 3456 672 est;
3490 604 3583 661 sed
3610 604 3695 659 in.

2093 706 2301 762 terdutn
2330 712 2385 761 et
2403 719 2467 759 ex
2485 703 2659 775 aliqua
2676 702 3051 761 sollicitudinis
3072 701 3449 757 ecclesiastico
3472 713 3689 754 caussa.

2093 796 2275 867 Itaque
2316 795 2361 852 si
2396 802 2452 850 et
2492 810 2558 851 ex
2602 791 2834 849 hominis
2861 791 3075 859 edicto,
3121 792 3255 847 etin
3302 805 3465 845 unum
3505 804 3701 844 oumes

2093 892 2501 962 ταπεινοφρὸνησιν
2531 889 2773 960 agitatis,
2806 885 3077 959 quomodo
3102 887 3155 941 itt
3189 885 3340 942 nobis
3369 887 3539 955 ipsam
3564 898 3702 954 quo-

2092 997 2197 1051 que
2249 982 2506 1037 unitatem
2543 979 2953 1053 .jeiunationum
3012 986 3067 1032 et
3123 977 3569 1047 xerOphagiarum
3644 985 3703 1030 et

2092 1074 2379 1134 stationum
2405 1072 2714 1129 denotatis?
2745 1072 2845 1127 nisi
2889 1071 3024 1125 forte
3053 1070 3103 1124 in
3147 1080 3369 1126 senatus
3408 1068 3653 1124 consulta
3677 1108 3696 1135 ,

2094 1177 2150 1224 et
2178 1168 2228 1224 in
2274 1168 2570 1241 principum
2619 1166 2870 1223 mandata
2898 1165 3222 1221 coitionibus
3249 1163 3493 1234 opposita
3523 1162 3703 1219 delin-

2093 1262 2327 1333 quimus.
2360 1259 2861 1330 Spiritus’Sauctus,
2893 1274 3014 1313 cum
3038 1258 3088 1311 in
3118 1256 3312 1328 quibus
3336 1255 3492 1310 vellet
3519 1253 3700 1322 terris,

2096 1364 2149 1411 et
2178 1370 2272 1425 per
2296 1369 2428 1425 quos
2456 1354 2618 1409 vellet
2664 1352 3012 1424 praedicaret,
3045 1368 3109 1407 ex
3150 1349 3483 1422 providentia
3515 1349 3702 1405 immi-

2097 1449 2376 1513 nentium,
2430 1449 2543 1503 sive
2583 1447 3069 1501 ecclesiasticarmn
3127 1444 3526 1509 tentationmn,
3584 1442 3701 1497 sive

2066 1541 2447 1597 ’mtmdialium
2492 1542 2803 1612 plagarum,
2836 1554 2940 1611 qua
2974 1538 3302 1608 paracletus,
3335 1537 3384 1591 id
3415 1547 3507 1592 est
3523 1535 3697 1591 adro—

2095 1646 2277 1700 catus,
2308 1633 2373 1689 ad
2400 1632 2728 1690 exorandum
2757 1631 2993 1703 judicetn
3016 1671 3032 1698 ,
3056 1629 3360 1700 hujusmodi
3396 1628 3703 1685 officiorum

399 1724 636 1796 negatis,
679 1723 731 1776 itt
779 1720 966 1791 Apicio
1009 1718 1273 1774 credere?
1316 1715 1667 1771 Prtescribitis
1704 1716 1989 1771 constituta

2104 1726 2332 1784 remedia
2357 1725 2661 1781 mandabat.
2689 1724 2819 1791 l'nta
2845 1740 2989 1779 nunc
3014 1724 3079 1778 ad
3103 1722 3463 1778 exercendam
3492 1710 3705 1777 sobrie-

400 1831 523 1873 esse
547 1814 808 1871 solemnia
836 1812 959 1868 huic
991 1811 1113 1868 ﬁdei
1144 1810 1424 1881 scripturis
1449 1810 1532 1865 vel
1558 1809 1849 1865 traditione
1879 1824 1991 1865 ma-

398 1912 577 1981 jorum
606 1952 619 1977 ,
653 1908 893 1978 nihilque
921 1906 1309 1962 observationis
1337 1903 1565 1974 amplius
1596 1902 1951 1977 adjiciendum
1974 1946 1989 1969 ,

399 2004 469 2059 ob
504 2000 745 2057 illicitum
789 1997 1171 2056 inuovatiouis.
1216 1997 1366 2052 State
1395 1996 1449 2052 in
1480 1995 1582 2051 i510
1606 1996 1773 2067 gradu
1818 1996 1862 2051 si
1893 2002 1989 2068 po-

390 2096 566 2151 testis.

980 2225 1210 2283 CAPUT
1248 2218 1386 2280 χιιι.
1447 2207 1456 2215 ’

475 2370 611 2425 licce
647 2367 721 2439 (f)
754 2364 895 2421 enim
921 2361 1182 2418 convenio
1208 2375 1305 2416 vos
1330 2371 1384 2416 et
1407 2369 1600 2430 pra-ter
1629 2360 1829 2416 Pascha
1852 2360 1991 2432 jeju-

399 2471 622 2524 nantes,
654 2459 783 2513 citra
817 2456 935 2510 illos
949 2454 1065 2508 dies
1091 2452 1287 2523 quibus
1312 2452 1520 2507 ablatus
1543 2461 1625 2507 est
1644 2467 1874 2522 Sponsus
1893 2494 1907 2520 ,
1938 2461 1992 2508 et

401 2546 690 2602 stationum
722 2540 1057 2611 semijejunia
1088 2539 1489 2609 interponentes
1515 2581 1529 2605 ,
1562 2547 1616 2594 et
1648 2537 1726 2610 (g)
1754 2553 1881 2594 vero
1912 2538 1990 2610 (6)

399 2642 666 2700 interdum
698 2655 834 2712 pauc
872 2649 925 2694 et
966 2653 1102 2709 aqua
1142 2637 1480 2701 victitantes,
1513 2646 1571 2690 ut
1598 2637 1790 2707 cuique
1816 2637 1988 2690 visum

400 2746 515 2801 est;
542 2733 773 2805 denique
792 2730 1125 2802 respondetis
1152 2729 1266 2785 hazc
1291 2745 1355 2785 ex
1383 2728 1606 2785 arbitrio
1630 2728 1855 2801 agenda,
1884 2742 1988 2783 non

399 2847 467 2887 ex
483 2828 724 2900 imperio.
748 2827 984 2881 Movistis
1004 2825 1163 2898 igitur
1175 2824 1397 2896 gradum
1417 2823 1727 2882 exeedcndo
1746 2824 1986 2880 traditio-

396 2941 553 2991 nem,
587 2939 707 2979 cutn
748 2937 866 2992 quae
904 2936 1009 2976 non
1034 2920 1144 2976 sint
1178 2919 1258 2991 (7)
1283 2917 1571 2976 constituta
1613 2919 1793 2976 ohitis.
1823 2921 1991 2989 Quale

392 3027 478 3075 est
515 3027 691 3072 autem
734 3024 792 3070 ιιι
816 3024 905 3070 ιιιο
931 3013 1154 3069 arbitrio
1178 3012 1455 3083 permittas
1475 3012 1616 3084 quod
1637 3014 1864 3085 imperio
1895 3015 1988 3072 Dei

2099 1820 2220 1875 tatis
2247 1831 2301 1875 et
2323 1819 2657 1875 abstinentia:
2685 1817 3053 1889 disciplinam;
3085 1816 3227 1871 hunc
3252 1815 3344 1886 qui
3376 1815 3696 1885 recipimus,

2096 1912 2402 1967 necessario
2448 1911 2607 1967 etiam
2656 1894 2774 1981 qua:
2822 1919 2946 1964 tunc
2990 1907 3268 1964 constituit
3313 1907 3684 1961 observamus.

2096 2004 2330 2075 Adspice
2361 2003 2426 2060 ad
2453 2003 2707 2061 Judaicos
2734 2000 2923 2068 fastos,
2952 2011 3006 2057 et
3035 2001 3278 2056 invenies
3303 1998 3434 2055 nihil
3461 2013 3658 2054 norum
3690 2014 3705 2052 :

2092 2100 2147 2152 'si
2179 2095 2267 2168 (9)
2298 2112 2418 2168 quae
2457 2095 2697 2168 patribus
2729 2104 2853 2150 sunt
2893 2101 3158 2165 prmcepta
3179 2133 3195 2159 ,
3238 2093 3415 2147 omnis
3452 2091 3706 2161 deinceps

2095 2189 2385 2261 posteritas
2438 2184 2778 2243 baereditaria
2834 2185 3096 2257 religione
3146 2182 3403 2239 custodt.
3460 2186 3707 2253 Aguntur

2096 2288 2354 2351 praeterea
2389 2279 2466 2352 (Ιι)
2496 2278 2612 2351 (10)
2657 2294 2753 2349 per
2782 2275 3018 2349 Graecias
3055 2276 3144 2331 illa
3175 2275 3295 2349 (lt)
3324 2274 3485 2330 certis
3536 2275 3587 2330 in
3623 2274 3707 2330 lo-

2095 2372 2172 2429 cis
2227 2372 2450 2428 concilia
2493 2387 2560 2425 ex
2605 2368 2869 2424 universis
2924 2366 3180 2444 ecclesiis
3224 2381 3321 2437 per
3360 2380 3478 2435 qua:
3531 2372 3586 2419 et
3630 2363 3709 2417 al-
3738 2363 3761 2444 ἐκ

2096 2466 2230 2520 tiora
2274 2477 2501 2533 qmrque
2553 2462 2604 2515 in
2653 2476 2939 2516 commune
2980 2466 3310 2524 tractantur,
3353 2469 3405 2513 et
3451 2455 3565 2533 ipsa
3621 2472 3709 2512 re-

2095 2556 2446 2629 praesentatio
2490 2555 2652 2609 totius
2702 2554 2935 2609 nominis
2964 2550 3245 2607 christiani
3296 2528 3706 2622 magna'vene-

2095 2652 2303 2707 ratione
2329 2648 2653 2730 celebratur.
2699 2646 2769 2701 Et
2796 2646 2896 2701 hoc
2926 2660 3087 2716 quam
3119 2643 3340 2714 dignum
3372 2642 3477 2698 lide
3512 2643 3700 2711 auspi-

2093 2754 2250 2799 cnnte
2288 2740 2603 2812 congregari
2644 2738 2879 2808 tmdiqne
2914 2737 2981 2791 ad
3018 2736 3332 2792 Christum!
3380 2735 3505 2791 Vide
3546 2752 3700 2806 quam
3755 2772 3766 2779 .

2093 2833 2277 2889 bonum
2321 2841 2367 2885 ct
2401 2848 2553 2901 quant
2576 2830 2866 2902 jucundum
2916 2827 3146 2882 habitare
3195 2833 3385 2899 fratres
3427 2827 3482 2881 in
3535 2842 3695 2881 unum

2094 2928 2112 2998 (
2137 2926 2229 2983 Ps.
2257 2925 2387 2996 Cll)
2413 2942 2428 2991 ;
2462 2924 2563 2979 hoc
2595 2934 2648 2978 ιιι
2678 2924 2906 2994 psallere
2945 2938 3054 2978 non
3085 2921 3240 2978 facile
3267 2923 3440 2987 nosti,
3472 2921 3572 2977 nisi
3599 2937 3705 2992 quo

2095 3031 2338 3091 tempore
2375 3032 2496 3072 eum
2535 3015 2901 3085 compluribus
2930 3028 3130 3070 uenas.
3177 3012 3490 3070 Conventus
3525 3024 3705 3069 autem

392 3130 501 3169 non
537 3110 670 3167 das?
699 3109 816 3179 plus
846 3107 1092 3163 humana:
1121 3104 1302 3162 licebit
1330 3105 1584 3161 voluntati
1611 3121 1768 3177 quam
1794 3108 1986 3169 divina;
2012 3124 2058 3188 ρ
2093 3114 2166 3169 illi
2197 3111 2515 3167 stationibus
2531 3110 2678 3180 prius
2698 3119 2752 3165 et
2774 3108 3199 3181 jejunatiouibus
3225 3109 3471 3179 Operati;
3500 3108 3691 3166 dolere

393 3201 682 3276 potestati?
711 3199 820 3270 Ego
844 3213 933 3254 me
958 3196 1180 3264 saeculo,
1210 3210 1314 3251 non
1340 3196 1450 3252 Deo
1475 3196 1701 3254 liberum
1726 3204 1941 3259 memini
1969 3223 1983 3261 :

390 3300 472 3353 sic
497 3298 703 3352 mecum
732 3301 817 3349 est
836 3292 976 3349 ultro
1002 3290 1240 3348 ofﬁcium
1270 3289 1444 3345 facere
1465 3290 1711 3359 Domino,
1744 3295 1882 3352 sicut
1902 3298 1985 3371 (8)

392 3388 633 3448 indicere
662 3386 803 3443 illius
826 3395 948 3452 est;
979 3399 1086 3441 non
1118 3391 1320 3440 tantum
1347 3382 1571 3455 obsequi
1598 3384 1650 3441 ei
1672 3385 1863 3459 debeo,
1887 3390 1984 3447 sed

2092 3223 2215 3263 eum
2233 3202 2352 3278 (12)
2369 3203 2692 3271 dolentibus,
2709 3213 2763 3259 et
2780 3203 2849 3259 ita
2871 3202 3087 3259 demum
3116 3194 3458 3275 congauderc
3475 3204 3709 3274 gauden-

2091 3298 2231 3353 tibus
2261 3304 2478 3352 noruut.
2507 3294 2563 3350 Si
2591 3301 2646 3350 et
2671 3294 2772 3350 ista
2800 3293 3064 3352 solemnia
3086 3295 3281 3365 quibus
3317 3304 3443 3350 tunc
3466 3310 3707 3366 praesens

2090 3389 2452 3463 patrocinatus
2480 3399 2563 3446 est
2587 3403 2800 3457 sermo,
2836 3403 2936 3446 nos
2963 3404 3178 3461 quoque
3221 3390 3273 3445 in
3301 3388 3535 3446 diversis
3575 3404 3701 3460 pro-

1608 3521 1989 3584 LECTIONES
2029 3524 2440 3585 VARIANTES.

2165 3726 2185 3968 ἓ

466 3669 539 3730 (t)
561 3665 716 3730 Quam
741 3657 1061 3730 ex_taci_iltate
1083 3660 1193 3713 cod.
1222 3659 1465 3713 Wouwer.
2170 3663 2246 3730 ρ)
2266 3661 2569 3730 ξμηεεεῃιι,

466 3669 539 3730 (t)
564 3665 716 3724 Quam
741 3675 804 3712 ex
829 3663 1061 3713 facultate
1083 3663 1193 3713 cod.
1222 3663 1465 3713 Wouwer.

461 3731 515 3786 (2
560 3728 763 3778 Fat-sum
786 3717 938 3773 Seml.

461 3732 537 3855 (ὃ)
558 3788 854 3855 leegatum
877 3780 1030 3855 S_eml.

2170 3663 2221 3724 (7
2266 3663 2392 3713 Sunt
2413 3665 2518 3715 Sen.

2190 3726 2220 3775 8
2267 3724 2347 3775 Sir.
2367 3722 2518 3776 Serui.

2166 3663 2246 3855 (βξ
2257 3787 2339 3855 _Si_t
2362 3789 2485 3837 Jun.

490 3801 537 3903 ᾗ)
558 3801 854 3851 Utuegatum
877 3801 1030 3836 senm.
2189 3801 2242 3852 υ)
2262 3801 2339 3839 δη
2362 3801 2485 3837 μω,

490 3882 507 3925 _'_
519 3860 540 3925 _)
559 3845 939 3925 Εμοτιιιξβςπιιι
2294 3849 2548 3925 ξξςδεοςριει
2567 3849 2721 3899 Fran.

463 3848 540 3917 (1⁷)
562 3848 775 3903 Exortus
794 3848 939 3907 sentt.

457 3919 532 3978 (5)
558 3912 793 3965 Discessit
813 3919 926 3962 Jun.

457 3980 532 4038 (6)
552 3976 611 4028 Et
632 3989 720 4027 vos
737 3971 889 4026 Seml.

2165 3848 2254 3968 (10
2294 3849 2548 3913 Praecepta
2567 3850 2582 3898 1

2162 3848 2274 4038 (si
2285 3911 2410 4025 ita:
2425 3921 2582 4026 sat-

455 3971 532 4044 (6)
552 3976 611 4028 Et
632 3989 720 4027 vos
737 3971 889 4026 Schll.
2162 3971 2267 4038 (12)
2285 3974 2403 4025 Sum
2425 3982 2576 4026 Fran.
2605 3992 2626 4037 ε

1763 4097 2317 4159 COMMENTARIUS.

479 4248 556 4321 (a)
587 4244 853 4302 Facultate
877 4243 1120 4321 custodite
1146 4241 1336 4296 liberte.
1361 4239 1627 4296 Lucianus
1653 4245 1999 4313 διαφθείραντες

404 4312 1267 4464 τῦυῐΙιξείζζῗιξίῗκιῗιῖνὲΙῗᾶιιῃιιηιιι
1291 4383 1537 4464 antidoto,
1566 4382 1995 4454 prmuedicatum.

2107 4239 2319 4310 prmsidi
2344 4254 2449 4295 non
2478 4238 2846 4310 responderet.
2868 4237 3218 4309 Peregrinum
3243 4254 3398 4310 suum
3442 4239 3707 4297 Lucianus

2103 4309 2370 4366 extortum
2399 4309 2580 4366 fuisse,
2606 4326 2713 4365 non
2757 4310 2951 4375 tradit,
2985 4310 3092 4364 into
3136 4309 3437 4363 dimissum.
3487 4310 3604 4366 lito.

2179 4383 2253 4453 (e)
2279 4382 2403 4437 Cum
2442 4382 2696 4453 singultus
2741 4393 2788 4435 et
2833 4391 3006 4435 ructus
3050 4381 3185 4453 solos
3224 4380 3449 4445 haberet,
3488 4383 3541 4437 in
3591 4385 3705 4449 ipsa

410 4448 561 4521 Vino,
585 4457 866 4529 myrrhato
894 4448 1263 4529 consopitum,
1281 4526 1291 4529 _
1308 4448 1542 4529 myrrhae
1566 4448 2001 4529 praesumptione
2025 4453 2079 4514 D
2111 4448 2384 4529 negatione
2400 4448 2624 4529 digessit.
2640 4528 2643 4529 ν
2661 4453 2897 4529 llo_ne_sto
2916 4452 3178 4529 vocatmlo
3202 4452 3399 4529 tantum
3430 4448 3704 4529 negotium

412 4523 780 4592 oblirmaium.
810 4528 866 4584 In
893 4526 1112 4583 historia
1152 4523 1749 4596 passionisFrnctuosi.
1779 4523 2004 4596 Augurii

411 4616 469 4664 et
506 4602 747 4672 Eulogii,
782 4600 1007 4672 legimus
1037 4596 1276 4672 oblatum
1301 4594 1365 4650 iis
1385 4595 1456 4650 ab
1485 4594 1713 4672 fraterna
1741 4594 2005 4672 charitate

412 4666 861 4735 condime'ntuut';
889 4668 1304 4738 admonitosque
1328 4673 1386 4720 ut
1406 4666 1727 4738 permixtum
1756 4668 2004 4738 poculum

415 4753 734 4808 sumerent,
785 4740 1025 4802 dixisse,
1077 4736 1312 4791 nonduin
1343 4750 1481 4808 esse
1531 4736 2004 4808 horami'solvendi

413 4818 625 4889 jejunii.
651 4806 854 4889 Nempe
876 4808 1293 4889 agebaturltora
1325 4806 1427 4862 diei
1454 4818 1689 4889 quarta,
1718 4807 1848 4889 feria
1877 4824 2006 4889 vero

414 4878 605 4962 quarta
635 4878 941 4962 :_q_ua'_feria
973 4878 1340 4962 illinetiam’in‘
1361 4892 1599 4962 carcere,
1629 4878 1912 4962 stationem
1939 4881 2007 4962 de

414 4946 567 5017 more
591 4946 955 5014 celebrabant.
988 4949 1096 5006 Sed
1124 4964 1221 5005 cur
1245 4946 1475 5005 fraterna
1501 4950 1586 5005 illa
1618 4948 1850 5006 eharitas
1875 4950 2005 5007 feria

417 5040 620 5102 quarta
654 5025 1057 5102 condimentum
1104 5018 1399 5102 oﬂ'erebat_,
1439 5036 1560 5102 eum
1605 5032 1754 5076 sexta
1802 5030 2003 5102 tantum

413 5092 546 5159 feria
590 5096 736 5155 ducti
784 5096 894 5150 sint
936 5101 1228 5163 martyres.
1282 5092 1381 5146 nisi
1431 5092 1552 5162 quia
1598 5102 1848 5161 putarent
1892 5093 2006 5163 ipsa

415 5172 548 5230 feria
573 5176 760 5243 quarta
783 5162 1089 5243 ducendos?
1112 5162 1404 5243 (Steterunt,
1424 5163 1772 5243 imposturam
1804 5162 2007 5243 marty-

422 5245 505 5298 rio
533 5232 723 5298 fecisse
762 5237 1051 5302 videntur,’
1072 5238 1162 5303 qui
1195 5235 1247 5290 in
1289 5232 1405 5303 ipso
1430 5232 1671 5306 martyrii
1700 5232 2000 5305 procinctu,

422 5327 651 5385 corpora
676 5311 755 5367 sic
781 5308 1045 5385 curabant
1079 5320 1194 5370 sua,
1239 5314 1295 5359 ιιι
1333 5305 1604 5385 cruciatus
1645 5313 1702 5360 et
1737 5315 2002 5385 tormenta

424 5376 646 5440 minime
670 5381 952 5437 sentirent.
988 5376 1118 5432 Nam
1147 5390 1268 5447 quae
1296 5378 1617 5441 constantia,
1649 5391 1835 5445 quaeve
1885 5377 2001 5447 glo-

423 5457 501 5510 ria
550 5455 826 5510 medicatze
876 5449 1109 5521 potionis
1148 5449 1364 5519 crapula
1410 5447 1710 5518 consopito,
1753 5449 2001 5521 sensibus

414 5525 765 5590 interceptis?
795 5522 912 5579 Rm.
1086 5576 1089 5579 .

488 5599 565 5667 (c)
601 5589 667 5653 Ut
712 5594 889 5667 paucis
926 5592 1130 5667 ungulis
1182 5589 1437 5667 titillatus,
1482 5589 1576 5645 hoc
1612 5589 1745 5667 enim
1786 5589 1999 5667 ebrietas

410 5660 806 5723 sentiebatu'lta
833 5660 1144 5732 con50pittts
1184 5661 1378 5725 fuerat,
1409 5671 1468 5714 ut
1497 5660 1720 5731 ungulas
1749 5661 1997 5717 admotas

411 5743 563 5812 quasi
592 5737 851 5812 titillantis
876 5750 1092 5812 manum
1124 5741 1416 5801 pateretur.
1443 5732 1567 5812 lito.

397 5800 442 5883 ,’
474 5812 552 5889 (d)
583 5814 742 5890 Atque
762 5810 832 5868 ito
854 5809 916 5868 de
941 5807 1035 5866 hoc
1060 5800 1167 5880 iam
1202 5812 1447 5864 extortus.
1471 5800 1624 5875 Quod
1646 5802 1995 5881 interregauti

2112 4510 2395 4595 significat.
2426 4510 2560 4581 Nam
2599 4524 2686 4579 hic
2727 4524 2988 4579 Pristinus
3018 4522 3190 4595 nimia
3215 4523 3321 4577 vini
3369 4539 3432 4579 ac
3459 4510 3704 4581 cibortun

2110 4593 2264 4665 copia
2308 4594 2497 4662 fartus,
2544 4595 2774 4650 admotis
2810 4595 3091 4666 tormentis
3134 4593 3405 4666 Christum
3450 4600 3699 4666 negavit,

2110 4676 2272 4736 atque
2294 4667 2344 4721 in
2373 4667 2483 4737 ipsa
2506 4668 2787 4737 negatione
2815 4666 2952 4737 inter
2976 4665 3239 4737 singultus
3259 4672 3314 4737 et
3344 4665 3543 4737 ructus,
3569 4667 3693 4722 alio

2111 4734 2325 4808 perside
2358 4734 2553 4805 laxata,
2580 4734 2725 4793 fecit
2752 4736 2892 4808 quod
2933 4737 2987 4791 in
3018 4734 3221 4808 Milesia
3258 4734 3431 4791 fabula
3462 4735 3661 4793 Lucius
3685 4780 3704 4806 ,

2110 4806 2231 4863 cum
2272 4809 2339 4865 ab
2374 4809 2528 4864 asino
2567 4822 2666 4864 suo
2694 4806 2974 4862 carnifices
3000 4807 3176 4876 abegit
3209 4821 3349 4878 :Aseu
3388 4809 3532 4878 quod
3578 4824 3703 4864 mo-

2109 4880 2257 4935 riens
2283 4878 2536 4936 Claudius
2564 4878 2764 4949 Caesar,
2799 4894 2901 4949 qua
2947 4889 3095 4949 parte
3136 4876 3366 4942 facilius.
3398 4876 3455 4935 ut
3494 4881 3566 4933 ait
3592 4880 3703 4935 Se-

2111 4965 2265 5015 neca,
2316 4951 2652 5020 loquebatur.
2695 4947 3122 5019 Sed'qnomodo
3168 4951 3401 5020 negavit,
3451 4951 3540 5019 qui
3589 4965 3704 5020 pra:

2111 5019 2420 5078 tetnulentia
2445 5022 2589 5077 solos
2616 5021 2875 5090 singultus
2901 5032 2956 5075 et
2980 5029 3164 5074 ructus
3195 5019 3706 5090 haberet?Negasse

2109 5091 2380 5148 Christum
2414 5093 2642 5159 videtur,
2670 5093 2757 5163 qui
2787 5106 2883 5162 per
2901 5090 3237 5163 ebrietatem
3272 5091 3548 5161 eripuerat
3592 5092 3699 5149 sibi

2106 5165 2351 5235 martyrii
2382 5179 2598 5221 sensum
2620 5205 2636 5231 ,
2663 5160 2717 5218 ct
2757 5160 3028 5234 prmclarae
3058 5160 3413 5286 confegionis
3443 5163 3700 5233 gloriam.

3265 5248 3336 5286 ιιι.

3265 5248 3336 5288 ιϐ.

2178 5304 2334 5363 CAP.
2366 5304 2506 5361 XIII.
2536 5334 2609 5347 ——
2653 5304 2722 5373 (f)
2759 5303 2893 5360 Ecce
2938 5305 3071 5360 enim
3113 5305 3354 5360 convenio
3391 5320 3496 5360 vos.
3532 5304 3703 5372 Quasi

2104 5377 2371 5433 contraria
2394 5378 2623 5433 actione.
2666 5376 2787 5433 Rto.

2178 5446 2257 5519 (g)
2293 5446 2424 5501 Vero
2445 5448 2702 5503 interdum
2732 5463 2864 5519 pone
2891 5445 3333 5519 victitantesrﬂoc
3354 5455 3459 5512 est,
3485 5461 3622 5516 puro
3648 5458 3707 5503 rt

2105 5534 2255 5575 mero
2294 5534 2452 5589 pane,
2483 5520 2746 5575 siccautes
2770 5518 2949 5589 cibum
2979 5518 3048 5589 ab
3071 5518 3215 5572 omni
3252 5532 3436 5583 carne,
3466 5530 3520 5574 et
3552 5522 3702 5575 omni

2099 5588 2413 5661 jurulreutia,
2440 5601 2504 5661 ιιι
2530 5590 2643 5657 ipse
2672 5591 2745 5643 ait
2771 5588 2874 5644 hoc
2903 5590 2996 5644 lib.
3022 5588 3144 5661 “)6.

2168 5660 2258 5733 .(h)
2290 5659 2394 5716 Per
2423 5660 2667 5733 (ἑταιρίαις,
2708 5661 2811 5716 Per
2847 5661 3020 5714 varias
3042 5658 3261 5733 Grzpcia:
3290 5659 3610 5733 (revineias.
3650 5664 3705 5718 in

2100 5729 2298 5801 quibus
2325 5732 2469 5803 varia
2497 5732 2724 5787 concilia
2753 5740 2934 5787 coacta
2946 5740 3099 5803 sunt.
3124 5729 3331 5803 chuut
3354 5731 3439 5788 alii
3469 5730 3701 5793 (inrtio:

2099 5800 2218 5864 illas
2246 5802 2387 5881 quod
2409 5802 2587 5866 forsan
2615 5819 2725 5865 non
2748 5803 2911 5869 male.
2941 5802 3019 5865 Lt:
3047 5800 3142 5861 Pu.

3726 2190 3915 2303 ξίφη-

3796 2288 3877 2323 λλιιι
