4006 6280
407 231 515 292 975

1835 226 2294 295 TER'I'ULLIANI

3604 231 3712 291 976

408 352 600 420 inquit,
630 366 759 421 apus
788 350 897 403 Dei.
938 348 1089 417 Quod
1112 348 1283 419 opus?
1320 347 1387 403 de
1427 362 1533 419 quo
1563 348 1636 402 ait
1676 345 2009 403 :Bonumest
2039 345 2084 409 Λ
2113 347 2253 418 gula:
2304 344 2520 417 placuit,
2596 359 2697 402 nec
2763 346 3037 413 sacerdos,
3085 362 3182 404 nec
3237 348 3540 419 prophetes.
3596 349 3708 405 Μει-

415 458 620 496 carnctu
642 458 743 496 non
764 441 929 506 edere,
983 449 1029 494 et
1072 440 1245 495 vinum
1299 457 1399 494 non
1445 449 1639 508 potare.
1669 437 1803 494 Nam
1832 438 1918 509 qui
1951 438 2004 492 in

415 536 532 589 istis
559 534 740 595 servit,
767 532 1050 603 placabilis
1081 544 1136 589 et
1165 532 1514 604 propitiabilis
1544 533 1655 589 Deo
1687 541 1872 588 n0stro
1900 539 2003 587 est.

417 627 638 694 Quidam
662 626 820 682 credit
845 627 1017 681 omnia
1050 626 1412 681 munducanda
1444 640 1571 692 esse,
1601 624 1810 696 quidam
1838 633 2007 678 autent

413 702 647 787 inﬁrmus
692 719 833 773 olera
880 718 959 791 (I)
996 717 1245 784 vescitur;
1279 719 1366 788 qui
1399 717 1691 783 manducat,
1732 733 1809 772 ne
1843 716 2003 771 trulli-

409 812 523 881 [icet
550 810 633 883 (‘2)
660 828 761 867 non
782 811 1191 867 manducantem.
1221 809 1297 866 Tu
1324 812 1436 882 quis
1458 808 1538 885 (5)
1570 827 1643 876 es,
1667 811 1753 880 qui
1782 809 2006 865 alienum

408 921 605 960 seruant
618 904 852 976 judicas?
876 903 941 958 Et
961 904 1046 972 qui
1077 904 1371 967 mamlucat,
1400 913 1446 958 et
1476 903 1561 971 qui
1585 918 1686 956 non
1706 902 2000 966 ntauducat,

419 997 525 1052 Deo
549 998 654 1066 agit
682 997 891 1068 gratias.
927 996 1100 1069 (Rom.
1138 980 1275 1063 XIV,
1305 995 1361 1062 2,
1391 1005 1437 1050 et
1466 994 1630 1067 seqq.)
1662 994 1796 1050 Cum
1826 1006 2003 1050 autent

414 1076 646 1144 Iunnann
671 1087 894 1143 arbitrio
921 1097 1061 1144 vetet
1089 1087 1171 1160 (4)
1193 1088 1614 1143 controversiam
1640 1085 1777 1144 lieri.
1807 1096 2005 1157 quanto

411 1181 579 1251 magis
616 1178 829 1234 divino!
873 1178 948 1234 Ita
993 1178 1194 1236 sciebat
1260 1177 1521 1247 quosdam
1567 1179 1917 1249 castigatores
1951 1188 2008 1234 et

410 1269 785 1327 inn-rdietores
816 1271 988 1325 victus
1038 1270 1302 1336 incusare,
1360 1271 1451 1341 qui
1500 1285 1566 1325 ex
1615 1269 1848 1337 fastidio,
1899 1284 2006 1326 non

409 1362 496 1434 qui
540 1380 603 1419 cx
635 1362 815 1419 officio
855 1363 1216 1429 abstinerent;
1263 1365 1490 1433 probare
1527 1375 1657 1416 vero
1685 1362 1773 1432 qui
1820 1364 1872 1416 in
1905 1362 2005 1417 It0-

406 1474 619 1525 norem,
652 1474 758 1512 non
803 1456 892 1528 qui
942 1456 994 1512 in
1023 1449 1312 1512 convitinm
1349 1454 1639 1511 Creatoris.
1666 1456 1730 1511 Et
1756 1456 1802 1511 si
1829 1456 2006 1512 claves

409 1552 616 1609 tuarelli
649 1550 741 1606 tibi
771 1548 1014 1614 tradidit,
1045 1548 1363 1621 permittens
1391 1551 1508 1605 esui
1541 1548 1719 1604 omnia
1755 1548 1820 1603 ad
1876 1564 2005 1604 (νοη-

403 1644 726 1699 stitttcttdam
754 1642 1171 1713 idolotltytorutu
1199 1642 1590 1712 exceptionem.
1624 1653 1923 1715 nontamen
1951 1642 2002 1697 in

2062 446 2243 495 .nent
2301 436 2477 494 adhuc
2538 445 2881 493 monumenta
2952 437 3423 509 concupiscentim,
3485 440 3708 498 ubi.=se-

2112 532 2291 601 pullus
2318 540 2402 587 est
2441 529 2668 601 p0pulus
2696 531 2874 585 carnis
2912 529 3257 586 avidissimus
3285 547 3454 604 nsque
3492 532 3558 586 ad
3582 533 3713 589 clio-

2109 622 2275 678 leram
2298 632 2691 694 urtygometras
2736 622 2816 695 (9)
2849 622 3189 679 cruditando.
3222 622 3339 695 (l0)
3368 624 3595 679 Eliditur
3612 642 3713 696 pro

2112 715 2292 785 templi
2337 713 2541 770 foribus
2586 714 2767 770 senior
2806 714 2945 781 Ileli;
2997 715 3090 770 lilii
3135 716 3253 786 ejus
3279 716 3331 772 in
3377 717 3493 770 acie
3531 726 3713 780 εἰςιν-ις

2110 822 2279 863 nurus
2304 806 2545 876 exspirat
2570 806 2623 861 in
2653 814 2828 877 partu.
2862 806 3009 863 Ilanc
3037 807 3179 862 enim
3215 820 3482 864 meruerat
3521 811 3638 878 (11)
3680 828 3712 863 a

2113 901 2223 957 Deo
2245 900 2451 972 plagam
2474 900 2667 956 domus
2685 900 2989 972 impudens,
3009 902 3396 959 sacriﬁciorum
3416 905 3712 961 carnalium

2109 991 2495 1048 defraudatrix.
2548 989 2627 1065 (a)
2672 992 3126 1058 Satncas,-bomo
3177 994 3292 1060 Dei,
3338 1011 3459 1050 eum
3510 996 3712 1053 exitum

2115 1084 2496 1154 proplietassct
2514 1084 2827 1140 idololatria:
2848 1084 3167 1141 introdttctze
3182 1104 3211 1140 a
3226 1102 3352 1158 rege
3365 1086 3709 1155 Ilicmbuam,

2112 1184 2231 1246 post
2272 1190 2488 1232 manum
2527 1175 2644 1246 ejus
2689 1176 2830 1248 regis
2878 1178 3190 1244 arefactum,
3222 1188 3278 1233 et
3325 1179 3504 1234 statim
3552 1182 3713 1237 restio

2052 1272 2055 1273 '
2111 1275 2296 1331 tutan't,
2329 1265 2409 1351 (ὁ)
2452 1276 2572 1338 post
2609 1268 2779 1324 altare
2815 1267 3068 1324 dill'nsunt
3112 1267 3253 1339 (l2),
3285 1269 3356 1325 ob
3383 1271 3498 1326 lure
3537 1271 3711 1344 signa,

2108 1367 2163 1413 et
2193 1358 2559 1417 satisfactione
2588 1359 2704 1432 (l3)
2729 1361 2979 1416 invitatus
3001 1376 3033 1416 a
3063 1376 3207 1431 rege,
3237 1361 3394 1432 plane
3414 1364 3713 1421 excusavit.

2109 1452 2416 1510 l’robibitus
2457 1453 2602 1510 enim
2632 1470 2662 1508 a
2710 1454 2823 1510 Deo
2853 1453 3050 1522 fuerat,
3091 1454 3199 1510 illic
3236 1455 3412 1511 cibum
3460 1457 3512 1511 iu
3544 1467 3713 1515 totum

2108 1546 2403 1617 attingere;
2436 1546 2532 1604 sed
2570 1547 2639 1603 ab
2666 1546 2772 1601 alio
2812 1563 2932 1603 inus
2964 1562 3094 1603 sene
3125 1548 3349 1604 mentito
3377 1550 3713 1619 prophetiam

2111 1646 2310 1694 temere
2340 1648 2543 1708 pastus,
2575 1637 2869 1695 secundum
2899 1637 3119 1695 verbum
3152 1638 3243 1694 Dei
3272 1638 3466 1696 ibidetn
3498 1642 3698 1698 factum

408 1737 635 1793 macello
666 1752 885 1808 regnum
923 1734 1016 1790 Dei
1056 1734 1292 1791 inclttsit.
1336 1733 1448 1789 Nec
1475 1735 1633 1800 enim,
1666 1735 1855 1806 inquit,
1887 1752 2004 1791 esus
2035 1743 2080 1804 Β
2107 1744 2270 1801 super
2310 1745 2573 1797 mensam,
2617 1748 2722 1787 non
2751 1742 2836 1787 est
2875 1732 2926 1787 in
2969 1732 3206 1803 paternis
3230 1733 3508 1804 sepultus:
3542 1737 3715 1795 leonis

405 1839 492 1883 mu
520 1839 669 1899 potus
707 1838 777 1882 cst
806 1826 904 1882 Dei
933 1843 1163 1898 regnum,
1207 1835 1284 1890 et,
1317 1824 1453 1881 Esca
1481 1842 1571 1881 nos
1604 1824 1713 1881 Deo
1741 1843 1838 1881 non
1866 1842 2004 1881 cont-

405 1920 649 1988 mendat;
676 1937 781 1975 non
815 1929 873 1974 ut
899 1919 969 1975 de
994 1918 1140 1974 arida
1170 1917 1368 1980 dictum
1402 1929 1572 1988 putes,
1607 1917 1703 1975 sed
1736 1918 1912 1989 potius
1934 1919 2003 1977 de

405 2025 564 2072 uncta
591 2025 646 2072 et
696 2023 965 2071 accurata.
1008 2013 1284 2085 Siquidem
1323 2013 1632 2085 subjiciens,
1673 2031 1764 2068 nec
1790 2015 1835 2068 si
1860 2031 2006 2069 utau-

403 2109 779 2173 dncaverimus,
819 2106 1188 2162 abundnbimus
1225 2103 1349 2177 (5);
1378 2122 1469 2160 nec
1502 2106 1547 2160 si
1591 2121 1692 2161 non
1730 2106 2004 2160 manduca-

405 2203 640 2268 rerimus,
674 2201 996 2271 deficiemns;
1028 2198 1121 2254 tibi
1150 2199 1319 2269 magis
1344 2197 1578 2261 insonat,
1605 2198 1694 2269 qui
1727 2197 2002 2255 abundare

404 2306 457 2350 te
485 2295 781 2358 existimas,
813 2292 861 2348 si
889 2290 1020 2348 edas
1044 2333 1059 2359 ,
1088 2299 1144 2347 et
1166 2290 1398 2347 deiicere
1423 2290 1467 2345 si
1487 2306 1591 2345 non
1620 2289 1766 2356 edas,
1796 2297 1854 2346 et
1881 2288 2002 2346 ideo

400 2389 504 2443 ista
534 2387 821 2443 detractas.
873 2383 1155 2441 Dominum
1209 2397 1423 2454 queque
1465 2398 1624 2452 quam
1676 2381 1890 2453 indigne
1932 2381 1998 2436 ad

401 2488 546 2534 tuam
580 2477 853 2532 libidinem
883 2468 1253 2544 interpretaris
1280 2473 1478 2542 passim
1506 2471 1917 2528 manducantem
1946 2483 2003 2529 et

405 2572 700 2636 bibentem,
741 2566 837 2623 sed
891 2575 1019 2635 puto
1060 2563 1202 2638 quod
1252 2563 1413 2620 etiam
1453 2562 1713 2635 jejnnarit
1759 2561 1863 2638 (7-),
1908 2565 1997 2634 qui

401 2664 616 2727 beatos,
679 2674 785 2714 non
829 2666 1120 2722 saturatos,
1167 2655 1261 2711 sed
1300 2650 1599 2712 esurientes
1636 2664 1693 2711 et
1732 2655 1994 2722 sitientes,

408 2753 804 2828 pronuntiarit;
835 2752 927 2823 qui
953 2764 1132 2814 escam
1163 2747 1531 2821 profitebatur,
1566 2764 1671 2804 non
1695 2764 1854 2820 quant
1885 2749 1999 2806 dis-

400 2848 566 2918 cipuli
594 2846 990 2913 existimaram,
1020 2842 1114 2900 sed
1144 2841 1349 2911 paterni
1376 2842 1557 2914 operis
1589 2843 1996 2913 perfectionem,

397 2941 599 2998 docens
612 2936 822 3009 operari
832 2944 1035 3003 eseam,
1050 2950 1169 3006 qua:
1184 2943 1462 3006 permanet
1476 2934 1526 2989 in
1541 2934 1702 2989 vitam
1718 2944 1995 3001 aeternam;

400 3035 453 3088 in
484 3029 754 3088 ordinaria
783 3028 949 3085 etiam
988 3027 1232 3085 oratione
1277 3040 1469 3097 panem
1511 3027 1775 3082 mandans
1814 3041 1998 3097 postu-

2107 1824 2249 1879 enim
2280 1821 2333 1878 in
2366 1825 2448 1879 via
2472 1839 2699 1881 occursu
2733 1835 3054 1894 prostratur,
3086 1836 3143 1883 et
3166 1826 3308 1898 apud
3338 1837 3554 1884 exteras
3578 1845 3712 1886 con-

2106 1915 2272 1984 ditus,
2299 1931 2515 1987 pamam
2537 1915 2740 1973 deserti
2764 1917 2953 1988 jejnuii
2978 1917 3096 1974 luit.
3124 1918 3252 1976 llzec
3271 1930 3432 1976 erunt
3459 1923 3706 1993 exetnpla

2104 2020 2159 2066 et
2189 2010 2388 2081 populo
2429 2020 2484 2066 et
2519 2010 2805 2082 episcopis,
2858 2012 3019 2067 etiam
3074 2012 3424 2083 spiritalibus,
3453 2015 3499 2069 si
3541 2032 3701 2087 quam

2107 2101 2545 2159 incontinentiam
2572 2102 2713 2173 gula:
2732 2102 3068 2160 admiserint.
3091 2103 3199 2161 Sed
3221 2120 3321 2163 nec
3336 2107 3478 2176 apud
3501 2108 3705 2166 inferos

2105 2192 2401 2249 admonitio
2446 2194 2699 2260 cessavit,
2749 2194 2835 2250 ubi
2895 2196 2949 2251 in
2991 2195 3159 2253 divite
3197 2197 3416 2268 quidem
3464 2201 3707 2258 com-ivia

2103 2288 2430 2354 cruciantur,
2487 2288 2539 2343 itt
2589 2303 2825 2360 paupere
2849 2304 2977 2345 vero
3010 2290 3210 2360 jejunia
3248 2303 3581 2358 recreantur,
3612 2295 3705 2350 Ita-

2105 2379 2282 2436 bentia
2299 2388 2654 2450 praeceptores
2668 2379 2883 2452 Moysen
2904 2391 2951 2436 et
2967 2379 3254 2453 Prophetas
3272 2381 3421 2454 (Luc.
3444 2383 3486 2439 Χ
3499 2384 3706 2456 1⁷139).

2101 2469 2234 2540 Nam
2273 2480 2329 2528 et
2364 2470 2518 2527 Joliel
2547 2472 2866 2528 exclamavit
2903 2472 3061 2545 (Joel,
3091 2472 3133 2540 l,
3163 2474 3256 2546 14)
3294 2491 3310 2529 :
3342 2475 3552 2532 Sancite
3577 2477 3711 2545 jeju-

2102 2566 2270 2631 nium,
2301 2572 2349 2618 et
2393 2563 2672 2635 pranlicate
2700 2565 3010 2620 curationem
3053 2564 3199 2639 (l4),
3235 2568 3572 2637 prospiciens
3595 2569 3706 2639 jatn

2102 2668 2155 2712 et
2201 2665 2328 2713 tunc
2372 2665 2427 2712 et
2476 2657 2612 2713 alios
2657 2656 2931 2728 apostolos
2968 2666 3025 2714 et
3072 2658 3361 2730 prophetas
3404 2663 3707 2718 sancitur-os

2096 2750 2377 2822 jejunium,
2398 2760 2451 2807 et
2469 2750 2855 2824 prtedicaturos
2876 2750 3052 2810 officia
3073 2753 3315 2809 curantia
3338 2740 3528 2810 Deuin.
3552 2753 3708 2812 Unde

2101 2855 2155 2899 et
2193 2844 2365 2930 qnijn
2392 2844 2550 2901 idolis
2586 2843 2888 2910 comendis,
2914 2856 2969 2902 et
2992 2846 3042 2900 in
3071 2847 3181 2902 aris
3200 2847 3458 2903 ornandis
3487 2847 3625 2921 (t5),
3650 2860 3707 2906 et

2100 2936 2168 2990 ad
2212 2936 2450 3008 singulas
2473 2938 2632 2992 horas
2655 2935 2733 3009 (r)
2760 2937 3056 2995 salutandis
3082 2938 3199 3013 (I6)
3221 2940 3523 3005 adulantur,
3551 2959 3706 2997 cura-

2105 3029 2300 3087 tionem
2323 3030 2498 3086 facere
2526 3029 2802 3087 dicuntur.
2831 3030 2936 3088 Sed
2961 3041 3018 3088 et
3043 3046 3258 3088 omnem
3283 3044 3701 3106 τιπεικρρόνητιτ

401 3124 642 3189 landum,
674 3138 781 3179 non
824 3130 879 3178 ct
911 3119 1153 3175 attalicas
1178 3117 1402 3174 .divitias
1443 3115 1546 3189 (l).
1587 3117 1675 3174 Sic
1702 3127 1757 3174 ct
1787 3117 1993 3188 Esaias,
2023 3137 2069 3201 (ς
2102 3121 2300 3179 etlmici
2325 3132 2640 3193 agnOscunt.
2670 3117 2804 3178 Cum
2833 3132 3016 3194 stupet
3044 3124 3242 3181 malum
3280 3134 3339 3181 et
3361 3137 3478 3180 amt
3504 3142 3699 3191 annus,
3720 3148 3739 3160 -

399 3234 507 3274 non
537 3216 750 3288 negavit
786 3214 953 3269 Deum
984 3210 1214 3283 elegisse
1250 3209 1535 3282 jejunium,
1566 3209 1661 3267 sed
1691 3212 1850 3280 quale
1892 3229 1997 3267 non

398 3308 651 3381 elegerit,
665 3305 1017 3363 enumeravit.
1038 3302 1101 3357 In
1122 3301 1296 3357 diebus
1309 3302 1466 3370 enim,
1481 3303 1645 3373 inquit
1665 3300 1794 3373 (ls.,
1815 3302 1994 3369 LVIII,

398 3399 489 3472 5),
521 3398 837 3472 jejuniorum
887 3405 1166 3450 vestrorum
1208 3393 1533 3448 iureniuntur
1586 3394 1872 3462 voluptates
1914 3394 1996 3467 (8)

400 3504 597 3559 vestrm,
625 3504 671 3548 et
700 3507 874 3546 omnes
899 3491 1149 3561 subjectos
1180 3488 1316 3543 robis
1350 3489 1633 3554 succutitis,
1664 3498 1753 3543 aut
1778 3491 1997 3545 convitia

328 3631 336 3639 .
400 3599 449 3644 et
477 3587 587 3642 lites
616 3584 882 3656 icjuuatis,
923 3591 971 3637 et
1001 3581 1191 3636 creditis
1220 3580 1439 3652 pugnis:
1473 3597 1573 3635 non
1605 3581 1707 3636 tale
1735 3582 1996 3654 jejunium

400 3694 496 3751 rgo
535 3677 693 3749 elegi;
725 3674 817 3731 sed
844 3673 1002 3745 quale
1026 3671 1272 3742 subjecit,
1302 3681 1358 3728 et
1385 3672 1721 3741 subjiciendo
1750 3688 1855 3728 non
1876 3673 1998 3729 abs-

401 3769 542 3836 tulit,
561 3768 655 3825 sed
678 3765 1033 3824 conﬁrmavit.
1056 3763 1189 3820 Nam
1230 3762 1333 3819 etsi
1356 3763 1557 3818 mavult
1578 3763 1995 3835 Operajnstitiae,

402 3877 511 3919 non
542 3874 718 3916 tamen
747 3859 865 3916 sine
905 3855 1206 3922 sacrillcio;
1272 3852 1413 3926 quod
1457 3862 1541 3911 est
1571 3853 1746 3911 anima
1774 3854 1996 3912 conﬂic-

401 3964 509 4012 tata
537 3953 771 4026 jt‘juttiis.

1007 4041 1235 4101 CAPUT
1271 4041 1413 4099 XVI.

470 4140 564 4197 llle
621 4147 769 4197 certe
824 4138 999 4206 Deus,
1061 4138 1145 4194 cui
1195 4151 1295 4194 nec
1370 4137 1600 4209 pOpqus
1653 4136 1991 4194 incontinens

2104 3215 2447 3287 nudipedalia
2493 3215 2900 3283 denuntiantur,
2932 3217 3278 3290 magistratus
3315 3235 3580 3290 purpuras
3608 3236 3705 3293 po~

2103 3316 2258 3375 nunt,
2304 3305 2479 3364 fasces
2508 3315 2654 3364 retro
2690 3319 2959 3378 avertunt,
2988 3324 3205 3382 precem
3236 3310 3538 3383 indigitant,
3571 3312 3704 3369 bos-

2100 3402 2226 3457 tiam
2266 3402 2586 3459 instaurant.
2630 3400 2789 3473 Apud
2837 3404 3095 3475 quasdam
3137 3419 3268 3461 vero
3295 3405 3534 3461 colonias
3560 3423 3702 3478 prte-

2099 3504 2246 3551 terca
2270 3509 2448 3549 annuo
2473 3493 2577 3550 ritu
2605 3494 2778 3551 saccis
2805 3494 2990 3562 velati,
3025 3493 3107 3569 (ά)
3134 3507 3192 3553 et
3209 3496 3394 3555 cinere
3419 3499 3697 3569 conspersi
3738 3567 3761 3577 _

2098 3584 2257 3642 idolis
2296 3587 2408 3641 suis
2452 3585 2683 3642 inediam
2717 3588 2832 3658 (l7)
2866 3587 3163 3659 supplicem
3191 3588 3487 3659 objiciunt,
3509 3590 3698 3646 btlnea

2101 3689 2155 3735 et
2200 3678 2274 3751 (e)
2325 3679 2662 3735 tabernacula
2696 3678 2817 3751 (18)
2849 3681 2901 3736 in
2943 3697 3139 3739 nonam
3172 3698 3341 3755 usque
3381 3684 3696 3742 cluduntur.

2105 3769 2251 3827 Unus
2293 3770 2345 3825 in
2391 3770 2604 3841 publico
2645 3771 2781 3842 ignis
2815 3773 2956 3844 apud
2997 3789 3141 3843 aras,
3172 3791 3325 3847 aqua:
3356 3792 3455 3831 nec
3495 3779 3545 3832 in
3580 3778 3701 3834 Ian-

2101 3861 2272 3917 cibus.
2321 3860 2662 3918 Mniviticum
2713 3861 2833 3937 (l9)
2880 3865 3045 3922 credo
3081 3866 3369 3938 justitiam.
3412 3869 3696 3929 .ludaicunt

2101 3961 2248 4010 certe
2269 3942 2529 4024 jejunium
2573 3954 2769 4028 ubique
2796 3956 3122 4027 celebratur,
3162 3949 3283 4016 etim
3309 3962 3527 4019 omissis
3557 3974 3703 4019 tento

2103 4047 2204 4127 ptis
2234 4060 2327 4118 per
2358 4062 2522 4105 omne
2543 4048 2690 4106 littus
2726 4064 3066 4123 quocumque
3104 4051 3158 4107 in
3196 4064 3387 4125 aperto
3415 4055 3704 4127 aliquando

2090 4138 2202 4209 jam
2250 4153 2463 4208 precem
2515 4138 2584 4197 ad
2638 4140 2833 4198 coelum
2879 4142 3125 4211 mittunt;
3176 4152 3235 4201 et
3282 4144 3408 4203 licet
3446 4146 3595 4205 cultu
3626 4160 3704 4222 ,οι

1646 4229 2023 4291 ΙιΕΟΤΙΟΝΕδ
2046 4231 2459 4291 VABIANTES.

488 4355 534 4407 ll
558 4352 711 4405 Olere
732 4346 874 4405 seml.

483 4412 531 4469 2i
561 4415 771 4467 Vilillcet
792 4412 943 4467 Seml.

483 4477 536 4544 ὅ)
554 4480 646 4544 Qui
663 4477 817 4531 Seml.

483 4538 536 4606 ι)
561 4538 697 4593 Vitet
714 4538 860 4606 Serui.

483 4604 535 4668 5)
557 4604 922 4668 Abundavimus
944 4605 1069 4668 _Par.

481 4662 532 4737 ρ)
556 4665 807 4737 {eleuarit
825 4662 980 4737 ﬁeri:

480 4722 531 4792 ‘7)
558 4722 766 4792 Divitias
787 4725 952 4792 abiicit
970 4722 1122 4776 Seml.

479 4790 528 4843 81
557 4790 880 4842 Voluntantes
903 4790 1057 4840 Frtm.

477 4845 532 4917 9)
557 4853 901 4918 Octygomctra
922 4845 1075 4918 Sensi.

477 4858 532 4917 9)
557 4858 823 4918 Uetygomc
849 4865 901 4901 ra
922 4858 1075 4902 Semt.

455 4858 562 4982 (10)
586 4859 883 4970 Conditando
908 4910 975 4965 al.
1005 4908 1274 4963 cruciando
1289 4910 1432 4959 Pam.

2161 4350 2269 4478 (ll)
2292 4353 2540 4404 Metuerat
2559 4352 2713 4406 Sernl.

2164 4415 2247 4478 (l2
2293 4415 2538 4466 Dillissum
2557 4415 2625 4467 al.

2161 4415 2269 4526 (12)
2293 4415 2538 4500 Dillissutn
2557 4415 2625 4492 al.

2189 4479 2267 4526 151
2287 4478 2360 4526 Ad
2382 4478 2625 4526 satisfactu

2189 4479 2267 4543 13;)
2287 4478 2360 4543 4d
2382 4478 2762 4543 satisfactionem
2781 4480 2888 4543 Lat.

2099 4539 2267 4653 sagit)
2291 4539 2601 4593 Sanctiﬁcate
2633 4542 2876 4606 jejunium
2909 4548 2963 4595 et
2981 4545 3253 4599 orationem
3274 4550 3319 4600 et
3352 4543 3470 4599 nihil
3489 4545 3701 4614 amplius

2165 4615 2230 4653 ηιι
2238 4640 2249 4652 .

2179 4664 2256 4728 15)
2281 4663 2342 4728 Et
2362 4668 2409 4716 in
2433 4665 2524 4716 liae
2546 4679 2602 4716 re
2624 4667 2854 4717 ornandis
2877 4664 3029 4720 Seml.

2183 4725 2260 4790 lli)
2286 4725 2392 4790 Diis
2414 4728 2535 4779 add.
2554 4728 2664 4780 cod.
2698 4730 2884 4781 Wonw.

2158 4787 2259 4850 (l7)
2285 4787 2519 4840 Invidiam
2549 4793 2718 4843 Venet.
2745 4791 2898 4845 then.

2181 4851 2255 4913 l8)
2282 4850 2541 4903 Tabernas.

2182 4912 2257 4976 l9)
2281 4912 2595 4966 Niniviticnm
2607 4917 2729 4968 Jun.
2748 4915 3056 4969 Nlniviticam
3071 4918 3224 4972 credo
3232 4920 3467 4984 justitiam
3483 4921 3553 4972 at.
3574 4918 3698 4988 leg.;

1771 5012 2332 5076 COMMENTARIUS.

398 5134 622 5194 quoque
651 5114 1253 5194 put_amns__scptimat.tas
1272 5109 1498 5194 .diitisse'
1525 5106 1982 5194 quadt-agesinias,

396 5178 845 5265 quemadmodum
868 5178 1225 5265 Hieronymus
1253 5181 1412 5237 dixit:
1442 5178 1984 5265 ‘Nosnnantqnadru-

398 5251 642 5336 g'esimam
705 5258 981 5336 secundum
1038 5251 1364 5336 traditionem
1420 5251 1782 5336 Apostqlornm
1803 5289 1819 5318 ,
1878 5260 1982 5307 toto

396 5322 811 5406 arcnottentgore
845 5329 989 5406 uoltis
1010 5340 1235 5406 congruo
1260 5324 1569 5406 jejunam'us.
1600 5322 1720 5406 ltro.
1826 5399 1838 5406 _
1911 5394 1942 5406 ί.

469 5392 623 5460 (ΞᾸΡ.
658 5392 796 5460 XVI.
819 5432 892 5484 —_-
919 5401 999 5484 (a)
1037 5392 1255 5484 Samios
1290 5392 1439 5484 homo
1466 5392 1981 5484 Deirhbibroutertio

398 5474 603 5547 Regum
631 5488 828 5547 nomen
843 5463 1011 5547 _I_)njn:s
1034 5466 1307 5547 pt'_0pl_leta:
1333 5482 1437 5547 non
1472 5464 1715 5532 traditur,
1741 5463 1979 5536 Josepbo

398 5537 815 5619 ιιὶεἷιιιιι-δειάοιιἰ
843 5537 1146 5619 Ειιῖρῂρρίό
1166 5538 1338 5619 .Ioain.
1368 5537 1539 5619 lito."
1635 5607 1646 5619 .
1720 5606 1753 5619 ,Δ
1823 5606 1835 5618 ,
1935 5607 1945 5619 ,

468 5618 549 5687 lli)
592 5616 715 5671 Post
762 5606 1220 5687 altare-diffusum.
1252 5609 1463 5665 Etenim
1490 5607 1648 5687 diruti
1684 5606 1867 5662 altaris
1900 5607 1976 5661 ei-

393 5684 553 5743 neres
579 5688 751 5743 tIImISI
780 5701 840 5739 3C
872 5685 1119 5754 dispersi.
1161 5689 1389 5754 F'sL'ZIUEQL
1414 5722 1434 5754 ._
1457 5684 1539 5732 καὶ
1587 5686 1807 5749 ἕλχυθήσε

388 5764 558 5822 πιότης
589 5762 660 5816 ἐτ’
688 5764 836 5813 diem;
865 5758 884 5829 ζ
922 5752 969 5812 Π
1002 5755 1124 5826 Πσῃ,
1162 5752 1271 5813 ΧΠ.
1306 5752 1383 5822 3).
1422 5752 1538 5805 Ιίιο.

2167 5112 2242 5182 (c)
2288 5111 2591 5169 Salutandis
2617 5115 2922 5172 adulantur.
2962 5115 3124 5172 Liber
3171 5116 3365 5182 Ursini,
3398 5117 3462 5173 Et
3509 5120 3562 5174 in
3588 5082 3700 5178 aris

2092 5182 2361 5254 ornandis,
2387 5195 2431 5240 et
2449 5185 2518 5240 ad
2536 5186 2767 5259 singulas
2791 5189 2943 5244 Itoras
2962 5188 3252 5244 salutandis
3270 5190 3367 5243 diis
3387 5191 3696 5249 adulantur.

3282 5259 3403 5317 Rm.

2158 5368 2335 5448 (d)__E_'t
2380 5373 2548 5448 cinere
2583 5375 2863 5448 conspersi.
2908 5374 3144 5432 ﬁcorum
3190 5373 3299 5448 bie__
3328 5372 3542 5448 habitus
3583 5377 3697 5437 late

2083 5439 2423 5518 deSt-ribitnr,
2465 5444 2551 5518 cui
2597 5439 2736 5503 cinis
2766 5447 3206 5518 inspersus‘erat
3233 5444 3546 5518 aliquando,
3579 5465 3696 5518 quo

2082 5514 2498 5587 miserabiliores
2521 5516 2722 5574 lieran
2750 5514 2909 5587 April.
2930 5517 3026 5573 lib.
3047 5516 3154 5583 VII,
3177 5515 3427 5570 Ambobus
3453 5514 3696 5579 manibus

2081 5584 2286 5660 trahens
2327 5587 2627 5660 cinerosam.
2673 5587 2731 5643 In
2774 5584 2923 5645 saera
2969 5589 3240 5660 Scriptura
3281 5587 3406 5642 illud
3453 5592 3697 5649 maxime

1816 5655 1974 5740 ἆξή
2078 5655 2312 5710 obvium.
2346 5656 2420 5712 LE
2451 5658 2545 5715 l‘n.

2147 5749 2220 5823 (r)
2254 5749 2619 5810 Tubernucnla.
2661 5753 2936 5810 Tabcrme.
2966 5754 3083 5810 lito.
