4006 6280
411 362 518 420 9'79

1819 366 2282 428 TERTULLIANI

422 534 3705 596 ’Ἦ

889 694 1256 782 QUINTI
1313 694 1812 768 SEPTIMII
1862 696 2462 771 FLORENTIS
2509 701 3258 778 TERTULLIANI

1299 928 1573 1146 DE
1681 930 2765 1082 PUDICITIA.

1768 1260 2021 1276 -ῌ

401 1375 443 1441 I.
491 1387 761 1445 Pudicitiae
790 1406 962 1447 amore
989 1391 1333 1449 Tertulliantts
1358 1395 1410 1450 in
1440 1395 1669 1472 liceresim
1702 1396 1897 1467 lapsus,
1924 1394 1993 1449 li-
2021 1391 2074 1451 A

475 1482 565 1537 bro
611 1485 707 1539 ltoc
754 1502 977 1540 errorem
1009 1485 1244 1542 Montani
1294 1498 1590 1557 prosecutus
1639 1490 1701 1543 de
1738 1505 1839 1543 non
1870 1487 1999 1543 reci-

473 1578 671 1646 piendis
706 1580 1080 1649 paenitentibus,
1123 1582 1303 1635 saltem
1346 1583 1552 1638 nunc/tis
1581 1591 1628 1637 et
1677 1581 2001 1654 fornicatori-

479 1668 609 1736 bus;
649 1670 801 1723 laude
844 1671 1102 1741 pudicitia:
1128 1674 1411 1742 praemissa,
1443 1675 1664 1744 idipsum
1696 1674 1852 1741 huius
1884 1672 2003 1728 libri

386 1794 389 1797 -
473 1771 827 1833 arguntentum
866 1764 1040 1833 paucis
1079 1765 1272 1819 indicat
1310 1765 1537 1839 (fassus,
1569 1782 1622 1821 se
1648 1776 1801 1833 retro,
1824 1783 2002 1837 nempe

410 1854 420 1858 “
470 1871 583 1929 cum
613 1855 796 1910 librum
826 1855 889 1911 de
932 1856 1236 1912 Paenitentia
1281 1859 1553 1927 scriberet,
1604 1861 1815 1915 alterius
1842 1861 1999 1931 fuisse

469 1948 805 2020 sententiw);
837 1951 1057 2005 maxime
1100 1968 1217 2005 cum
1258 1951 1459 2011 culmen
1488 1953 1755 2007 criminum
1798 1961 1998 2007 teneant

464 2039 679 2093 nime/tia
708 2048 752 2095 et
779 2040 1069 2112 fornicatio.

393 2126 459 2183 II.
479 2130 638 2202 Atque
664 2130 931 2203 imprimis,
957 2132 1241 2205 Scripturis
1264 2135 1560 2207 Scripturas
1579 2152 1858 2210 apponens,
1879 2138 1998 2192 inde

469 2225 706 2297 colligere
755 2212 1186 2294 nititur,‘delicta
1229 2229 1463 2300 quaedam
1493 2247 1600 2285 esse
1635 2230 1956 2286 remissibilia
1977 2272 1994 2299 ,

463 2319 569 2372 alia
597 2319 990 2374 irremissibilia.

387 2407 477 2464 III.
513 2408 632 2465 Non
664 2418 831 2465 tamen
862 2421 1133 2482 propterea
1157 2412 1518 2484 negligendam
1545 2429 1756 2485 prorsus
1778 2414 1991 2469 delicto-

459 2520 575 2557 rum
599 2498 937 2575 quorumdam
961 2507 1330 2575 paenitentiam.

388 2591 477 2647 IV.
508 2593 629 2647 1am
652 2610 767 2650 vero
792 2606 1062 2666 postquam
1089 2597 1284 2665 docuit,
1311 2599 1542 2655 mter/tias
1569 2609 1615 2655 et
1639 2601 1991 2674 fornicationis

461 2687 667 2741 nomine
696 2702 749 2742 se
777 2689 1204 2757 comprehendere
1232 2691 1405 2745 omnia
1431 2690 1700 2746 libidinum
1728 2691 1931 2758 delicta,

2028 1247 2132 1292 00

2172 1390 2372 1463 ipsius)
2399 1391 2652 1450 Barnabas
2692 1394 2860 1458 titulo,
2892 1402 2937 1449 et
2985 1393 3208 1450 Leuitico
3232 1438 3245 1461 ,
3300 1397 3547 1468 quasdam
3569 1398 3718 1455 Scii-

2181 1493 2358 1551 pturas
2384 1484 2554 1553 affert,
2574 1502 2877 1557 quamquam
2897 1491 3091 1557 frustra
3122 1504 3214 1558 pro
3234 1505 3325 1544 suo
3355 1490 3603 1547 instituto.

2107 1572 2247 1630 XXI.
2289 1576 2463 1648 Atqui,
2495 1595 2596 1633 non
2626 1595 2817 1648 negans
2851 1578 3110 1649 Apostolis
3146 1584 3446 1655 competisse
3491 1594 3715 1652 potesta-

2175 1677 2271 1721 tem
2294 1670 2582 1724 remittendi
2605 1679 2830 1741 peccata,
2856 1680 2903 1724 et
2930 1672 3146 1742 proinde
3169 1673 3322 1727 etiam
3354 1673 3628 1741 Ecclesitt',
3657 1677 3714 1732 id

2179 1776 2287 1815 sine
2315 1759 2565 1817 Ecclesia:
2585 1763 2847 1833 spirituuli
2869 1768 3064 1832 {rastra
3090 1774 3320 1835 arrogat.

2104 1848 2273 1906 XXII.
2311 1851 2537 1923 Denique
2561 1854 2666 1924 agit
2705 1863 2882 1908 contra
2911 1855 3109 1907 veniam
3138 1855 3409 1911 criminum
3436 1868 3482 1912 et
3509 1876 3705 1929 pacem,

2171 1961 2322 2015 quam
2358 1958 2607 2018 martyres
2623 1948 2829 2018 quidant
2852 1947 3059 2003 moechis
3077 1947 3359 2014 donabant,
3383 1953 3707 2021 negatoribns

2174 2036 2444 2109 negabant.
2476 2037 2614 2093 PAM.
3336 2052 3341 2055 ‘

2600 2131 2833 2189 CAPUT
2874 2131 3160 2190 PRIMUM.

2170 2220 2432 2277 Pudicitia
2490 2220 2588 2277 ﬂos
2639 2237 2887 2290 morum,
2944 2223 3119 2279 honor
3164 2240 3493 2297 corporum,
3542 2229 3703 2286 decor

2098 2326 2327 2367 sexuum
2351 2356 2365 2379 ,
2399 2313 2672 2384 integritas
2703 2316 3010 2387 sanguinis,
3052 2316 3182 2372 tides
3222 2322 3471 2389 generis,
3510 2322 3701 2379 tunda-

2098 2414 2335 2461 mentum
2375 2406 2696 2469 sanctitatis,
2728 2408 3092 2478 praeiudicium
3138 2412 3313 2467 omnis
3355 2411 3509 2468 bona:
3555 2402 3703 2470 men-

2099 2499 2213 2562 tis;
2262 2513 2583 2570 quamquam
2642 2514 2759 2554 rara
2788 2542 2802 2565 ,
2854 2516 2952 2556 nec
2992 2501 3146 2556 facile
3197 2503 3465 2576 perfecta,
3509 2507 3704 2580 vixque

2097 2601 2397 2663 perpetua;
2461 2603 2638 2648 tamen
2681 2591 2759 2665 (a)
2811 2594 3146 2665 aliquatenus
3187 2597 3236 2651 in
3281 2597 3480 2653 smculo
3519 2615 3703 2658 mora.

2097 2683 2259 2751 bitur,
2296 2685 2340 2741 si
2384 2695 2571 2741 natura
2615 2688 3025 2757 praestruxerit,
3075 2689 3118 2742 si
3158 2687 3434 2759 disciplina
3475 2707 3699 2761 persua-

388 2776 455 2831 V.
488 2777 1102 2837 ΜωεΙιίαηιὶάοιοιαινίω
1152 2793 1200 2839 ει
1238 2784 1512 2841 Ιιοηιίοίάὶο
1565 2786 1875 2859 comparari,
1926 2803 1990 2842 ex
2018 2786 2066 2847 Β
2095 2779 2246 2842 serit,
2311 2792 2538 2833 censura
2584 2780 2988 2850 compresserit.
3033 2780 3307 2850 Siquidem
3339 2797 3503 2839 onme
3527 2784 3692 2842 animi

463 2870 749 2942 Scripturis
778 2872 1017 2929 ostendit.

386 2960 476 3016 VI.
525 2962 637 3017 Etsi
685 2981 802 3019 vero
844 2965 895 3019 in
946 2968 1098 3021 ueteri
1149 2966 1467 3023 Testamento
1516 2978 1711 3025 exstent
1755 2971 1989 3039 exempla

455 3054 616 3109 venia:
645 3071 738 3123 pro
783 3058 1010 3123 mtrcltis,
1042 3060 1257 3113 inveniri
1283 3061 1438 3116 etiam
1468 3061 1659 3131 judicii
1677 3079 1697 3128 ;
1740 3073 1787 3116 et
1830 3062 1987 3118 aliaat

455 3162 562 3201 esse
589 3148 703 3200 novi
724 3146 1031 3205 Testamenti
1060 3152 1325 3206 rationem.

386 3235 498 3292 VII.
530 3236 781 3310 Deinceps
811 3241 911 3295 late
937 3242 1161 3313 disputat
1188 3230 1251 3298 de
1282 3244 1528 3315 parabole
1549 3246 1653 3300 ovis
1666 3253 1712 3299 et
1726 3245 1985 3302 drachma:

360 3392 365 3397 δ
456 3332 685 3399 perditcc.

385 3423 523 3480 VIII.
556 3425 647 3482 IX.
710 3426 842 3482 Item
870 3429 935 3484 de
960 3430 1178 3485 duorum
1211 3430 1437 3500 ﬁliorum
1462 3432 1729 3499 parabola.

383 3515 451 3570 X.
490 3515 845 3574 Paenitentiam
875 3522 1008 3576 enim
1031 3523 1184 3575 etiam
1212 3523 1424 3576 etlmicis
1446 3533 1745 3593 competere.

382 3606 480 3662 XI.
524 3606 729 3664 Exinde
751 3622 795 3665 et
812 3616 949 3683 facta
970 3613 1174 3668 Domini
1189 3614 1538 3684 peccatoribus
1558 3614 1693 3668 edita
1719 3615 1974 3670 describit.

382 3699 499 3753 XII.
533 3701 676 3755 Certe
719 3705 783 3756 ab
833 3705 1087 3776 Apostolis
1126 3721 1242 3760 cum
1284 3705 1579 3760 idololatria
1615 3716 1661 3761 et
1704 3706 1977 3763 homicidio

428 3790 838 3867 fornicationem
871 3798 1124 3853 interdici.

379 3887 513 3944 XIII.
561 3889 699 3945 XIV.
751 3890 931 3956 Porro
964 3903 1010 3948 et
1050 3895 1249 3949 veniam
1298 3894 1596 3965 [ornicatori
1623 3896 1873 3952 corinthio
1912 3897 1976 3952 ab

449 3982 691 4050 Apostolo
716 4000 1003 4041 concessam
1027 3989 1305 4043 examinat.
1346 4030 1349 4033 ς

376 4073 495 4127 XV.
523 4074 661 4131 XVI.
710 4075 943 4145 Aﬂ'erens
971 4089 1074 4133 tant
1102 4081 1357 4136 secundte-
1380 4097 1527 4152 quam
1565 4082 1749 4150 prioris
1777 4084 1847 4138 ad
1875 4083 1972 4139 Co-

448 4169 664 4222 rinthios
694 4167 940 4237 Episton
964 4173 1103 4225 locos
1128 4173 1371 4227 adversus
1396 4171 1755 4242 fornicatores.

378 4257 542 4313 XVII.
574 4258 702 4313 Item
729 4270 779 4314 et
801 4261 993 4317 similes
1017 4262 1237 4318 aliarum
1276 4263 1500 4333 apostoli
1535 4262 1688 4319 Pauli
1709 4264 1974 4336 Epistola-

446 4370 557 4407 rum
585 4355 875 4409 sententias.
963 4389 969 4394 α

373 4444 560 4503 XVIII.
600 4446 768 4503 Etiam
795 4448 941 4517 tales,
972 4458 1090 4504 tum
1114 4449 1274 4515 illius,
1308 4457 1413 4504 tum
1436 4450 1612 4504 ceteris
1638 4449 1969 4518 Testamenti,

443 4554 557 4611 qua:
589 4543 991 4596 communionem
1022 4542 1415 4596 ecclesiasticam
1447 4541 1651 4597 nucchis
1677 4545 1930 4599 adimunt.

369 4632 515 4699 XIX.
549 4634 757 4692 Similes
772 4653 970 4706 quoque
991 4637 1151 4700 locos,
1177 4651 1240 4690 ea:
1264 4633 1483 4691 Joannis
1512 4636 1732 4707 apostoli
1755 4647 1800 4691 et
1828 4637 1968 4708 Apo-

442 4728 659 4800 calypsi,
684 4738 729 4783 et
752 4725 1010 4798 Epistola.

370 4818 491 4877 XX.
538 4820 623 4877 Etc
651 4819 883 4889 Epistola
926 4820 1109 4875 deinde
1136 4820 1204 4874 ad
1237 4819 1480 4876 Ilebrwos
1521 4821 1642 4876 olim
1676 4820 1967 4891 (sententia

2043 2928 2051 2937 ,
2095 2873 2293 2929 bonum
2356 2883 2448 2929 aut
2504 2876 2783 2940 nascitur,
2836 2885 2928 2930 aut
2984 2875 3265 2942 eruditur,
3321 2887 3411 2932 aut
3466 2879 3687 2951 cogitur.

2092 2966 2196 3023 Sed
2228 2975 2283 3022 ut
2312 2966 2449 3023 mala
2494 2968 2662 3039 magis
2708 2966 2957 3033 vincunt,
3008 2967 3149 3039 quod
3203 2969 3514 3026 ultimorum
3561 2982 3691 3027 tem-

2095 3076 2281 3132 pornm
2346 3063 2481 3116 ratio
2557 3074 2687 3129 cst;
2758 3061 2894 3116 bona
2955 3060 3067 3130 jam
3142 3078 3241 3117 nec
3310 3064 3459 3119 nasci
3527 3065 3686 3133 licet,

2092 3155 2161 3208 ita
2204 3163 2452 3225 corrupta
2495 3163 2621 3208 sunt
2649 3153 2889 3215 semina;
2939 3169 3037 3208 nec
3076 3154 3275 3209 erudiri
3308 3197 3321 3220 ,
3367 3154 3434 3225 ita
3480 3156 3690 3213 deserta

2089 3255 2211 3302 sunt
2238 3245 2449 3311 studia;
2478 3262 2581 3301 nec.
2604 3246 2757 3316 cogi,
2793 3249 2860 3299 ita
2890 3257 3161 3300 exarmata
3195 3254 3320 3300 sntit.
3339 3246 3481 3316 jura.
3528 3249 3691 3303 lieni-

2088 3352 2221 3409 qne,
2251 3338 2318 3393 de
2347 3354 2446 3407 qua
2477 3338 2779 3407 incipimus,
2815 3352 3052 3408 cousque
3073 3337 3184 3406 jam
3214 3338 3468 3401 exolevit,
3499 3348 3554 3393 ut
3582 3354 3686 3395 non

2085 3430 2336 3501 cjnratio,
2368 3430 2461 3484 sed
2491 3428 2787 3485 moderatio
2823 3427 3100 3483 libidinum
3129 3429 3377 3500 pudicitia
3409 3430 3686 3501 credatur;

2087 3524 2236 3596 isque
2265 3523 2393 3579 satis
2422 3532 2600 3577 castus
2630 3522 2913 3589 habeatur,
2954 3523 3027 3594 (ὑ)
3059 3523 3147 3593 qui
3177 3523 3353 3579 minus
3381 3525 3688 3581 castustue-

2087 3618 2175 3672 rit.
2209 3615 2315 3672 Sed
2348 3616 2539 3671 viderit
2566 3614 2747 3669 stcculi
2780 3614 3029 3684 pudicitia
3066 3614 3134 3687 (c)
3166 3631 3287 3670 cum
3318 3619 3515 3671 sa-eulo
3547 3600 3684 3689 ipso:

2082 3724 2202 3766 cum
2243 3723 2339 3762 suo
2379 3708 2590 3777 ingenio
2634 3707 2676 3761 si
2724 3706 3075 3770 nascebatur,
3123 3723 3242 3762 cum
3284 3721 3383 3763 suo
3421 3708 3600 3764 studio
3641 3711 3687 3767 si

2081 3784 2444 3862 crudiebalur,
2469 3814 2590 3853 cum
2615 3813 2714 3853 suo
2735 3798 2957 3854 servitio
2984 3800 3024 3851 si
3053 3781 3372 3868 cogebatur}
3407 3801 3508 3856 nisi
3541 3803 3685 3872 quod

2082 3893 2342 3951 infelicior
2370 3891 2552 3954 etiam,
2598 3890 2642 3945 si
2670 3892 2937 3954 stetisset,
2968 3890 3035 3944 ιη’
3059 3891 3355 3947 inluctuosa
3380 3935 3395 3958 ,
3430 3909 3549 3963 qua:
3575 3909 3684 3951 non

2079 3985 2216 4056 apud
2250 3984 2415 4039 Deum
2444 3984 2658 4053 egisset.
2695 3981 2869 4037 Malim
2904 3984 3110 4038 nullum
3141 3984 3366 4049 bonum,
3404 4002 3565 4057 quant
3590 4002 3685 4043 va-

2081 4094 2205 4134 mun
2235 4078 2337 4150 (ά).
2376 4076 2511 4144 Quid
2545 4074 2761 4145 prodest
2785 4090 2936 4143 esse,
2969 4074 3109 4146 quod
3141 4090 3261 4132 esse
3291 4092 3395 4132 non
3428 4078 3683 4147 prodest?

1999 4182 2044 4245 ρ
2079 4170 2391 4227 Nostrorqu
2438 4168 2697 4223 bonortun
2745 4176 2915 4222 status
2957 4166 3065 4236 jam
3111 4168 3338 4238 exigitur
3363 4168 3472 4241 (I),
3530 4169 3680 4226 chri-

2078 4265 2265 4320 stiana:
2293 4263 2557 4336 pudicitia:
2578 4262 2714 4317 ratio
2738 4263 3067 4316 concutitur:
3099 4277 3217 4331 qua:
3242 4261 3421 4319 omnia
3447 4261 3517 4318 de
3538 4264 3679 4321 caelo

2079 4356 2271 4420 trahit,
2318 4364 2372 4410 et
2411 4366 2653 4409 naturam
2687 4369 2783 4424 per
2814 4352 3082 4408 lavacrum
3125 4353 3577 4423 regenerationis,
3621 4364 3679 4412 et

2077 4447 2408 4517 disciplinam
2447 4461 2539 4515 per
2576 4447 2982 4500 instrumentmn
3017 4434 3439 4512 paciﬁcationis,
3468 4457 3521 4502 et
3549 4462 3677 4505 ceu.

2073 4555 2253 4598 suram
2285 4556 2379 4609 per
2400 4538 2598 4610 judicia
2633 4554 2699 4592 ex
2739 4548 2965 4609 utroque
2990 4537 3368 4605 Testamento,
3408 4548 3464 4595 et
3489 4550 3676 4598 coacta

2072 4632 2405 4689 constantius
2450 4646 2514 4686 ex
2562 4639 2707 4685 metu
2749 4638 2801 4685 et
2842 4640 2967 4684 voto
3006 4630 3189 4684 aeterni
3229 4630 3365 4700 ignis
3403 4641 3458 4686 et
3498 4634 3669 4703 regni.

2073 4725 2347 4783 Adversus
2376 4723 2514 4779 banc
2553 4736 2730 4778 nonne
2757 4720 2836 4794 (2)
2865 4721 3203 4778 dissimulare
3231 4722 3571 4793 potuissem?
3595 4724 3670 4799 (ε)

2073 4818 2247 4875 Audio
2273 4816 2433 4873 etiam
2461 4815 2695 4872 edictum
2720 4828 2839 4871 esse
2869 4813 3224 4886 propositum,
3250 4823 3305 4871 et
3330 4813 3545 4886 quidem
3575 4832 3673 4888 pe-

1599 4957 1886 5015 LECTION
1892 4958 1971 5016 ES
2007 4955 2423 5015 VARIAN'I‘ES.

424 5072 496 5137 (I)
532 5072 772 5135 Mergitur
796 5070 993 5126 Obertlt.
1018 5072 1168 5125 Seml.

2128 5073 2201 5140 (Ξ)
2235 5070 2375 5124 Nunc
2398 5084 2462 5123 ne
2490 5071 2652 5123 Paris.

1732 5178 2299 5239 COMMENTARIUS.

433 5317 587 5374 CAP.
640 5316 680 5371 I.
714 5346 782 5357 —
810 5314 887 5387 (a)
940 5317 1273 5387 Aliquatenus
1316 5320 1368 5372 in
1417 5319 1603 5373 smculo
1651 5317 1948 5372 morabitur.

362 5387 603 5445 Habebat
647 5389 699 5442 in
745 5397 921 5444 mente
963 5390 1283 5461 principium
1335 5390 1513 5445 satira:
1537 5389 1851 5468 Iuvenalis:

419 5504 577 5554 Credo
597 5499 882 5568 pudicitiam
904 5505 1118 5568 Saturno
1150 5515 1265 5568 rege
1283 5509 1515 5555 moratam

426 5568 485 5617 In
506 5563 669 5626 terris,
694 5563 938 5631 visamque
959 5564 1064 5627 diu,
1091 5574 1188 5617 etc.
1205 5563 1321 5617 tuo.

423 5670 503 5737 (b)
538 5671 639 5746 Qui
673 5672 839 5728 minus
881 5682 1049 5727 castus
1089 5673 1259 5746 fuerit.
1308 5672 1498 5729 Fulvio
1527 5671 1723 5731 Ursino
1764 5675 1946 5746 legen-

350 5743 807 5817 ttnmvnleltatur,
833 5746 919 5816 qui
951 5761 1054 5798 non
1084 5745 1235 5817 nimis
1263 5748 1499 5817 incestus.
1531 5746 1689 5801 Certe
1718 5743 1938 5817 expedi-

349 5813 452 5868 tior
481 5814 635 5871 lectio
661 5811 857 5883 fuerat,
887 5817 975 5884 qui
995 5816 1144 5870 nimis
1172 5817 1411 5872 incestus.
1445 5816 1561 5872 Βιο.

417 5884 491 5961 (c)
532 5885 639 5943 Sed
666 5887 843 5942 viderit
866 5887 1042 5943 saeculi
1067 5886 1335 5959 pudicitia.
1380 5889 1452 5942 De
1491 5886 1590 5942 liae
1631 5886 1736 5942 late
1773 5887 1937 5944 habes

2059 5314 2341 5373 tractatmn
2373 5315 2462 5371 lib.
2494 5315 2514 5369 l
2542 5316 2612 5369 ad
2645 5313 2898 5379 Uxorem,
2933 5315 3023 5371 lib.
3051 5314 3116 5369 de
3144 5314 3413 5373 ls‘xlrortat.
3440 5317 3667 5378 Castita-

2055 5392 2148 5449 tis.
2181 5399 2236 5445 et
2263 5389 2353 5442 lib.
2381 5390 2445 5441 de
2473 5386 2819 5456 .Ilonogamia.
2854 5388 2990 5443 Pan.

2128 5460 2209 5535 (tl)
2244 5458 2635 5535 Malimnullum
2666 5458 2886 5535 botntnt_,_
2905 5469 3005 5535 etc.
3033 5458 3233 5535 Vanum
3253 5458 3338 5514 hic
3363 5460 3489 5535 dicit
3513 5466 3663 5535 quod

2056 5528 2212 5604 paulo
2254 5531 2809 5604 ante“infructuosunt.
2846 5528 2991 5585 Facit
3018 5545 3145 5583 vero
3174 5532 3290 5604 hoc,
3327 5534 3467 5601 quod
3498 5528 3660 5604 pudi-

2052 5602 2223 5675 citium
2240 5602 2419 5675 swculi
2440 5602 2821 5675 bonum_vo_cet,
2845 5613 3031 5675 contra
3051 5615 3147 5655 eos
3168 5602 3256 5671 qui
3280 5604 3460 5658 omnia
3483 5602 3653 5675 Opera

2052 5674 2342 5729 inﬁdelium
2377 5681 2589 5741 peccata
2623 5671 2833 5726 Iheiant.
2868 5672 3004 5727 Part.

2120 5744 2197 5819 (ο)
2236 5744 2415 5819 Audio
2430 5744 2582 5796 etiam
2603 5742 2819 5819 ed_ic_tnm
2852 5761 2960 5819 esse
2977 5743 3316 5819 propositum.
3341 5745 3397 5819 _Si
3425 5762 3529 5819 qua
3549 5748 3653 5807 fuit
3680 5788 3691 5793 -

2042 5812 2201 5871 edicti
2228 5813 2471 5892 formula,
2501 5828 2619 5892 eam
2651 5812 2816 5892 fuisse
2852 5814 2952 5892 his
2971 5812 3171 5869 tantum
3207 5815 3384 5892 verbis
3412 5812 3652 5892 cbpcep-

2043 5895 2149 5943 tam
2177 5883 2529 5944 crediderim:
2557 5881 2847 5955 Episcopus
2871 5888 3220 5958 episcOporum
3244 5887 3434 5947 edicit:
3460 5890 3574 5967 Ego
3585 5881 3651 5955 ἐι

3616 378 3728 437 980

3714 2983 3783 3291 ξ,
