4006 6280
407 323 517 384 985

1724 328 1930 388 LIBER
1973 327 2061 386 DE
2096 326 2463 388 PUDICITIA.

3603 331 3711 391 986

409 443 572 499 ductu
594 443 649 500 in
672 443 881 503 diversa
908 446 1235 514 distendere,
1258 454 1317 503 ut
1337 445 1451 504 haec
1471 446 1796 518 restringere
1815 447 2007 525 nanos
2033 446 2087 507 A
2114 450 2332 504 nitentia
2359 449 2562 520 agenda
2589 456 2687 507 est.
2724 449 2865 524 Ergo
2892 451 3067 508 omnis
3092 452 3301 509 veniam
3326 463 3706 526 consequatur,

408 536 729 606 disciplinae,
758 537 846 593 illa
880 539 1059 594 laxare
1084 538 1382 602 videantur,
1408 539 1558 609 quasi
1590 538 1827 604 incertae,
1857 549 1906 592 et
1926 537 2007 609 (1)

413 630 740 699 pmnitentite
768 630 1066 685 subsidium
1096 632 1181 686 illa
1222 642 1561 701 prosternere
1591 648 1688 704 per
1714 633 2002 695 leuitatem,

410 720 529 775 lune
581 736 776 793 negare
829 738 923 792 per
966 724 1354 793 austeritatem3
1406 724 1573 780 Porro
1623 733 1678 778 et
1717 723 2010 779 auctoritas

412 813 703 886 St-riptura‘.
719 817 768 870 in
785 817 901 872 suis
920 817 1167 874 terminis
1186 815 1350 872 stabit
1378 818 1495 872 sine
1507 817 1760 872 alterutra
1790 817 1977 890 opposi
1994 846 2008 857 ς

413 912 575 976 tione,
591 913 634 967 si
656 910 732 984 (9.)
746 920 801 966 et
827 911 1156 982 paenitentia:
1171 911 1468 968 subsidium
1486 910 1600 967 suis
1614 910 2011 967 conditionibus

411 1005 799 1060 tleterminatur
823 1004 943 1059 sine
972 1006 1177 1075 passiva
1205 1004 1552 1059 concessione
1571 1044 1585 1068 ,
1621 1014 1675 1059 et
1702 1004 1831 1075 ipsa:
1860 1003 2008 1075 prius

410 1116 584 1157 causa:
601 1102 716 1169 ejus
732 1099 1126 1170 diStinguautur
1150 1100 1268 1154 sine
1284 1098 1503 1154 confusa
1527 1099 1888 1169 prepositione
1904 1097 1981 1172 (ὅ)
1993 1138 2005 1153 .

411 1193 581 1249 Causa
598 1194 924 1267 ptenitentia:
937 1193 1128 1248 delicta
1142 1191 1493 1247 condicimus.
1518 1191 1642 1247 [lare
1655 1190 1939 1248 dividimus
1954 1192 2006 1247 in

412 1287 547 1342 duos
566 1288 773 1344 exitus:
801 1287 899 1343 alia
922 1296 1075 1341 erunt
1098 1285 1458 1349 remissibilia,
1480 1284 1581 1338 alia
1596 1284 2003 1349 irremissibilia;

414 1381 706 1436 secundum
734 1379 875 1451 quod
902 1379 1100 1435 nemini
1118 1378 1336 1434 dubium
1356 1386 1456 1443 est,
1477 1377 1580 1431 alia
1602 1376 2005 1448 castigationem

412 1472 637 1549 mereri,
648 1472 749 1526 alia
763 1471 1156 1526 damnationem
1167 1470 1357 1526 .Outne
1372 1468 1627 1526 delictum
1642 1478 1734 1525 aut
1746 1471 2009 1540 veniajiut-

412 1566 619 1637 pungit,
637 1575 726 1620 aut
740 1580 892 1636 parua
917 1565 1189 1630 :venia,es
1206 1565 1573 1636 castigatione;
1595 1580 1768 1636 pmua,
1781 1579 1845 1620 ex
1859 1566 2011 1620 dam-

343 1690 361 1701 -
412 1660 576 1713 tione.
606 1657 682 1711 De
709 1655 810 1711 ista
834 1656 1128 1713 differentia
1148 1657 1256 1728 jam
1289 1666 1342 1714 et
1362 1657 1622 1729 quasdam
1653 1658 2009 1738 prtentisiutus

409 1753 784 1809 altercationes
828 1753 1259 1824 Scripturarum,
1300 1752 1425 1809 hinc
1464 1754 1842 1821 retinentium,
1885 1754 2007 1808 hinc

2114 558 2180 597 ne
2215 542 2406 597 frustra
2444 555 2667 613 agatur;
2704 544 2825 615 quia
2866 561 2970 600 non
3012 547 3114 601 erit
3148 545 3385 617 agenda,
3426 546 3471 601 si
3513 546 3710 604 frustra

2111 638 2302 708 agitur.
2341 637 2539 703 Porro,
2570 637 2763 692 frustra
2789 649 2976 709 agetur
2996 683 3010 703 ,
3039 641 3084 693 si
3108 639 3258 695 venia
3282 638 3503 695 carebit.
3555 640 3710 696 Meri-

2113 739 2168 785 to
2197 729 2274 803 (4)
2306 734 2486 802 utique
2517 733 2600 803 (5)
2624 733 2716 786 'ita
2760 742 3039 803 opponunt
3060 774 3073 796 ,
3099 735 3350 805 quoniam
3384 732 3540 804 hujus
3568 750 3704 804 quo-

2112 838 2215 895 que
2246 824 2576 896 poenitentia:
2605 824 2857 888 fructum,
2890 826 2942 882 id
2969 836 3052 882 est
3073 827 3306 890 veniam,
3332 827 3386 881 in
3407 842 3501 882 sua
3526 839 3707 899 potes-

2114 925 2221 972 tate
2251 927 2660 988 usurpaverunt.
2694 917 2965 986 Quantum
3009 918 3152 974 enim
3206 919 3271 974 ad
3316 919 3434 973 illos
3458 934 3485 972 a
3514 920 3709 990 quibus

2113 1026 2295 1081 pacem
2345 1009 2633 1068 humanam
2686 1013 3035 1084 consequitur
3085 1010 3199 1085 (6);
3231 1022 3486 1084 quantum
3528 1024 3706 1068 autem

2111 1101 2176 1157 ad
2206 1116 2319 1167 nos,
2352 1103 2441 1173 qui
2472 1103 2643 1158 soluat
2671 1102 2955 1159 Dominum
2988 1105 3330 1161 meminimus
3349 1103 3542 1160 delicta
3572 1120 3706 1160 con-

2110 1191 2305 1249 cedere
2327 1191 2400 1265 (c)
2429 1202 2481 1248 et
2508 1195 2689 1265 utique
2716 1195 2986 1260 mortalia,
3019 1211 3125 1252 non
3158 1194 3356 1252 frustra
3384 1205 3591 1267 agetur.
3623 1196 3705 1253 Ad

2113 1288 2399 1344 Dominum
2429 1288 2571 1343 enim
2605 1289 2827 1345 remissa
2852 1298 2904 1345 et
2931 1289 3005 1344 illi
3044 1290 3238 1346 exinde
3282 1300 3574 1361 prostrata,
3606 1291 3709 1345 hoc

2112 1380 2229 1453 ipso
2255 1382 2427 1450 magis
2453 1380 2762 1449 operabitur
2789 1382 3022 1449 veniam,
3049 1380 3193 1453 quod
3220 1397 3337 1438 eam
3366 1398 3396 1437 a
3427 1382 3546 1438 solo
3595 1382 3707 1438 Deo

2110 1481 2296 1529 exorat
2320 1472 2418 1543 (tl),
2444 1472 2583 1544 quod
2632 1472 2831 1529 delicto
2856 1488 2953 1529 suo
2981 1474 3267 1530 humanam
3325 1490 3508 1546 pacem
3556 1475 3706 1530 suffi-

2109 1581 2235 1622 cere
2265 1579 2371 1621 non
2395 1564 2598 1631 credit,
2645 1564 2787 1637 quod
2839 1565 3099 1623 Ecclesia:
3148 1567 3342 1622 mavult
3388 1566 3711 1623 erubescere

2109 1660 2266 1729 qu‘am
2296 1658 2714 1715 communicare.
2749 1658 2972 1715 Adsistit
2993 1660 3134 1715 enim
3163 1676 3260 1732 pro
3296 1661 3502 1716 foribus
3548 1660 3665 1731 ejus
3686 1704 3703 1729 ,

2110 1750 2257 1807 etde
2282 1759 2423 1806 nota:
2449 1764 2559 1805 sua:
2581 1749 2827 1823 exemplo
2865 1760 3089 1807 caeteros
3133 1752 3406 1817 admonet,
3437 1762 3491 1808 et
3529 1753 3707 1825 laery-

409 1845 789 1900 dimittentium
817 1844 1029 1900 delicta.
1061 1845 1166 1900 Sed
1193 1854 1247 1900 et
1272 1845 1506 1900 Joannes
1530 1844 1777 1901 docebit:
1810 1845 1872 1902 Si
1894 1846 2005 1917 quis
2034 1835 2083 1896 Β
2114 1859 2228 1900 mas
2258 1843 2476 1899 fratrum
2516 1844 2618 1899 sibi
2648 1858 2860 1916 quoque
2906 1844 3151 1911 adrocat,
3203 1856 3256 1900 et
3290 1845 3424 1900 redit
3455 1845 3572 1917 plus
3603 1846 3707 1899 uti-

410 1938 744 2006 scit-fratrem
768 1954 914 1992 suum
945 1938 1238 2007 delinquere
1264 1937 1502 1992 delictum
1539 1955 1640 1993 non
1677 1940 1748 1993 ad
1774 1949 2005 2005 mortem,

411 2029 717 2101 postulabit,
747 2040 794 2084 et
824 2030 1027 2083 dabitur
1054 2031 1156 2084 vita
1181 2031 1225 2084 ei
1252 2036 1269 2099 (
1294 2031 1309 2084 I
1335 2028 1461 2086 Joh.
1493 2030 1557 2097 V,
1594 2029 1716 2100 16);
1746 2031 1869 2103 quia
1902 2046 2006 2086 non

408 2124 477 2178 ad
519 2133 744 2179 mortem
784 2122 1079 2195 delinquit:
1114 2125 1214 2178 hoc
1259 2125 1363 2178 erit
1400 2124 1739 2181 remissibile.
1786 2123 1883 2179 Est
1912 2126 2005 2178 de-

410 2216 583 2270 lictum
618 2213 687 2269 ad
724 2223 933 2269 mortem
975 2230 996 2269 :
1031 2231 1131 2268 non
1166 2232 1259 2286 pro
1293 2216 1384 2269 illo
1417 2214 1532 2270 dico
1563 2224 1616 2269 ut
1643 2216 1756 2286 quis
1790 2216 2009 2287 postulet

410 2305 625 2378 (Ibid.):
655 2306 755 2362 hoc
778 2306 880 2362 erit
904 2306 1298 2362 irremissibile.
1312 2305 1412 2373 Ita,
1440 2307 1528 2362 ubi
1557 2317 1639 2363 est
1664 2308 1901 2364 conditio
1926 2309 2008 2364 vel

410 2400 546 2454 ratio
577 2398 983 2469 postulationis,
1024 2399 1131 2454 illic
1168 2400 1330 2454 etiam
1368 2401 1740 2458 remissionis:
1786 2402 1873 2457 ubi
1912 2417 2010 2459 nec

408 2492 807 2565 postulationis,
852 2492 921 2547 ibi
969 2507 1123 2563 aeque
1168 2508 1268 2549 nec
1309 2494 1660 2550 remissionis.
1705 2495 2009 2553 Secundum

411 2587 548 2641 hanc
596 2583 954 2642 differentiam
999 2585 1358 2651 delictorum,
1425 2589 1751 2658 pmnitentim
1800 2605 2013 2663 quoque

411 2679 648 2734 conditio
674 2678 1100 2734 discriminatur.
1142 2678 1258 2735 Alia
1290 2680 1394 2736 erit
1424 2696 1545 2753 qua:
1570 2664 1779 2738 veniam
1817 2699 2009 2740 conse-

411 2772 500 2840 qui
547 2772 740 2841 possit,
786 2772 838 2826 itt
877 2772 1074 2827 delicto
1112 2773 1315 2828 scilicet
1359 2775 1703 2841 remissibili‘;
1754 2777 1858 2834 alia
1891 2793 2013 2850 qua:

410 2863 662 2933 consequi
697 2863 843 2919 nullo
868 2864 1028 2918 modo
1055 2866 1254 2935 possit,
1303 2866 1354 2922 in
1398 2866 1593 2924 delicto
1631 2868 1837 2926 scilicet
1875 2872 2010 2927 irre-
2048 2942 2051 2945 _

412 2958 680 3032 missibili.
721 2958 785 3014 Et
824 2966 1077 3030 superest
1113 2960 1421 3029 specialiter
1458 2961 1527 3017 de
1554 2964 1882 3023 mtecltiazet
1907 2965 2011 3021 for-

413 3051 694 3105 nicationis
717 3059 859 3106 statu
887 3052 1197 3108 examinare
1218 3094 1231 3118 ,
1264 3053 1314 3109 in
1346 3068 1503 3125 quam
1534 3043 1853 3113 delictorum
1884 3072 2008 3129 par-

413 3150 517 3196 tem
544 3142 782 3199 debeant-
800 3143 986 3214 redigi.
1018 3198 1023 3203 .
1472 3212 1475 3217 ,

1032 3236 1261 3294 CAPUT
1302 3237 1387 3293 111.

426 3326 435 3332 “
486 3328 591 3383 Sed
635 3330 781 3400 prius
816 3330 1060 3386 decidam
1101 3332 1523 3390 intercedentem
1565 3350 1629 3390 ex
1669 3335 1883 3391 diverso
1927 3353 2008 3394 re-

412 3422 756 3492 Sponsionem
782 3422 847 3477 ad
871 3438 988 3478 eam
1021 3423 1345 3493 paenitentia!
1372 3426 1607 3495 speciem
1628 3468 1644 3492 ,
1672 3443 1831 3498 quam
1862 3444 2011 3484 cum-

413 3513 646 3568 maxime
668 3511 745 3586 (a)
765 3513 1049 3569 definimus
1073 3516 1225 3569 venia
1248 3531 1452 3572 carere.
1481 3516 1535 3572 Si
1554 3518 1719 3585 enim,
1742 3520 2007 3591 inquiunt,

412 3606 585 3676 aliqua
608 3606 919 3675 [ueniteutia
934 3616 1081 3663 caret
1100 3608 1279 3672 venia,
1292 3608 1399 3678 jam
1426 3625 1524 3665 nec
1548 3611 1599 3665 in
1619 3620 1785 3666 totum
1803 3613 2008 3684 agenda

413 3701 503 3755 tibi
525 3710 625 3756 est.
649 3700 789 3756 Nihil
814 3701 956 3757 enim
980 3701 1244 3771 agendum
1266 3712 1347 3758 eSt
1368 3700 1583 3757 frustra.
1614 3702 1783 3760 Porro
1809 3704 2003 3761 frustra

410 3804 597 3865 agetur
618 3793 950 3866 pmnitentia,
970 3795 1013 3851 si
1032 3804 1180 3851 caret
1202 3794 1375 3851 venia.
1398 3794 1471 3868 (ll)
1493 3798 1680 3853 Omnis
1696 3807 1873 3854 autem
1893 3815 2005 3871 pue-

2112 1953 2217 2008 qtte
2266 1936 2345 2009 (7)
2378 1936 2662 2007 negotiaia,
2697 1940 3124 2008 eompassioncm
3156 1938 3359 1993 scilicet
3417 1936 3495 2010 (8)
3547 1954 3706 2008 quam

2111 2032 2672 2086 communicationem.
2716 2030 2782 2085 Et
2837 2031 2882 2085 si
2948 2046 3134 2104 pacem
3192 2032 3277 2087 hic
3341 2048 3444 2088 non
3510 2032 3705 2099 metit,

2113 2124 2252 2194 apud
2280 2124 2559 2193 Dominum
2592 2122 2821 2179 seminat
2847 2143 2860 2180 :
2892 2139 2992 2180 nec
3020 2125 3246 2190 amittit,
3298 2126 3391 2181 sed
3448 2133 3711 2196 pt'arparat

2114 2216 2341 2272 fructum
2371 2234 2384 2271 :
2419 2232 2523 2271 non
2555 2217 2765 2271 vacabit
2803 2216 2871 2271 ab
2925 2218 3311 2279 emolumento,
3345 2219 3388 2272 si
3419 2234 3522 2273 non
3551 2232 3705 2272 vaea-

2113 2311 2251 2367 verit
2279 2309 2343 2363 ab
2382 2309 2580 2365 officio.
2612 2307 2685 2364 lta
2717 2323 2815 2364 nec
2847 2308 3159 2380 paenitentia
3190 2308 3490 2379 huiusmodi
3513 2311 3663 2378 {vana
3689 2351 3705 2376 ,

2115 2416 2215 2457 nec
2242 2401 2519 2473 disciplina
2546 2400 2810 2471 ejusmodi
2836 2399 2967 2456 dura
2994 2410 3096 2456 est.
3134 2402 3300 2457 Deum
3331 2401 3504 2455 amba:
3530 2386 3715 2455 hoqu

2116 2502 2267 2559 rant;
2300 2493 2388 2548 illa
2417 2492 2549 2548 nihil
2597 2491 2701 2548 sibi
2744 2491 3066 2548 blandiendo
3111 2490 3318 2547 facilius
3366 2491 3703 2563 impetrabit,

2068 2570 2075 2577 ”
2117 2586 2216 2642 ista
2246 2584 2377 2641 nihil
2405 2583 2504 2640 sibi
2531 2583 2865 2642 adsumendo
2892 2584 3106 2656 plenius
3131 2583 3423 2654 adjuVabit.

2732 2676 2961 2735 CAPUT
2999 2678 3085 2733 IV.

2187 2773 2480 2830 Possumus
2520 2772 2705 2843 igitur.
2738 2770 3056 2826 demandata
3121 2770 3447 2840 pmoitentim
3491 2768 3714 2849 distinc-

2117 2869 2281 2934 tione,
2311 2868 2375 2922 ad
2401 2868 2637 2938 ipsorttm
2675 2866 2784 2938 jam
2826 2865 3142 2925 delictorum
3202 2865 3407 2934 regredi
3455 2880 3709 2929 censum,

2114 2978 2183 3017 an
2214 2978 2274 3016 ea
2303 2962 2409 3016 sint
2451 2976 2570 3031 qua:
2614 2958 2824 3014 veniam
2877 2958 2946 3012 ab
2987 2957 3236 3013 omnibus
3280 2959 3533 3027 consequi
3590 2973 3712 3028 pos.

2116 3058 2241 3113 sint.
2277 3055 2329 3110 lu
2360 3053 2569 3125 primis,
2598 3052 2738 3123 quod
2768 3051 3053 3107 mmehiam
3091 3060 3145 3106 et
3173 3050 3580 3105 fornicationem
3611 3065 3710 3104 no-

2117 3151 2381 3206 minamus
2403 3190 2417 3211 ,
2443 3160 2571 3202 usus
2616 3144 2922 3215 expostulat
2953 3163 2966 3197 :
3003 3142 3074 3216 (e)
3123 3143 3285 3206 habet
3328 3152 3381 3198 et
3412 3140 3542 3199 fides
3581 3158 3711 3213 qun-

2038 3228 2085 3291 C
2118 3242 2362 3301 rumdam
2393 3239 2665 3295 nominmu
2696 3236 3147 3302 familiaritatem;
3183 3236 3254 3291 ita
3287 3237 3338 3289 in
3370 3235 3515 3290 omni
3544 3249 3709 3305 opus-

2115 3340 2237 3394 culo
2264 3351 2418 3391 usum
2459 3330 2810 3390 custodimus.
2839 3329 3126 3392 (holerum,
3156 3331 3200 3384 si
3229 3329 3551 3384 adulterium
3585 3336 3638 3383 ct
3665 3329 3710 3384 si

2113 3441 2354 3501 stuprum
2382 3427 2571 3489 dixero
2598 3422 2698 3496 (f),
2731 3438 2891 3477 ttuttm
2944 3422 3045 3477 erit
3096 3421 3474 3475 contaminant:
3530 3420 3713 3475 carnis

2114 3520 2365 3593 elogium.
2394 3517 2502 3574 Nec
2529 3515 2672 3589 enim
2711 3514 2933 3568 interest
2976 3524 3195 3582 nuptam
3244 3513 3476 3567 alienam
3518 3528 3584 3567 an
3633 3512 3712 3565 vi-

2113 3616 2269 3671 duam
2298 3611 2416 3684 quis
2453 3610 2706 3671 iucurset,
2738 3605 2864 3661 dum
2896 3620 3002 3660 non
3054 3620 3204 3660 suam
3256 3604 3527 3660 fmminam
3584 3602 3665 3675 t9)
3695 3621 3708 3652 :

2113 3709 2251 3765 sicut
2281 3720 2378 3761 uec
2399 3700 2530 3759 locis
2553 3698 2737 3764 refert,
2768 3698 2820 3752 in
2850 3697 3109 3753 cubiculis
3137 3712 3204 3752 an
3234 3697 3286 3751 iu
3313 3697 3558 3752 curribus
3586 3695 3707 3769 (l0)

2110 3798 2367 3873 pudicitia
2394 3793 2705 3852 trucidetur.
2732 3789 2903 3853 Omne
2944 3789 3290 3846 homicidium
3319 3798 3468 3845 extra
3501 3788 3709 3861 sylvaut

1688 3910 1977 3973 LECTION
1985 3917 2065 3974 ES
2101 3911 2515 3975 VARIANTES.

474 4000 546 4075 (ll
579 4001 643 4075 Et
659 4001 788 4075 0998‘.
808 4015 840 4052 α
855 4001 1011 4075 tum
1036 4001 1232 4075 Qtertt-
1268 4005 1410 4055 Pam.

473 4063 547 4184 (Ξ)
581 4065 631 4113 Si
655 4063 833 4139 abesto
850 4063 1005 4118 Rhett.
1031 4065 1228 4118 Obertlt.

495 4134 545 4191 ο)
580 4126 935 4191 Ρηεῃοειιιὶοηθ
961 4126 1155 4181 Obertlt.
1177 4127 1327 4179 Seml.

448 4246 449 4251 η
472 4190 491 4254 (
505 4192 546 4251 l)
579 4190 629 4254 Si
655 4194 797 4239 venia
819 4192 1007 4254 carebit
1029 4192 1205 4254 merito
1226 4192 1398 4254 utique
1429 4191 1617 4254 Wouw.
1639 4193 1750 4247 cod.

477 4250 547 4317 (ὅ)
582 4252 763 4317 Utique
781 4253 911 4305 abest
927 4266 959 4303 α
981 4252 1133 4321 Βζιεη.
1159 4250 1533 4306 Seml.'0bert!t.

2171 4009 2225 4067 (ϐ
2282 4006 2480 4056 Frustra
2499 4002 2661 4063 agitur
2681 3978 2825 4052 addit
2850 3997 3014 4051 Ciacc.

2173 4071 2223 4132 (7
2284 4068 2498 4131 Plusque
2521 4068 2661 4115 Pam.
2793 4127 2801 4134 _

2174 4008 2248 4199 (si
2282 4131 2617 4199 Precibusque
2640 4131 2906 4199 negotiola,
2925 4137 3014 4199 co_u

2173 4068 2248 4134 (7)
2284 4068 2498 4134 Plusque
2521 4068 2661 4115 Pam.
2793 4127 2801 4134 _

2196 4122 2247 4191 8)
2282 4122 2617 4191 Preci'bttsque
2640 4127 2906 4191 negotiola,
2925 4125 3310 4191 compassionem
3334 4122 3485 4174 elicit.
3514 4124 3615 4174 Lat.

2195 4184 2244 4256 9)
2280 4196 2354 4258 Alt
2375 4184 2666 4258 alienaitrtql
2692 4184 2935 4258 [minimam
2960 4184 3085 4239 delet
3110 4184 3270 4238 Ciacc.

2197 4251 2277 4319 10)
2310 4256 2549 4307 Turribus
2576 4251 2673 4304 Lat.
2703 4251 2811 4318 Rig.
2836 4251 2967 4301 Ciae.

1753 4340 2316 4399 COMMENTARIUS.

478 4453 632 4510 CAP.
665 4451 749 4508 111.
779 4481 851 4525 -τ
879 4450 952 4525 (a)
987 4450 1269 4525 Det/inimus
1304 4454 1449 4507 venia
1487 4469 1676 4509 carere.
1712 4455 1785 4510 De
1814 4455 2002 4511 Paruit.

407 4541 525 4581 can.
548 4527 584 4581 ι

409 4541 525 4595 cap.
548 4541 584 4581 4
610 4542 733 4583 cttm
762 4541 940 4579 aannc
966 4541 1282 4588 eatuottcus,
1318 4541 1368 4578 tu
1403 4541 1462 4578 ea
1495 4541 1598 4579 non
1627 4541 1739 4580 erat
1786 4541 2002 4582 senten-

409 4599 478 4653 tia
503 4617 513 4650 :
545 4596 788 4652 Omnibus
814 4612 934 4666 ergo
954 4594 1174 4668 delictis,
1199 4594 1386 4668 inquit,
1405 4611 1493 4649 seu
1511 4597 1715 4664 spiritu,
1733 4614 1824 4651 seu
1847 4601 2003 4668 farto,

408 4685 497 4723 seu
525 4670 780 4723 voluntate
802 4666 1101 4730 commissis,
1127 4666 1215 4736 qui
1234 4682 1433 4736 pinnam
1457 4683 1547 4736 per
1568 4668 1823 4737 judicium
1847 4666 2006 4723 desti-

408 4741 567 4803 navit,
589 4741 723 4794 idetn
748 4748 793 4792 et
819 4738 1018 4791 veniam
1050 4751 1140 4805 per
1169 4738 1512 4806 paenitentiam
1538 4740 1830 4806 spopondit.
1879 4738 2008 4794 0m-

409 4810 554 4863 nium
579 4812 1092 4881 enim_peccatort_tut
1119 4811 1465 4881 quantumvis
1493 4810 1733 4881 gravium
1766 4825 1864 4881 per
1894 4825 2006 4880 pa:-

409 4881 684 4934 ttiteutiam
727 4878 786 4933 fit
820 4876 1097 4942 remissio,
1138 4876 1200 4932 ut
1224 4878 1418 4936 docent
1474 4879 1572 4936 SS.
1607 4876 1789 4936 Patres
1818 4876 2003 4938 contra

408 4950 751 5006 Neratianos.
785 4948 859 5004 Ls
890 4948 988 5003 Pu.

480 5021 557 5094 (lt)
592 5021 770 5094 Omnis
798 5029 964 5094 autem
1004 5020 1306 5094 mandentia
1335 5024 1534 5091 agenda
1559 5031 1650 5077 est.
1694 5021 2001 5094 Legettdum

409 5091 639 5157 videtur,
671 5092 824 5163 Omni
853 5102 1023 5163 autem
1050 5091 1340 5163 paenitentia
1364 5095 1563 5163 agenda
1590 5104 1680 5147 est.
1716 5091 1836 5151 Rt'c.

478 5165 551 5237 (ο)
596 5166 696 5229 Qui
718 5160 1209 5237 solunt___Do_nt_inunt
1248 5160 1574 5237 meminimus
1603 5164 1789 5218 delicta
1817 5182 1996 5221 conce-

406 5230 544 5291 dere.
576 5234 772 5291 Alludit
790 5232 856 5286 ad
894 5232 1029 5307 illud
1059 5230 1223 5307 Marc.
1248 5232 1318 5297 ll,
1342 5236 1405 5298 Ἰ.
1451 5234 1579 5301 Quis
1595 5244 1762 5307 potest
1784 5248 1998 5307 peccata

406 5308 687 5432 {15?15ffl'lge.
733 5306 831 5361 nisi
868 5304 1008 5358 solus
1050 5300 1296 5369 Deus...;
1347 5300 1530 5360 verum
1574 5300 1641 5361 de
1688 5300 1795 5361 hoc
1844 5308 2000 5364 la'ius

406 5395 458 5432 tn
485 5395 563 5432 ra.
639 5394 731 5432 All.

405 5394 538 5433 Ilill‘ii
550 5419 563 5433 .
597 5394 731 5433 ΡΑΙΙ.

480 5450 556 5519 (d)
600 5449 750 5517 Quod
777 5464 887 5502 eam
911 5463 942 5501 a
966 5446 1076 5500 solo
1105 5445 1210 5519 Deo
1239 5455 1561 5519 moraque.
1594 5446 1789 5519 Contra
1824 5447 1993 5519 hoc...

405 5517 563 5576 latius
588 5521 748 5575 etiam
774 5520 908 5573 infra
930 5532 1094 5590 ._c:tp.
1133 5517 1225 5573 2|.
1256 5517 1350 5573 llic
1382 5518 1995 5590 sultttudieetnusfquod

403 5593 644 5649 videatur
665 5592 804 5647 idem
821 5586 1053 5645 sensisse
1068 5592 1286 5652 Auctor,
1303 5589 1442 5652 quod
1465 5588 1533 5642 de
1561 5586 1850 5643 Novatiauo
1874 5586 1998 5645 set-i-

404 5664 481 5719 bit
511 5665 693 5718 heatus
720 5661 1016 5734 Cyprianus
1044 5660 1062 5731 (
1092 5660 1244 5734 epist.
1270 5657 1342 5715 5‘2
1365 5660 1434 5734 ad
1466 5657 1787 5734 Antoniam).
1824 5662 1996 5734 Atque

403 5734 538 5790 adeo
567 5744 745 5806 posset
763 5729 892 5804 'ipsi
922 5729 1247 5806 responderi
1278 5730 1452 5806 verbis
1481 5729 1719 5806 ejusdem
1753 5747 1767 5784 :
1795 5733 1838 5784 υ
1860 5729 1994 5806 frits-

404 5800 606 5862 trandie
618 5800 1152 5862 fraternitatisiri'isio
1169 5804 1182 5857 !
1202 5803 1247 5859 υ
1260 5803 1576 5857 miserorum
1592 5800 1991 5858 lamentantium

402 5877 603 5935 caduca
646 5876 932 5951 deceptiol
978 5889 1013 5932 ο
1057 5873 1325 5931 htereticte
1344 5871 1696 5929 institutionis
1736 5872 1981 5931 inefﬁcax

2110 4464 2165 4512 et
2191 4470 2321 4510 vana
2345 4452 2587 4509 traditio!
2611 4448 2812 4505 hortari
2829 4449 2893 4504 ad
2917 4447 3295 4520 satisfactiuuis
3314 4448 3707 4520 pmnitentiam,

610 4542 733 4583 cttm
762 4519 942 4579 adhuc
966 4519 1282 4588 catholicus,
1318 4526 1368 4578 in
1403 4539 1462 4578 ea
1495 4539 1598 4579 non
1627 4539 1739 4580 erat
1786 4538 2002 4582 senten-
2031 4527 2085 4590 D
2110 4538 2166 4583 et
2220 4527 2535 4580 subtrahere
2588 4522 2656 4577 de
2707 4521 3072 4575 satisfactione
3126 4519 3483 4590 medicinam!
3527 4520 3707 4575 dicere

2110 4598 2262 4653 fratri
2293 4615 2304 4649 :
2339 4597 2559 4667 plange,
2602 4603 2651 4648 et
2685 4594 2948 4667 laerytnas
2990 4590 3177 4667 funde,
3204 4598 3260 4644 et
3281 4589 3471 4667 diebus
3500 4604 3563 4667 a_e
3584 4605 3711 4667 .uoe-

2111 4669 2251 4724 tibus
2273 4660 2559 4738 ingemisce
2580 4707 2594 4729 ,
2629 4672 2683 4738 et
2708 4660 2812 4734 pro
2849 4662 3113 4717 abluendo
3134 4669 3188 4738 et
3217 4660 3709 4738 purgandodelicto

2110 4730 2417 4811 frequenier
2447 4748 2499 4811 et
2523 4730 2739 4805 largiter
2768 4748 3030 4811 operare;
3073 4731 3166 4787 sed
3192 4740 3344 4785 extra
3379 4730 3703 4811 Ecclesium,

2111 4799 2229 4881 ι)οεὶ
2257 4811 2433 4866 omnia
2477 4807 2576 4863 ista
2596 4799 2630 4869 ,⁷
2669 4799 2945 4881 morieris;
2995 4799 3344 4873 qttmcumque
3395 4799 3463 4856 ad
3519 4817 3705 4881 pacem

2106 4873 2600 4954 pertittentjacias,
2653 4876 2748 4932 sed
2787 4876 2991 4954 pullam
3039 4888 3217 4943 pacem
3265 4887 3426 4954 quam
3476 4873 3702 4954 «pueris,

2083 4944 2354 5024 accipies.
2378 4950 2587 5006 Etenim
2616 4946 2888 5024 praemittit
2922 4946 3007 5024 hic
3026 4955 3168 4998 actus
3189 4944 3438 5024 publicos,
3459 4944 3706 5024 pmniten-

2107 5026 2193 5079 tia:
2214 5015 2432 5079 eosdem
2464 5035 2600 5089 quos
2619 5015 2721 5075 ’Iib.
2753 5018 2816 5072 de
2843 5016 3031 5073 Paruit.
3059 5030 3179 5086 cap.
3199 5015 3278 5089 Δξρς
3303 5023 3358 5089 et
3378 5023 3564 5089 tamen
3594 5017 3705 5070 vult

2105 5111 2137 5148 a
2165 5096 2274 5150 solo
2299 5094 2402 5147 Deo
2422 5084 2627 5147 exorari
2647 5090 2867 5150 veniam,
2892 5104 2997 5141 nou
3030 5084 3156 5142 vero
3191 5084 3432 5140 Ecclesia:
3469 5102 3701 5140 commu-

2105 5167 2292 5220 nicare.
2338 5163 2406 5218 Et
2451 5176 2579 5217 vero
2622 5160 2776 5215 valde
2826 5160 3026 5214 incerta
3073 5166 3157 5211 est
3184 5155 3368 5224 venia,
3399 5165 3451 5212 ct
3482 5157 3704 5227 proinde
3746 5161 3753 5168 '

2106 5231 2565 5309 (quautttmvis_id
2611 5229 2789 5302 neget)
2844 5228 3152 5309 pteuitentia
3200 5242 3333 5309 vana
3370 5270 3387 5295 ,
3422 5230 3465 5283 si
3496 5227 3614 5299 quis
3664 5244 3735 5295 ιι,

2102 5300 2219 5363 solo
2252 5308 2357 5360 Deo
2383 5303 2591 5360 veniam
2623 5300 2936 5370 exsttectare
2960 5300 3171 5353 debeat.
3205 5300 3338 5353 Plut.

2174 5376 2438 5457 C§_l’._lV.
2465 5405 2532 5415 —-—
2556 5373 2632 5457 (ε)
2649 5373 2835 5457 Ἠρὸς(
2857 5371 3053 5457 etlﬁtfes
3071 5370 3412 5457 quernum-ant
3438 5370 3701 5457 nominum

2101 5448 2521 5519 fuittiliaiittttettt.
2561 5440 2751 5519 Fidem
2785 5442 2870 5497 hic
2896 5443 3025 5519 dicit
3066 5440 3230 5519 quam
3282 5440 3416 5519 alias
3461 5451 3694 5519 sectam,

2102 5511 2512 5590 philosophiam,
2541 5515 2900 5590 disciplinam,
2931 5512 3264 5590 religiouem,
3296 5511 3503 5590 scilicet
3525 5512 3672 5565 chris

2101 5581 2327 5647 iiauam:
2350 5581 2518 5657 Supra
2547 5581 2717 5653 dixit,
2758 5584 2919 5640 liabet
2949 5594 2996 5638 ct
3021 5585 3074 5637 in
3106 5581 3306 5638 Christo
3332 5583 3538 5636 scicntia
3566 5592 3694 5637 tcta-

2099 5672 2171 5717 tes
2197 5679 2334 5716 suas.
2381 5660 2495 5714 Rm.

2171 5731 2237 5803 (f)
2298 5732 2360 5787 Si
2403 5730 2744 5803 adulterium,
2775 5739 2820 5785 ct
2870 5728 2913 5803 si
2952 5737 3180 5803 stuprum
3225 5724 3433 5803 dixero,
3474 5729 3579 5779 etc.
3619 5722 3694 5803 [te

2098 5794 2358 5858 adulterio
2384 5802 2609 5872 idipsum
2640 5794 2851 5865 docuit,
2873 5798 2937 5853 de
2966 5794 3293 5872 Menogamia
3329 5794 3424 5872 lib.
3455 5795 3685 5872 eap._9;

2097 5875 2164 5932 de
2192 5884 2397 5945 stupro,
2433 5864 2521 5930 lib.
2552 5873 2614 5929 de
2649 5864 2917 5929 Exhortat.
2946 5885 3065 5940 cap.
3099 5864 3139 5924 9
3162 5886 3175 5921 :
3206 5865 3348 5940 quod
3378 5871 3549 5938 ipsutn
3579 5864 3687 5922 [νοτ
