4006 6280
234 318 342 379 987

1641 285 2113 377 Temenum

3433 317 3542 376 988

234 438 570 496 latrocinium
600 447 681 496 est
709 454 722 493 :
756 424 824 494 ita
854 445 909 494 et
938 435 1281 515 ubicumque,
1317 435 1398 492 vel
1423 434 1475 492 in
1514 450 1830 508 quamcum-
1860 439 1909 497 A
1937 437 2187 491 mittens:
2212 434 2332 491 Non
2358 433 3013 509 mmo/laberis;adjungit:
3038 434 3157 501 Non
3180 435 3397 493 occides:
3412 453 3545 493 onc-

232 548 337 606 que
363 534 706 604 semetipsum
737 531 1004 588 adulterat
1032 540 1087 587 ct
1115 539 1339 602 stuprat.
1372 530 1460 603 qui
1490 530 1646 588 aliter
1667 546 1826 601 quam

238 624 439 694 nuptiis
464 624 648 679 utitur.
694 621 821 678 Ideo
847 637 1012 693 penes
1042 632 1141 677 nos
1177 622 1401 678 occultae
1452 636 1665 693 quoque
1703 636 1831 676 con-

228 715 554 787 junctiones,
579 713 631 770 id
652 725 740 770 est
763 729 869 771 non
909 714 1057 786 prius
1105 712 1246 785 apud
1286 711 1581 769 Ecclesiam
1630 706 1845 784 proles;

168 812 173 815 ’
232 824 305 864 sas
326 808 403 882 (a)
426 809 575 879 juxta
606 806 892 865 moechiam
923 815 978 864 et
1006 799 1657 878 fornicationemjudicari
1690 806 1833 877 peri-

230 904 506 960 clitantur.
538 902 647 959 Nec
696 903 820 961 inde
847 903 923 978 (I)
953 911 1212 960 conserta:
1258 902 1480 958 obtentu
1507 900 1859 957 matrimonii

232 995 438 1052 crimen
470 996 708 1052 eludant.
752 994 1006 1068 Reliquas
1031 1006 1209 1053 autem
1243 994 1521 1051 libidinum
1552 993 1629 1069 (b)
1667 994 1831 1051 furias

237 1088 433 1159 impias
464 1097 519 1144 et
547 1086 598 1144 in
638 1103 865 1160 corpora
908 1096 962 1145 et
1000 1089 1053 1144 in
1094 1103 1257 1144 sexus
1296 1087 1434 1142 ultra
1468 1086 1587 1157 jura
1627 1096 1833 1142 naturae

231 1195 337 1238 non
367 1181 526 1237 modo
546 1182 752 1250 limine,
782 1196 967 1238 verum
989 1178 1132 1236 enini
1163 1176 1422 1236 Ecclesiae
1448 1187 1592 1235 tecto
1611 1178 1829 1234 submo-

234 1288 450 1342 vemus;
481 1274 604 1347 quia
633 1289 739 1331 non
769 1283 895 1332 sunt
919 1273 1137 1337 delicta,
1166 1270 1260 1329 sed
1285 1279 1542 1328 monstra.

588 1376 593 1379 '
862 1365 1096 1423 CAPUT
1140 1364 1202 1420 V.

304 1456 449 1530 Ergo
497 1456 944 1530 mmcbia,'quod
997 1458 1155 1513 etiam
1193 1454 1557 1511 fornicationis
1593 1462 1676 1510 est
1722 1467 1831 1520 res,

236 1550 527 1607 secundum
551 1565 688 1621 opus
715 1550 954 1606 criminis
1002 1548 1187 1620 quanti
1226 1546 1539 1603 aestimanda
1567 1545 1633 1602 sit
1666 1547 1834 1624 scele-

233 1646 307 1701 ris
337 1646 410 1719 (c)
444 1644 614 1717 prima
638 1645 722 1701 lex
759 1644 852 1701 Dei
888 1651 1086 1716 praesto
1113 1652 1214 1699 est.
1265 1640 1541 1713 Siquidem
1588 1651 1707 1712 post
1755 1638 1835 1695 iu-

234 1737 515 1794 terdictam
560 1737 860 1793 alienorum
911 1736 1131 1791 deorum
1178 1734 1646 1805 superstitionem,
1693 1730 1837 1806 ipso-

235 1845 464 1902 rumque
490 1829 754 1886 idolorum
784 1830 1224 1895 fabricationem;
1258 1836 1379 1898 post
1406 1824 1835 1883 commendatam

235 1918 440 1979 sabbati
490 1922 1100 1992 venerationcmapost
1145 1922 1458 1994 imperatam
1491 1920 1541 1975 iu
1588 1928 1836 1990 parentes

235 2014 528 2070 secundam
572 2030 601 2069 a
646 2015 756 2070 Deo
778 2012 1113 2085 religionem,
1144 2012 1348 2068 nullmn
1375 2011 1517 2066 aliud
1542 2012 1591 2067 in
1618 2009 1698 2085 (tl)
1723 2008 1838 2066 tali-

241 2107 340 2162 bus
371 2106 539 2162 titulis
565 2104 840 2162 tirmandis
862 2106 1253 2177 monendisquc
1279 2102 1579 2160 substrnxit
1602 2119 1839 2175 praecep-

237 2209 372 2262 tum,
416 2210 576 2270 quam
608 2197 767 2253 :Non
805 2199 1132 2254 uiaecltaberis
1170 2197 1364 2272 (Exod.
1406 2194 1526 2264 XX,
1572 2196 1684 2267 M).
1712 2194 1841 2251 Post

238 2291 533 2362 spiritalem
565 2291 705 2346 enim
723 2292 1020 2346 castitatem
1047 2290 1517 2360 sanctitatemque,
1545 2286 1839 2359 corporalis

238 2383 564 2453 sequebatur
592 2383 893 2455 integritas.
936 2382 1003 2438 Et
1030 2382 1168 2437 hanc
1207 2382 1388 2454 itaque
1435 2381 1680 2448 munivit,
1715 2379 1836 2436 hos-

238 2483 346 2530 tem
370 2473 550 2530 statim
574 2476 690 2545 ejus
719 2472 1052 2545 prohibendo
1074 2472 1383 2529 mtechiam.
1397 2471 1564 2541 Quale
1584 2469 1838 2528 delictum

234 2565 346 2636 jam
381 2565 637 2638 intellige,
661 2565 815 2637 cujus
836 2565 1219 2622 cohibitionem
1262 2572 1385 2636 post
1409 2563 1723 2620 idololatrim
1760 2562 1840 2638 (Ξ)

240 2657 529 2714 ordinavit.
562 2658 705 2714 Nihil
747 2657 1041 2715 secundum
1069 2657 1383 2728 longinquat
1407 2671 1435 2711 a
1466 2657 1676 2728 primo;
1705 2656 1839 2711 nihil

241 2762 349 2807 tam
378 2752 681 2824 proximum
720 2754 915 2824 primo,
941 2767 1100 2824 quam
1137 2749 1429 2806 secundum
1461 2748 1638 2821 :quud
1676 2747 1734 2804 fit
1773 2763 1837 2805 ex

237 2845 414 2917 primo
442 2844 608 2913 aliud,
638 2843 1037 2917 quodammodo
1064 2843 1296 2914 primum
1340 2852 1445 2899 est.
1487 2842 1668 2913 Itaque
1707 2856 1838 2897 mm-

237 2938 354 2996 cltia
384 2939 576 2994 adflnis
616 2938 969 3004 idololatrize;
1005 2952 1128 2994 nam
1156 2947 1210 2993 et
1238 2936 1537 2993 idololatria
1595 2936 1841 2993 nttecbite

242 3033 460 3089 nomine
503 3043 560 3088 et
613 3032 983 3105 fornicationis
1041 3047 1183 3103 sirpe
1246 3031 1442 3103 pupulo
1522 3031 1836 3102 exprobrata

1942 528 2075 582 ravit
2122 529 2303 600 utique
2359 528 2668 592 tutecbiam,
2702 544 2860 598 quam
2912 528 3201 584 homicidio
3248 530 3545 601 anteponit.

1939 621 1994 676 In
2022 621 2189 691 prima
2222 622 2401 692 itaque
2432 621 2510 696 (5)
2541 621 2716 678 fronte
2769 623 3129 679 sanctissimzn
3176 624 3327 694 legis,
3359 624 3410 679 in
3439 626 3547 694 pri.

1940 713 2041 769 mis
2069 714 2235 769 titulis
2260 713 2499 770 caelestis
2528 714 2711 778 edicti,
2747 713 3129 787 principalium
3161 718 3346 786 utique
3388 717 3550 773 delic-

1942 817 2113 863 torum
2140 807 2533 879 proscriptioue
2558 809 2765 880 signata
2809 807 2909 882 (4),
2939 808 3009 866 de
3050 809 3169 866 loco
3198 809 3438 878 modum,
3481 812 3551 868 de

1940 898 2128 955 ordine
2159 908 2380 969 statum,
2401 901 2468 956 de
2498 900 2739 958 confinio
2766 900 3020 957 meritum
3051 903 3312 977 cujusque
3337 903 3552 976 dignos-

1939 1005 2049 1047 cas.
2096 982 2193 1069 Est
2220 988 2274 1048 et
2305 992 2429 1048 mali
2453 992 2706 1063 dignitas,
2731 993 2875 1066 quod
2908 995 2962 1049 in
2984 1009 3196 1062 summo
3227 1004 3319 1051 ant
3346 996 3398 1050 in
3431 1011 3548 1052 me-

1940 1081 2030 1138 dio
2056 1083 2409 1153 pessimorum
2439 1084 2754 1141 collocatur.
2797 1085 3054 1158 Pompam
3078 1086 3367 1159 quamdam
3393 1097 3553 1160 atque

1941 1184 2248 1248 suggestum
2275 1175 2515 1248 adspicio
2555 1177 2824 1245 mtechiae,
2854 1177 3276 1235 hinc.ducatum
3331 1163 3555 1238 idolola-
3594 1209 3645 1222 ο-

1943 1267 2057 1322 tria:
2086 1266 2487 1338 antecedentis,
2539 1269 2667 1325 hinc
2718 1269 3036 1328 comitatum
3089 1271 3359 1330 homicidii
3410 1276 3552 1329 inse-

1951 1358 2186 1429 quentis.
2222 1359 2371 1417 Inter
2397 1360 2530 1417 duos
2550 1362 2730 1433 apices
2767 1361 3062 1419 facinorum
3092 1365 3550 1423 eminentissimos

1942 1452 2060 1508 sine
2109 1452 2274 1510 dubio
2317 1454 2477 1526 digna
2534 1456 2801 1526 consedit,
2842 1465 2897 1513 et
2937 1474 3031 1528 per
3066 1459 3302 1516 medium
3342 1474 3554 1527 eorum,

1943 1547 2093 1616 quasi
2121 1555 2400 1602 vacantem
2427 1545 2606 1604 locum
2639 1549 2752 1620 pari
2774 1548 3019 1606 criminis
3054 1552 3375 1609 auctoritate
3404 1563 3554 1607 com-

1945 1638 2128 1708 plevit.
2161 1637 2293 1718 Quis
2334 1654 2454 1695 eam
2503 1636 2699 1697 talibus
2750 1639 3009 1698 lateribus
3041 1643 3324 1709 inclusam,
3360 1644 3553 1718 talibus
3625 1626 3637 1638 ’

1940 1727 2104 1784 costis
2143 1714 2563 1797 circumfultam,
2598 1746 2628 1786 a
2656 1731 3049 1788 coluerentium
3079 1747 3308 1806 corpore
3340 1714 3561 1791 divellet

1940 1820 2008 1877 de
2032 1820 2328 1877 vicinorum
2356 1822 2644 1878 criminum
2673 1839 2838 1891 nexu,
2871 1823 2939 1879 de
2962 1823 3388 1897 propinquorum
3444 1842 3561 1882 sre-

1942 1913 2113 1968 lerum
2145 1912 2450 1985 complexu,
2480 1923 2537 1968 ut
2561 1912 2735 1970 solam
2764 1928 2884 1970 eam
2926 1915 3260 1971 secernatad
3292 1916 3559 1988 paeniten-

1942 2008 2029 2063 tia:
2074 2005 2355 2064 fructum?
2390 2006 2581 2063 Nonne
2628 2006 2756 2064 hinc
2805 2007 3134 2075 idololatria,
3165 2009 3291 2065 inde
3322 2009 3552 2065 homicio

1941 2101 2109 2166 dium,
2143 2097 2500 2156 detinebant?
2530 2108 2585 2157 et
2633 2099 2677 2155 si
2728 2115 2830 2171 qua
2877 2116 2981 2157 vox
3033 2101 3113 2176 (5)
3156 2101 3338 2169 fuerit,
3390 2103 3561 2157 recla-

1943 2192 2212 2248 malmnt:
2259 2190 2452 2249 Noster
2503 2191 2588 2249 hic
2616 2208 2820 2277 cuneus
2868 2204 2986 2262 est,
3030 2205 3211 2251 nostra
3259 2200 3559 2267 compago?

1942 2286 2026 2343 ΑΙ)
2075 2285 2377 2341 idololatria
2431 2295 2717 2353 metamur,
2745 2285 2831 2341 illa
2864 2283 3230 2344 distinguente
3274 2287 3557 2360 conjungi-

1942 2394 2082 2444 mur,
2116 2377 2186 2434 illi
2238 2378 2307 2436 de
2358 2378 2535 2435 medio
2565 2379 2815 2436 emicanti
2846 2379 3145 2436 adunamur
3172 2380 3292 2455 (6);
3333 2396 3557 2438 canem»
3600 2397 3651 2406 ’-

1943 2473 2152 2545 poravit
2191 2488 2289 2529 nos
2325 2472 2599 2544 Scriptura
2652 2472 2876 2541 divina,
2917 2470 3087 2529 litera:
3153 2474 3282 2545 ipsa:
3346 2475 3554 2546 glutino

1946 2574 2125 2622 nostra
2157 2575 2305 2628 sunt,
2330 2566 2441 2637 jam
2469 2579 2570 2622 nec
2600 2565 2715 2636 ipsa
2758 2565 2877 2621 sine
2904 2565 3062 2621 nobis
3085 2574 3280 2636 potest.
3311 2565 3424 2638 Ego
3445 2570 3555 2638 qu?-

1943 2660 2064 2717 dem
2092 2656 2396 2714 ldololatria
2419 2658 2719 2729 saepissime
2748 2656 2996 2715 intechiae
3044 2659 3385 2715 occasionem
3422 2659 3549 2714 sub-
3592 2642 3645 2682 ί

1942 2752 2210 2812 ministro.
2247 2750 2436 2806 Sciunt
2484 2749 2588 2805 luci
2633 2751 2739 2807 mei
2770 2756 2825 2805 et
2854 2748 2958 2806 mei
3019 2759 3268 2815 montes,
3311 2760 3369 2805 et
3415 2751 3552 2805 viva:

1943 2862 2118 2918 aqum,
2150 2847 2372 2918 ipsaque
2394 2846 2444 2900 in
2469 2844 2690 2901 urbibus
2718 2844 2938 2916 templa,
2963 2852 3221 2917 quantum
3248 2843 3552 2900 evertendm

1944 2941 2212 3014 pudicitim
2253 2957 2601 3012 procnrcmus
2652 2940 2749 3015 (7).
2788 2940 2900 3014 Ego
2935 2956 3146 3014 quoque
3195 2938 3552 2997 Homicidinm

1953 3050 2337 3105 nonnunquam
2368 3034 2612 3092 tntechiae
2656 3035 2897 3091 elabora.
2951 3034 3017 3091 Ut
3059 3032 3347 3106 tragttedias
3392 3034 3551 3090 omit-

242 3124 379 3199 (Jer.
435 3126 517 3193 Ill,
550 3127 600 3193 l,
647 3144 763 3200 sq.;
812 3098 1003 3182 Eaech.
1065 3094 1201 3191 Xlll,
1236 3094 1331 3192 1-5,.
1354 3126 1458 3196 sq),
1489 3094 1649 3182 etiam
1700 3132 1847 3180 sorte
1872 3094 1917 3158 Ο
1953 3137 2061 3186 tam
2089 3126 2158 3202 (ε)
2184 3094 2359 3185 sciunt
2401 3128 2563 3185 hodie
2588 3128 2881 3195 venenarii,
2911 3128 3089 3184 sciunt
3134 3094 3295 3198 magi,
3323 3124 3402 3199 (8)
3428 3138 3559 3197 qttot

242 3221 603 3293 conjungetur
626 3220 724 3287 illi,
750 3221 887 3278 sicut
909 3229 964 3278 et
990 3220 1130 3278 serie
1152 3238 1168 3289 ;
1195 3222 1357 3278 etiam
1384 3219 1727 3277 damnatione
1751 3233 1844 3275 co-

241 3315 472 3373 haerebit
500 3315 598 3385 illi,
630 3316 772 3373 sicut
816 3317 877 3374 et
917 3315 1291 3387 dispositione.
1346 3316 1423 3372 Eo
1451 3312 1685 3385 amplius
1713 3327 1848 3384 prte-

1953 3223 2234 3293 pellicatus
2261 3224 2489 3279 ulciscar
2515 3220 2583 3296 (f)
2607 3232 2739 3294 quot
2763 3223 3056 3297 rivalitates
3089 3219 3401 3288 defendam,
3423 3231 3558 3293 quot

1954 3314 2228 3379 custodes,
2278 3326 2409 3388 quot
2455 3314 2761 3384 delatores,
2813 3325 2944 3386 quot
3003 3313 3253 3371 conscios
3297 3315 3553 3370 auferam.

1469 3427 1854 3487 LECTIONES
1880 3431 1973 3495 ΝΑ
1985 3404 2303 3491 sumes.

304 3548 379 3613 (l)
414 3549 796 3613 Periclitabitur,
822 3563 888 3605 ne
913 3552 1029 3613 inde
1053 3553 1154 3613 Lat.

419 3612 740 3686 Idololatrtam
762 3617 906 3686 Pam.
935 3611 1079 3686 tilica.
1101 3609 1295 3686 Qberth.
1322 3612 1465 3675 Leop.

309 3614 359 3674 (Ξ
419 3614 740 3665 Idololatrtam
762 3617 906 3666 Pam.
935 3614 1079 3663 Rhea.
1101 3614 1217 3664 Ober

309 3614 385 3804 {si
422 3674 617 3750 Ubique
641 3685 729 3728 tua.
755 3675 888 3789 an‘ql.
915 3677 1087 3737 utique
1108 3672 1217 3789 mg.

334 3737 365 3786 4
419 3737 687 3800 Stguatatn.
716 3739 790 3790 De
832 3752 921 3790 oco
945 3735 1141 3790 Oberth.
1206 3753 1217 3789 t

2411 3614 2555 3683 Pam.
2577 3609 2730 3662 then.
2759 3606 2956 3681 Obcfth.

2034 3674 2063 3722 7
2123 3672 2391 3725 Procurem
2413 3677 2574 3727 (haec.

2012 3677 2064 3799 i8
2122 3736 2260 3797 Quod
2285 3746 2429 3791 Fran.
2454 3743 2502 3789 et
2533 3734 2587 3789 in
2606 3746 2741 3799 seqq.

2034 3672 2087 3727 7)
2123 3672 2391 3725 Procurem
2413 3673 2574 3727 Ciacc.

2012 3677 2087 3801 ὶῚῖ
2123 3677 2391 3725 Procurem
2413 3677 2574 3746 Ciacc.

2033 3737 2064 3787 8
2122 3736 2260 3797 Quod
2285 3746 2429 3791 Fran.
2454 3743 2502 3789 et
2533 3749 2587 3789 tn
2606 3746 2741 3801 seqq.

1619 3839 2187 3901 COMMENTARIUS.

419 3734 687 3800 Sigriatam.
716 3739 790 3790 De
813 3734 921 3790 loco
945 3734 1141 3790 Obertlt.
1164 3734 1315 3789 Seml.

246 3971 473 4033 quenter
496 3970 753 4032 usurpat,
783 3976 887 4018 non
916 3960 1078 4017 modo
1103 3974 1199 4032 pro
1227 3958 1474 4033 maeonia,
1516 3959 1612 4015 sed
1635 3967 1701 4033 _et
1743 3972 1839 4033 pro

255 4028 661 4104 fornicatione...
704 4028 883 4088 malim
926 4028 1121 4089 autem—
1153 4033 1330 4104 legere
1359 4050 1378 4104 εν
1411 4031 1574 4104 Omne
1624 4028 1861 4084 homicim

250 4102 392 4158 ilium
418 4106 555 4159 intra
579 4104 793 4176 sylvam.
824 4120 922 4176 pro
947 4114 1122 4171 extra;
1167 4102 1261 4159 sed
1298 4102 1447 4159 nolui
1490 4102 1549 4158 iu-
1589 4110 1842 4157 contextu

254 4175 390 4247 quid
410 4174 711 4247 immutare.
743 4174 880 4230 Pin.

326 4245 402 4318 (a)
448 4244 567 4318 Non
610 4246 751 4317 prius
812 4245 950 4318 apud
997 4244 1275 4318 Ecclesium
1322 4244 1582 4318 professa}.
1644 4241 1850 4318 _leatis

265 4314 541 4389 Ecclesiae
570 4314 665 4387 per
695 4315 1059 4389 presbyteros
1085 4314 1331 4389 fidelibus
1359 4314 1737 4389 conjugandis,
1795 4322 1855 4389 ut

252 4383 630 4443 communibus
676 4383 811 4442 votis
854 4383 1101 4458 conjugio
1133 4383 1865 4458 lienedicertsittr.Ilocenim

265 4460 530 4530 significat
562 4460 615 4514 in
658 4460 761 4515 line
807 4457 926 4514 libri
954 4454 996 4515 ll
1019 4454 1088 4513 ad
1119 4457 1374 4521 Uxorem,
1403 4468 1521 4510 tum
1550 4454 1624 4510 ait
1652 4454 1851 4530 :_Und_e_

1946 3960 2167 4043 verbis:
2197 3979 2235 4043 ἐ
2267 3959 2350 4043 O_b
2387 3960 2503 4042 tale
2572 3958 2698 4043 quid
2746 3966 2901 4043 extra
2953 3949 3168 4043 gregem
3217 3957 3373 4043 datus
3425 3969 3506 4043 est
3541 3978 3560 4011 ι

1945 4044 2008 4085 ac
2044 4050 2062 4082 ι
2081 4034 2164 4103 de
2197 4029 2432 4087 Ecclesia
2460 4031 2763 4103 egpellitur.
2799 4048 2817 4083 ι
2836 4028 3001 4103 _l’lura
3021 4028 3143 4089 vide
3163 4029 3398 4103 eam”.
3424 4028 3565 4086 Ρη.

2020 4101 2173 4157 CAP.
2201 4102 2269 4158 V.
2293 4133 2365 4143 —
2383 4103 2458 4171 (c)
2488 4100 2668 4159 Prima
2722 4101 2804 4157 lea:
2824 4100 2917 4157 Dei
2941 4111 3126 4172 prmio
3146 4100 3241 4157 est;
3266 4101 3448 4156 Prima
3478 4103 3564 4158 lex

1956 4174 2047 4230 Dei
2080 4190 2173 4243 per
2198 4173 2399 4228 Mosem
2434 4173 2645 4236 tradita,
2679 4172 2914 4243 secunda
2942 4171 3043 4243 per
3070 4171 3366 4228 Christum.
3414 4172 3566 4229 Alias

1956 4241 2180 4316 primam
2227 4258 2322 4316 seu
2369 4243 2768 4316 primordialem
2824 4241 2919 4316 Dei
2952 4241 3141 4314 legem
3188 4243 3251 4316 in
3308 4243 3572 4314 principio

1972 4314 2156 4370 mundi
2208 4315 2337 4370 Adae
2366 4326 2421 4369 et
2450 4314 2574 4369 Eva:
2598 4315 2776 4369 datam
2825 4314 2991 4370 fuisse
3037 4317 3140 4380 ait,
3187 4314 3281 4369 lib.
3330 4316 3573 4369 adversus

1975 4384 2210 4457 Judazos.
2254 4386 2438 4457 Itaque
2466 4386 2873 4443 convenientius
2903 4384 3411 4456 iuterpreLabimur:
3446 4384 3571 4439 Pri-

1960 4474 2041 4510 ma
2070 4458 2152 4511 lca:
2176 4454 2272 4512 Dei
2300 4454 2487 4526 prmio
2516 4468 2622 4525 est,
2666 4458 2769 4513 hoc
2815 4465 2928 4525 est,
2959 4454 3082 4513 ante
3126 4458 3305 4513 omnia
3338 4457 3575 4513 occurrit

264 4526 586 4615 sufﬁciamus
611 4535 679 4615 ad
705 4531 1045 4615 enarrandam
1093 4530 1381 4615 felicitatem
1410 4530 1518 4615 tjtts
1546 4526 1854 4615 matrimonii
1882 4554 1936 4615 D
1964 4531 2059 4615 lex,
2082 4528 2209 4615 Peli:
2252 4528 2379 4615 ille.

256 4597 392 4672 quod
443 4602 674 4656 Ecclesia
721 4602 959 4657 conciliat
1006 4611 1053 4655 et
1093 4597 1377 4669 conﬁrmat
1427 4597 1666 4672 oblatio?
1720 4600 1853 4672 Dum

255 4667 479 4728 occultas
521 4673 903 4741 coniunctiones
953 4667 1333 4742 interpretatur
1385 4687 1484 4725 non
1533 4670 1673 4742 prius
1715 4667 1857 4742 apud

258 4743 540 4799 Ecclesium
567 4739 850 4814 professas,
885 4743 1076 4799 mirum
1091 4739 1154 4814 in
1189 4739 1730 4814 modnmucunllrmat
1755 4739 1855 4794 de-

255 4825 462 4871 cretum
506 4810 713 4871 concilii
742 4814 1040 4870 Tridentiui
1072 4813 1138 4869 de
1170 4814 1335 4869 irritis
1364 4812 1556 4867 talibus
1598 4810 1856 4880 conjunc-

260 4886 528 4959 tionibus,
559 4902 625 4959 eo
651 4886 791 4959 quod
818 4884 886 4959 de
907 4884 1022 4959 illis
1040 4884 1259 4959 _snbjicit
1282 4903 1316 4959 _:_
1339 4902 1357 4936 ι
1385 4882 1541 4940 Juxta
1572 4882 1857 4959 nimi-Iliam

237 4966 316 5022 ,et
368 4950 778 5014 fornicationem
828 4955 1054 5025 iudicari
1133 4950 1543 5026 periclitantur,
1584 4952 1693 5010 Nec
1721 4950 1860 5026 _iude

256 5036 521 5084 conserta:
564 5027 781 5084 obtentu
814 5024 1147 5096 matrimonii
1180 5027 1381 5083 crimen
1410 5024 1659 5093 ieludant.
1719 5024 1858 5080 Plut.

257 5098 402 5154 Sess.
432 5096 526 5170 24,
560 5098 623 5152 de
649 5115 868 5153 sacram.
900 5097 1141 5170 Matrim,
1169 5112 1285 5170 cap.
1332 5097 1370 5154 Ι.
1417 5097 1536 5170 Illo.

256 5170 409 5243 μω)
470 5168 712 5243 Reliquas
757 5179 922 5243 autem
970 5168 1245 5243 libidinum
1262 5171 1453 5243 furias
1503 5168 1721 5243 impias,
1753 5175 1860 5221 etc.

260 5238 547 5311 Eleganter
577 5238 852 5311 distinguit
876 5240 1015 5296 inter
1041 5240 1214 5297 litttine
1252 5238 1496 5296 Ecclesia:
1537 5238 1860 5305 submovere,

260 5322 316 5368 et
335 5310 474 5367 omni
504 5322 630 5367 tecto
662 5310 905 5368 Ecclesia:
927 5314 1263 5381 submovere,-
1309 5328 1371 5368 ac
1401 5312 1445 5368 si
1476 5311 1600 5368 velit
1635 5311 1865 5381 fornicag

264 5391 407 5438 tores
449 5391 505 5439 et
532 5383 803 5439 adulteros
827 5383 1088 5440 admissos
1128 5384 1193 5440 ad
1242 5379 1403 5440 limen
1446 5380 1740 5448 Ecclesiae,
1790 5379 1866 5436 uti

263 5457 384 5529 ca'p.
429 5453 659 5529 prmced.
686 5452 1169 5529 interptenitentes
1198 5454 1538 5529 (queinquam
1568 5455 1789 5518 frustra,
1820 5452 1866 5529 si

264 5522 474 5598 veniam
531 5525 765 5581 Ecclesia
814 5522 943 5584 dare
980 5543 1084 5598 non
1124 5522 1324 5598 possit,
1369 5522 1427 5581 ut
1472 5539 1753 5598 perperam
1780 5522 1868 5598 ad-

264 5596 456 5669 seruit)
480 5605 573 5669 ;at
598 5608 957 5654 monstrorum
982 5594 1193 5663 illorum
1221 5613 1341 5655 reos
1368 5594 1539 5669 neque
1561 5594 1632 5669 ibi
1663 5594 1865 5669 admis-

267 5682 380 5737 sos,
416 5664 510 5723 sed
543 5684 760 5737 prorsus
794 5671 1044 5727 exclusos
1071 5670 1252 5727 fuisse.
1285 5669 1353 5725 Et
1380 5698 1383 5701 ι
1406 5664 1721 5737 veroetiam
1743 5664 1869 5737 hinc

266 5734 614 5796 confirmat-ur
629 5751 865 5805 vetustas
882 5740 1448 5808 excommunicationis
1469 5734 1865 5802 ecclesiasticae;

268 5807 338 5863 de
366 5824 468 5885 qua
497 5827 755 5885 supra...,
793 5813 1014 5885 Apolog.
1055 5807 1180 5885 cap.
1220 5810 1333 5885 59,
1368 5821 1424 5885 et
1451 5811 1577 5865 alibi
1630 5823 1735 5885 non
1768 5822 1870 5885 __s_e-

276 5876 426 5938 mel:
458 5881 525 5938 ad
565 5876 750 5955 'quam'
775 5876 985 5941 iterum'
1021 5876 1274 5939 alluditur
1307 5876 1487 5947 intra,
1516 5895 1634 5950 cap.
1667 5879 1729 5947 7,
1767 5876 1870 5934 illis

2043 4598 2122 4671 (tl)
2164 4598 2376 4671 Talibus
2427 4599 2588 4656 titulis
2631 4599 2898 4669 firmandis
2945 4599 3328 4671 monendisqne.
3377 4598 3487 4671 Hoc
3520 4598 3573 4671 in

1960 4668 2126 4741 opere
2152 4670 2484 4740 Septintiano
2514 4668 2893 4740 praetentamus
2938 4671 3044 4727 iter
3088 4668 3377 4741 manibus,
3400 4668 3571 4726 desti-

1964 4740 2060 4797 tuti
2084 4752 2321 4799 veterum
2348 4743 2729 4811 exemplarium
2751 4743 2885 4799 Iuce.
2918 4740 3111 4811 Aptius
3132 4753 3279 4796 certe
3301 4740 3571 4804 videatur,

1962 4813 2174 4869 Talibus
2223 4814 2383 4867 titulis
2425 4812 2711 4882 ﬁrmmtdh‘
2744 4811 3148 4881 mutuandisque.
3196 4811 3412 4871 Etenim
3452 4821 3578 4882 post

1966 4884 2125 5011 paulo
2154 4880 2433 4952 sequitur,
2470 4880 2541 4938 Et
2567 4885 2697 4939 hanc
2719 4885 2887 4954 itaque
2907 4880 3141 4943 muniuit.
3165 4883 3373 4940 Titulos
3394 4880 3576 4947 vocat,

1990 4957 2101 5011 esis
2163 4955 2359 5010 divinae
2409 4956 2615 5011 canita:
2665 4956 2972 5011 eodemque
3017 4953 3320 5011 siuniﬁcatu
3375 4969 3575 5011 supra.

1990 4957 2101 5026 egis
2163 4955 2365 5028 divinae
2409 4956 2635 5028 capita;_
2665 4953 2972 5028 eodemque
3017 4953 3320 5028 signiﬁcatu
3375 4969 3575 5026 supra,

1966 5025 2307 5093 dainnationis
2334 5025 2506 5081 titulo}
2530 5025 2685 5082 dixit.
2723 5026 2869 5084 1ἶιθ.ε

2040 5098 2115 5170 (c)
2140 5096 2320 5170 Sciunt
2336 5097 2485 5151 hodie
2507 5098 2782 5170 venenarii,
2809 5098 2972 5170 sciunt
2991 5100 3146 5167 magi.
3168 5097 3349 5170 Magos
3363 5111 3393 5152 a
3416 5110 3581 5152 vene-

1969 5166 2134 5224 nai-iis
2165 5166 2609 5240 distingttercvix
2655 5168 2886 5240 poteris;
2920 5183 3043 5225 nam
3072 5166 3338 5240 volnerarii
3368 5183 3463 5240 seu
3491 5182 3581 5221 re-

1969 5241 2157 5305 nelici,
2199 5237 2562 5309 cum'magis,
2604 5237 2886 5310 clialdaiis,
2926 5238 3278 5310 genethliacis
3297 5279 3327 5310 ,_
3369 5237 3581 5293 tbessa~

1971 5312 2141 5382 lisque
2190 5312 2317 5366 olim
2374 5308 2879 5382 confundebantur,
2932 5308 3029 5382 qui
3089 5310 3225 5364 alios
3280 5308 3582 5382 pltarmacis

1969 5378 2230 5452 malisque
2286 5381 2550 5437 Iaedebant
2580 5381 2819 5449 artibus,
2856 5378 3073 5452 suisque
3121 5378 3577 5452 incantationibus

1969 5450 2323 5508 vitatn‘etiatn
2371 5452 2660 5523 aliquando
2702 5450 3020 5522 eripiebant.
3063 5451 3322 5523 Apuleius
3352 5451 3404 5505 in
3432 5450 3578 5520 apol.

1970 5524 2274 5578 Amatricem
2302 5540 2435 5589 eam,
2464 5522 2545 5577 me
2584 5540 2790 5594 magum
2839 5535 2884 5577 et
2937 5523 3212 5594 veneﬁcum
3256 5522 3580 5588 clamitaret,

1971 5595 2142 5650 multis
2160 5596 2503 5649 audientibus.
2553 5595 2631 5651 Ls
2659 5594 2756 5650 PR.
2877 5657 2889 5661 ι

2041 5666 2105 5738 (f)
2141 5664 2276 5732 Quot
2296 5665 2575 5720 rivalitates
2615 5666 2910 5738 defendam.
2933 5665 3145 5738 Etenim
3168 5665 3410 5738 plerique
3429 5678 3575 5738 ama-

1974 5732 2120 5792 tores
2139 5778 2156 5804 ,
2187 5747 2395 5792 amatas
2419 5751 2544 5799 snas
2570 5739 2641 5793 ab
2666 5732 2918 5802 rivalibus
2935 5732 3231 5795 defendunt
3250 5732 3541 5795 homicidio
3560 5775 3574 5799 ,

1973 5807 2234 5865 rivalibus
2259 5807 2407 5865 vario
2436 5808 2623 5865 mortis
2644 5823 2844 5880 genere
2865 5808 3136 5872 extinctis.
3169 5808 3287 5869 llic.
3494 5841 3498 5844 ~
