4006 6280
483 363 599 461 989.

1781 379 1988 438 LIBER
2033 380 2120 439 DE
2149 381 2236 439 PU
2248 383 2512 444 DICITI.\.

3683 397 3789 459 990

484 492 672 549 Sciunt
718 494 880 551 etiam
929 494 1285 565 obstetrices,
1332 505 1465 569 quot
1506 494 1732 553 adulteri
1786 503 2073 566 conceptus
2103 498 2158 559 Α
2186 498 2851 578 (Rom.\"tll,12),utique,
2885 506 3007 562 Non
3034 506 3782 585 ηιωειιαὺει·ἰε(Ε;ε.ΧΧ,14).

489 586 840 653 trucidentur.
876 589 1050 646 Etiam
1079 591 1217 660 apud
1239 589 1573 645 Christianos
1615 599 1824 645 nonest
1851 589 2078 644 mmchia

488 681 606 736 sine
650 678 809 736 nobis
853 698 868 736 :
919 681 1117 737 ibidem
1155 690 1278 736 sunt
1326 679 1671 745 idoloIatriar,
1702 676 1789 735 ubi
1822 680 2077 735 immundi

488 775 706 847 spiritus
732 791 820 832 res
844 784 957 843 est;
989 776 1184 832 ibidem
1211 787 1288 832 est
1321 787 1373 832 et
1402 776 1764 841 homicidium,
1788 779 1872 831 ubi
1897 776 2077 841 homo,

488 883 608 925 cum
633 869 957 939 inquinatur,
980 868 1257 923 occiditur.
1304 867 1493 940 Igitur,
1546 878 1637 924 aut
1688 883 1786 923 nec
1831 868 1962 931 illis,
1993 877 2084 921 aut.

489 963 650 1019 etiam
700 961 853 1018 nobis
909 962 1239 1032 poenitentia:
1296 962 1530 1018 subsidia
1585 953 1923 1018 convenient.
1981 964 2084 1017 Aut

489 1056 790 1111 dctinemus
819 1067 960 1120 eam,
987 1061 1079 1109 aut
1107 1053 1398 1125 sequimur.
1433 1052 1557 1109 Hmc
1584 1054 1712 1125 ipsa:
1742 1069 1828 1109 res
1857 1054 2082 1125 loquun-

491 1157 596 1203 tur.
624 1145 680 1204 Si
703 1163 790 1204 res
819 1161 950 1203 voce
977 1130 1256 1213 deficiunt,
1286 1147 1499 1205 adsistit
1524 1147 1851 1215 idololatrcs,
1880 1149 2087 1204 adSistit

493 1240 778 1306 homicida,
805 1240 857 1296 in
884 1241 1063 1297 medio
1090 1255 1272 1296 eorum
1301 1241 1511 1298 adsistit
1528 1242 1859 1308 etmoechus,
1889 1244 2087 1313 pariter

491 1331 560 1388 de
589 1332 1112 1405 poenitentiaeotticio
1133 1333 1341 1399 sedent,
1364 1334 1415 1388 in
1434 1349 1591 1391 sacco
1619 1344 1671 1391 et
1697 1335 1877 1391 cinere
1905 1335 2089 1391 inhor-

496 1438 751 1496 rescunt,
794 1428 984 1484 eodem
1031 1426 1159 1483 ﬂatu
1201 1429 1534 1499 gemiscuut,
1587 1428 1788 1484 eisdem
1842 1428 2088 1500 precibus

415 1503 430 1517 ’
493 1521 767 1588 ambiunt,
796 1519 998 1576 eisdem
1026 1520 1251 1591 genibus
1280 1528 1535 1587 exorant,
1568 1521 1810 1576 eamdem
1843 1520 2090 1577 invocant

495 1624 740 1670 matrem.
777 1614 856 1687 (ιι)
897 1613 1033 1684 Quid
1086 1614 1229 1686 agis,
1284 1616 1598 1671 mollissima
1627 1626 1681 1671 et
1709 1616 2089 1671 humanissima

495 1706 817 1778 disciplina?
845 1716 936 1760 aut
973 1705 1223 1762 omnibus
1251 1706 1329 1762 eis
1376 1706 1476 1763 hoc
1501 1723 1622 1764 esse
1658 1706 1880 1763 debebis
1914 1725 1925 1759 :
1961 1708 2092 1761 beati

494 1800 637 1856 enim
686 1799 887 1872 paciﬁci
933 1798 1145 1873 (Matth.
1191 1799 1387 1873 V,,6);
1434 1809 1544 1863 aut,
1577 1802 1619 1856 si
1650 1815 1754 1856 non
1805 1800 2090 1863 omnibus,

2182 592 2286 648 Sed
2311 603 2363 648 et
2385 608 2565 664 supra,
2591 596 2778 668 Legem
2803 615 2921 670 ergo
2959 616 3260 657 evaeuamus
3288 619 3378 672 per
3398 603 3552 673 ﬁdem
3572 605 3598 658 ?
3621 602 3786 670 Absit,

2183 684 2270 737 sed
2295 685 2450 756 legem
2475 686 2695 743 sistimus
2714 692 2882 763 (Rom.
2903 690 2991 759 Ill,
3024 692 3140 765 5|),
3171 694 3373 750 scilicet
3398 694 3450 750 in
3480 695 3565 751 his
3590 712 3707 767 qum
3736 704 3792 752 et

2187 792 2325 831 mine
2357 795 2493 834 novo
2521 780 2863 840 Testamento
2913 786 3191 842 interdicta
3231 789 3391 844 etiam
3434 790 3788 845 cumulatiore

2189 883 2454 941 pra'ccpto
2482 875 2851 944 prohibentur.
2891 880 2994 933 Pro
3027 879 3146 935 Non
3177 882 3500 939 maechaben's
3532 902 3549 939 :
3582 886 3685 951 Qui
3710 886 3789 938 vi.

2190 962 2320 1019 derit
2348 966 2416 1019 ad
2453 970 2932 1039 concupiscentiam,
2958 973 3072 1042 jam
3102 974 3377 1031 iniec/tatus
3426 986 3498 1031 est
3543 978 3596 1031 in
3640 978 3793 1033 ccrde

2187 1056 2516 1129 suo(dlatth.
2543 1058 2610 1127 V,
2639 1061 2732 1127 27,
2759 1063 2875 1133 28);
2898 1073 2953 1119 et
2982 1081 3078 1134 pro
3101 1065 3223 1121 Non
3251 1065 3484 1123 occides:
3513 1069 3613 1137 Qui
3641 1071 3790 1127 dixe-

2188 1149 2253 1202 rit
2280 1151 2429 1218 fratri
2479 1169 2571 1207 suo
2622 1157 2952 1224 racha,‘reus
2997 1160 3090 1213 erit
3135 1160 3378 1232 gehennw
3408 1162 3533 1235 (Id.
3580 1160 3790 1236 XXII).

2191 1241 2383 1310 Qumre
2413 1257 2480 1298 an
2511 1244 2655 1300 salva
2684 1247 2754 1302 sit
2784 1249 2867 1304 lex
2900 1264 3006 1304 non
3051 1252 3353 1308 mmcbandi
3375 1296 3389 1317 ,
3438 1256 3522 1310 cui
3565 1259 3794 1315 accessit

2192 1349 2290 1397 nec
2318 1338 2750 1407 concupiscendi.
2781 1340 3077 1410 Caeterum,
3119 1345 3286 1412 siqua
3337 1347 3489 1421 vobis
3545 1352 3788 1421 exempla

2193 1428 2247 1483 in
2294 1429 2470 1485 sinuin
2504 1432 2779 1502 plaudent,
2804 1450 2908 1490 non
2936 1447 3273 1508 opponentur
3321 1438 3446 1496 huic
3492 1443 3793 1513 quamde-

2194 1521 2459 1579 I‘ondimus
2487 1524 2802 1597 disciplima.
2841 1527 3057 1586 Frustra
3083 1532 3225 1586 enim
3286 1532 3370 1589 lex
3424 1546 3788 1606 suprastructa

2193 1624 2295 1677 est,
2325 1616 2558 1685 origines
2584 1633 2797 1689 quoque
2824 1620 3169 1686 delictorum,
3200 1623 3251 1677 id
3280 1636 3361 1680 est
3405 1629 3791 1697 concupiscen-

2194 1710 2293 1763 tias
2323 1720 2375 1765 et
2406 1711 2726 1773 voluntates.
2763 1730 2865 1768 non
2926 1715 3103 1771 minus
3148 1733 3306 1787 quam
3362 1718 3496 1775 facta
3536 1721 3794 1778 condem-

2196 1817 2350 1868 nans,
2384 1804 2426 1857 si
2463 1802 2582 1861 ideo
2613 1805 2772 1860 hodie
2804 1807 3128 1864 concedetur
3177 1810 3422 1866 inmchize
3449 1812 3602 1868 venia
3629 1856 3642 1880 ,
3675 1814 3796 1883 quia

496 1902 674 1948 ni-stra
719 1907 858 1947 esse.
915 1892 989 1964 (ὁ)
1019 1891 1357 1948 Idololatram
1406 1893 1618 1963 quidem
1666 1904 1718 1949 et
1770 1892 2087 1949 homicidam
2119 1896 2167 1956 B
2196 1904 2247 1949 et
2280 1895 2566 1965 aliquando
2613 1898 2691 1967 (I)
2733 1913 2989 1954 concessa
3019 1911 3118 1956 est.
3167 1900 3275 1956 Cur
3300 1903 3668 1959 emolumento
3699 1905 3795 1958 lio-

496 1984 664 2040 semel
694 1984 937 2064 damnas,
972 1986 1237 2041 moechum
1266 2001 1393 2041 vero
1418 1984 1485 2042 de
1515 1986 1691 2042 medio
1715 1986 1936 2055 excipis,
1977 1984 2094 2041 ido-.

498 2078 723 2133 Iolalt’im
738 2092 1127 2146 successorem,
1148 2077 1428 2135 homicidae
1450 2090 1867 2147 antecessorem,
1892 2080 2087 2135 utrius-

499 2186 603 2242 que
631 2170 935 2243 collegam?
962 2170 1215 2228 Personae
1266 2173 1563 2244 acceptatio
1592 2182 1706 2243 est,
1740 2172 2091 2230 miserabilio-

501 2279 588 2321 res
617 2264 956 2336 pmuiteutias
977 2264 1257 2337 reliquisti.

1116 2358 1341 2416 CAPUT
1381 2359 1466 2415 VI.

576 2451 762 2520 Plane,
795 2452 839 2507 si
864 2451 1117 2508 ostendas
1144 2452 1213 2507 de
1242 2452 1433 2524 quibus
1481 2454 1789 2525 patrociniis
1814 2455 2095 2527 exemplo-

500 2562 640 2612 rum,
676 2554 1170 2618 pratceptorurnque
1197 2547 1516 2616 caelestium,
1549 2548 1646 2604 soli
1675 2550 1939 2616 mtecliim,
1963 2561 2016 2607 et
2042 2553 2095 2606 in

502 2656 566 2696 ea
597 2639 931 2695 fornicationi
962 2655 1205 2711 quoque,
1241 2641 1457 2712 januam
1516 2644 1839 2712 paruitentize
1892 2659 2094 2713 expan-

504 2732 621 2798 das,
650 2732 715 2789 ad
747 2732 883 2789 hanc
903 2731 1011 2803 jam
1032 2734 1225 2789 lineam
1258 2732 1532 2791 dimicahit
1561 2746 1739 2792 nostra
1766 2739 2096 2809 congressio.

509 2823 857 2881 Praescribam
910 2834 1088 2880 tamen
1136 2825 1225 2881 tibi
1277 2826 1501 2882 formam
1556 2843 1773 2883 necesse
1802 2839 1905 2894 est,
1938 2845 2004 2884 ne
2031 2829 2097 2884 ad

506 2923 685 2971 vetera
731 2930 945 2971 manum
977 2916 1209 2983 emittas,
1241 2932 1307 2972 ne
1336 2918 1385 2971 iu
1416 2928 1558 2989 terga
1603 2920 1876 2988 reSpicias.
1923 2920 2098 2975 Vetera

507 3006 648 3064 enim
681 3011 1009 3077 transierunt,
1052 3011 1342 3066 secundum
1377 3010 1583 3067 Esaiam
1616 3010 1758 3082 (Isa.
1790 3012 1973 3080 XLIII,
2008 3014 2095 3077 18.

509 3097 635 3172 19),
668 3109 723 3156 et
751 3100 881 3156 nova
919 3112 991 3156 est
1028 3104 1142 3174 jam
1183 3105 1384 3158 novalia
1427 3104 1720 3160 secundum
1777 3105 2096 3161 llieremiam

509 3193 641 3267 (Jer.
679 3194 766 3262 IV,
796 3196 886 3266 '5);
918 3205 973 3252 et
997 3196 1139 3251 obliti
1175 3199 1536 3268 posteriorum,
1568 3200 1633 3277 in.
1665 3201 1839 3269 priora
1882 3201 2098 3273 porrigi-

2194 1988 2281 2042 dic
2312 1987 2551 2057 pleniore
2580 1989 2861 2061 disciplina
2890 2001 3198 2058 coercetur,
3231 1994 3330 2047 nisi
3363 2002 3419 2049 ut
3446 1995 3648 2065 majore
3688 1997 3797 2050 l'or-

2197 2082 2336 2135 sitan
2367 2081 2630 2138 lenocinio
2659 2093 2749 2139 tuo
2776 2084 3156 2157 indulgeatur?
3189 2087 3345 2143 Dabis
3372 2103 3498 2160 ergo
3544 2097 3601 2145 et
3626 2089 3798 2144 idolo-

2194 2176 2367 2240 latrim
2397 2184 2451 2231 et
2474 2177 2618 2232 omni
2666 2186 2925 2247 apostatze
2975 2180 3218 2245 veniam,
3266 2180 3387 2251 quia
3434 2190 3501 2236 et-
3542 2182 3800 2252 populum

2196 2269 2368 2339 ipsum
2389 2270 2580 2325 totiens
2596 2285 2743 2325 reum
2761 2269 2834 2340 (c)
2861 2271 3103 2336 istorum,
3133 2272 3328 2328 totiens
3342 2272 3640 2329 invenimus
3657 2284 3801 2331 retro

2197 2363 2496 2418 restitutum
2530 2356 2726 2437 (Judir.
2760 2363 2827 2419 Ill
2849 2406 2862 2429 ,
2896 2363 3051 2437 sqq).
3081 2363 3516 2420 Communicahis
3542 2375 3595 2420 et
3625 2365 3798 2422 homi-

2200 2454 2364 2520 cidre;
2398 2454 2518 2526 quia
2568 2464 2619 2508 et
2661 2454 2921 2510 Nabothre
2953 2446 3264 2525 sanguinem
3310 2455 3497 2512 Achab
3536 2456 3800 2528 depreca-

2202 2547 2345 2602 tione
2370 2547 2560 2603 delevit
2580 2547 2667 2622 (Ill
2709 2549 2836 2619 Reg.
2874 2547 3014 2615 XXI,
3053 2548 3169 2620 29);
3203 2548 3363 2603 David
3393 2547 3536 2605 Uria:
3564 2548 3799 2618 caedem,

2203 2648 2313 2695 tum
2367 2656 2609 2696 caussam
2678 2642 2793 2710 ejus
2848 2641 3132 2698 mtechiam
3182 2641 3260 2715 (ἂ)
3303 2640 3638 2697 confessione
3680 2658 3803 2713 pur-

2200 2733 2343 2804 gavit
2368 2731 2435 2806 (Il
2474 2733 2602 2806 Reg.
2650 2735 2768 2800 XII,
2796 2735 3036 2807 15).Jain
3064 2744 3117 2790 et
3142 2736 3339 2791 incesta
3370 2734 3612 2800 donabis,
3640 2750 3803 2808 prop-

2205 2836 2286 2880 ter
2313 2826 2448 2881 Loth
2481 2826 2631 2900 (Gen.
2669 2827 2822 2892 XIX,
2862 2830 2951 2892 55,
3000 2827 3123 2898 55);
3169 2838 3221 2882 et
3255 2827 3631 2883 fornicationes
3679 2843 3801 2883 cum

2204 2920 2426 2987 incesto,
2462 2930 2676 2990 propter
2699 2920 2888 2975 .ludam
2919 2920 3070 2992 (Gen.
3093 2918 3383 2985 XXXVIII,
3417 2919 3597 2991 18),et
3624 2929 3803 2990 turpes

2203 3014 2269 3068 de
2295 3015 2666 3084 prostitutione
2695 3014 2901 3085 nuptias
2921 3054 2936 3080 ,
2960 3023 3180 3085 promer
3196 3012 3335 3069 Osce
3354 3011 3499 3085 (οδε.
3528 3012 3577 3077 l,
3609 3013 3673 3076 2,
3704 3013 3759 3084 5)
3786 3054 3802 3081 ,

2204 3118 2257 3164 et
2300 3114 2403 3162 non
2429 3116 2629 3161 tantum
2664 3106 3053 3177 Irequcntalas,
3087 3120 3273 3159 verum
3317 3113 3372 3160 et
3409 3103 3573 3159 semel
3623 3103 3802 3174 plures

2208 3208 2423 3269 propter
2446 3209 2619 3268 patres
2645 3208 2855 3253 nostros
2886 3195 3035 3270 (Gen.
3061 3195 3199 3275 XVI,
3218 3197 3273 3261 5,
3296 3195 3360 3259 4;
3390 3192 3799 3267 XXIX,XXX).

506 3304 641 3355 τηαν,
672 3288 964 3345 secundum
997 3290 1310 3361 Apostolum
1342 3291 1564 3365 (Philip.
1596 3291 1698 3357 Ill,
1727 3292 1861 3362 I5);
1905 3303 1958 3350 et
2002 3293 2109 3350 Lex
2135 3286 2180 3349 C
2215 3293 2406 3364 Utique
2426 3293 2569 3348 enim
2597 3292 2812 3363 dignum
2834 3300 2916 3347 est
2938 3284 3231 3362 pera'quari
3264 3304 3404 3343 nunc
3430 3302 3642 3359 quoque
3681 3302 3803 3356 gra-

510 3392 557 3437 et
586 3381 858 3455 Propheta:
884 3400 1041 3456 usque
1069 3388 1135 3439 ad
1173 3386 1452 3453 Joannem,
1479 3387 1769 3443 secundum
1817 3388 2096 3442 Dominum

512 3472 727 3547 (Matth.
779 3475 881 3541 XI,
918 3476 1002 3550 15)
1040 3496 1051 3533 :
1086 3495 1228 3544 nam,
1259 3488 1313 3534 et
1355 3479 1400 3534 si
1446 3496 1565 3536 cmn
1623 3481 1853 3536 maxime
1903 3498 1930 3534 a
1985 3482 2099 3552 lege

508 3570 768 3641 cmpimus
822 3568 1239 3628 demonstrando
1294 3573 1609 3641 moeclriam,
1672 3577 1862 3631 merito
1914 3578 1983 3632 ab
2035 3592 2099 3631 eo

507 3670 647 3719 'statu
670 3662 823 3735 legis,
856 3681 1014 3736 quem
1044 3665 1288 3723 Christus
1313 3684 1417 3724 non
1444 3651 1718 3737 dissolvit,
1764 3669 1856 3724 sed
1908 3670 2099 3740 imple-

507 3759 582 3813 vit
609 3757 819 3832 (lllattlt.
851 3759 916 3824 V,
947 3759 1058 3832 I7).
1088 3760 1261 3816 Oncra
1290 3763 1433 3817 enim
1466 3762 1597 3834 legis
1646 3776 1812 3833 usque
1842 3761 1907 3816 ad
1935 3761 2100 3818 Joan-

506 3868 628 3909 nem
650 3895 665 3920 ,
712 3868 819 3908 non
870 3853 1135 3938 remedia;
1168 3871 1389 3926 operum
1414 3856 1537 3928 juga
1590 3857 1786 3924 rejecta
1816 3870 1961 3925 sum,
1994 3875 2099 3914 non

504 3952 903 4023 disciplinarum
936 3972 949 4009 :
989 3954 1206 4013 libertas
1242 3955 1294 4010 in
1330 3954 1547 4011 Christo
1609 3971 1713 4011 non
1770 3956 1889 4013 fecit
1942 3958 2097 4012 inno-

504 4044 692 4098 centia:
718 4044 987 4114 injuriam.
1021 4045 1196 4102 Manet
1226 4047 1311 4102 lex
1344 4054 1450 4102 tota
1478 4048 1686 4118 pit-tatis
1708 4092 1721 4117 ,
1768 4050 2093 4114 sanctitatis,

507 4120 874 4205 humanitatis,
908 4138 1167 4209 veritatis,
1198 4140 1460 4196 castitatis
1480 4183 1495 4207 ,
1524 4141 1766 4211 juStitim,
1798 4143 2101 4198 misericor-

506 4227 637 4295 diae,
677 4218 1096 4297 benevolentiae,
1160 4231 1444 4301 pudicitiae.
1500 4234 1554 4288 In
1605 4249 1706 4305 qua
1751 4235 1866 4304 lege
1928 4235 2100 4290 beatus

505 4323 580 4377 vir
597 4324 685 4395 qui
707 4323 1031 4379 meditabitur
1069 4325 1153 4380 die
1189 4343 1249 4380 ac
1278 4336 1422 4381 nocte
1462 4327 1632 4401 (Psal.
1665 4327 1705 4395 I,
1740 4327 1816 4401 I).
1873 4329 1949 4384 De
1996 4345 2100 4401 qua

506 4415 645 4472 idem
682 4414 847 4470 David
877 4431 1094 4472 rursus:
1138 4417 1245 4473 Lex
1268 4417 1478 4474 Domini
1504 4422 1936 4493 invituperabilis,
1980 4440 2102 4477 con—

498 4519 698 4565 vertens
718 4509 954 4575 animos;
980 4512 1100 4580 iura
1117 4511 1328 4567 Domini
1348 4514 1562 4581 directa,
1586 4515 1891 4570 oblectantia
1911 4518 2101 4581 corda;

496 4612 808 4675 pra'ceptum
862 4601 1071 4656 Domini
1127 4604 1274 4675 longe
1320 4605 1520 4672 lucens,
1571 4608 1883 4663 inluminans
1929 4608 2103 4662 oculos

2207 3389 2332 3443 tiam
2360 3387 2500 3443 circa
2528 3386 2706 3440 omnia
2739 3396 2884 3439 retro
2912 3382 3111 3437 indulta
3130 3425 3143 3448 ,
3180 3383 3224 3436 si
3251 3380 3317 3436 de
3370 3380 3595 3450 pristino
3623 3377 3804 3450 aliquo

2204 3483 2448 3552 exemplo
2476 3480 2631 3536 venia
2663 3460 2906 3533 mmchirc
2935 3475 3251 3531 vindicatur.
3288 3472 3556 3529 Habemus
3584 3471 3802 3542 quidem

2203 3588 2257 3632 et
2284 3591 2379 3631 nos
2404 3572 2644 3643 ejusdem
2676 3571 2954 3627 vetustatis
2980 3567 3222 3637 exempla
3252 3581 3349 3638 pro
3374 3563 3638 3621 sententia
3676 3578 3804 3617 uos-

2206 3680 2308 3738 tra,
2341 3685 2445 3723 non
2480 3666 2639 3722 modo
2670 3679 2773 3720 non
2805 3661 3012 3727 indulti,
3036 3675 3221 3716 verum
3242 3657 3402 3713 etiam
3431 3652 3803 3727 repraesentati

2200 3764 2383 3836 judicii
2410 3759 2489 3834 (ά.)
2523 3757 2888 3815 fornicationis
2913 3754 3063 3828 (Gen.
3103 3751 3246 3820 XIX,
3261 3751 3362 3817 24,
3390 3747 3504 3833 28).
3537 3748 3601 3803 Et
3626 3747 3805 3816 utique

2203 3854 2616 3915 sufﬁcittautum
2634 3866 2910 3907 numerum
2928 3847 3108 3920 viginti
3132 3857 3364 3919 quatuor
3385 3844 3608 3899 millium
3627 3841 3806 3911 pepuli

2205 3950 2515 4008 fornicantis
2536 3951 2587 4002 in
2608 3946 2739 4002 tilias
2763 3945 2916 4000 Moab
2940 3959 3040 3999 una
3061 3944 3208 4012 plaga
3231 3940 3403 3995 ruisse
3427 3928 3614 4011 (Nam.
3637 3936 3805 4001 XXV,

2206 4046 2257 4110 I,
2283 4043 2439 4115 δαίμ).
2470 4040 2573 4096 Sed
2603 4037 2744 4094 malo
2770 4039 2823 4093 in
2865 4035 3087 4108 gloriam
3118 4032 3311 4088 Christi
3340 4045 3368 4085 a
3394 4027 3607 4085 Christo
3632 4027 3803 4082 dedu-

2204 4153 2325 4193 cere
2340 4133 2694 4204 disciplinam.
2715 4128 3005 4185 Ilabucriut
3031 4126 3254 4198 pristina
3284 4132 3521 4192 tempora
3540 4120 3608 4192 (ε)
3631 4122 3806 4176 onmis

2207 4227 2572 4301 impudicitiae,
2602 4225 2645 4282 si
2702 4225 2889 4279 volunt
2939 4219 3204 4292 Psychiri,
3260 4218 3420 4274 etiam
3454 4222 3803 4285 potestatem;

2206 4325 2392 4381 luserit
2415 4330 2539 4376 ante
2562 4317 2831 4373 Christum
2855 4314 3027 4385 (caro,
3060 4313 3166 4366 imo
3199 4309 3417 4382 perierit
3445 4318 3732 4376 antequam
3767 4319 3799 4358 a

2209 4417 2434 4473 Domino
2477 4429 2573 4467 suo
2619 4410 2869 4481 requisita
2899 4417 3016 4468 est;
3048 4404 3282 4461 nondmn
3315 4411 3431 4456 crat
3460 4401 3615 4471 digna
3658 4399 3806 4454 ‘dono

2206 4509 2421 4573 salutis,
2454 4504 2685 4560 nondum
2731 4510 2850 4570 apta
2904 4498 3083 4553 ofﬁcio
3134 4495 3450 4552 sanctitatis.
3511 4492 3703 4546 Adhuc
3753 4491 3806 4545 in

2211 4604 2374 4659 Adam
2440 4597 2793 4668 deputabatur
2849 4608 2968 4646 cum
3029 4605 3127 4645 suo
3191 4586 3363 4649 vitio,
3431 4578 3585 4637 facile
3653 4581 3796 4651 quod

505 4667 677 4764 (Psal;
713 4695 911 4765 XVIII,
940 4698 975 4754 8
998 4710 1043 4754 et
1064 4667 1337 4770 sqq.).vSic
1365 4711 1418 4755 et
1444 4667 1728 4771 Apostolus
1760 4722 1771 4754 :
1813 4700 1987 4772 Itaque
2015 4702 2096 4755 [ex
2122 4684 2174 4743 Ῑ)
2201 4696 2500 4766 speciosqu
2575 4688 2778 4743 Videl'ﬂl
2862 4683 3284 4772 00‘1cl'lti50‘3nsv_
3321 4687 3382 4772 f‘
3451 4674 3518 4729 ad
3593 4674 3809 4772 ίξτξθνίυ·
3830 4667 3843 4680 .

503 4788 705 4858 quidem
734 4799 911 4844 sancta
940 4800 1031 4857 est,
1065 4800 1109 4845 et
1140 4803 1448 4864 praeceptum
1486 4806 1715 4850 sanctum
1742 4806 1787 4848 et
1815 4795 2095 4864 Optimum;

2203 4806 2260 4847 ra
2316 4784 2638 4855 respiciens,
2709 4789 2790 4835 et.
2825 4777 2894 4833 de
2958 4774 3197 4831 ﬁculneis
3264 4769 3405 4826 foliis
3460 4768 3811 4855 (pruriginem

1728 4929 2113 4987 LECTIONES
2150 4921 2567 4984 VARIANTES.

565 5068 639 5135 (t)
672 5069 851 5134 Aliqua
869 5071 1010 5121 Pam.
1036 5068 1185 5123 Rhea.
1209 5070 1404 5124 Oberth.

2270 5062 2344 5132 (2)
2378 5062 2496 5115 Cum
2520 5070 2663 5110 causa
2688 5057 2794 5119 ejus
2816 5052 3022 5105 moechis
3049 5050 3198 5103 Ithen.
3226 5052 3367 5101 Pam.
3391 5047 3592 5101 Oberth.
3613 5050 3755 5114 Leop.

1903 5175 2458 5238 COMMENTARIUS.

582 5296 681 5369 (a)_
703 5297 841 5363 Quid
869 5298 980 5368 agis
1005 5297 1304 5352 mollissima
1348 5307 1391 5351 et
1413 5286 1777 5353 humanissima
1805 5296 2095 5369 disciplina.

503 5367 600 5428 Sic
618 5367 741 5440 alibi
762 5367 913 5436 dicit,
938 5370 1215 5424 laxissima:
1257 5369 1544 5440 disciplina:
1566 5384 1840 5440 icampum.
1868 5367 2092 5440 [licen-

506 5439 669 5498 trario
718 5455 876 5494 sensu
927 5440 1252 5507 Augustinus
1302 5437 1397 5494 libi
1436 5440 1500 5494 de
1556 5439 1686 5494 Fide
1723 5449 1771 5492 et
1812 5437 2094 5509 operibus:

506 5517 784 5568 Antiquam
805 5521 849 5565 et
874 5511 1135 5565 robustum
1162 5527 1370 5566 morem.
1405 5511 1519 5566 ΒιαΔ

576 5527 624 5568 m
660 5527 784 5564 num
805 5527 849 5565 et
874 5527 1135 5565 roonstum
1162 5527 1370 5566 morem.
1405 5527 1519 5566 ιίιθΔ

576 5527 658 5658 (li)
684 5580 1018 5658 Idololatram
1044 5584 1246 5658 quidem
1267 5593 1317 5658 et
1335 5581 1641 5636 homicidam
1660 5580 1814 5658 semel
1825 5651 1836 5658 ι
1852 5580 2089 5658 damnas:

503 5649 778 5723 lps‘e'iufra
814 5672 825 5708 :
854 5651 1033 5722 Neque
1055 5652 1383 5715 idotolatriae,
1409 5670 1566 5723 neque
1601 5651 1836 5722 sanguini
1885 5666 1988 5718 pax
2032 5649 2094 5703 ab

506 5725 749 5783 Ecclesiis
787 5725 1034 5780 redditur.
1081 5725 1203 5782 Rus.
1245 5754 1316 5764 ——
1348 5724 1443 5780 Hic
1496 5723 1851 5779 calmnuiatur
1904 5730 2090 5776 auctor

501 5797 555 5854 in
581 5796 936 5859 orthodoxos,
966 5805 1216 5865 tanquam
1247 5795 1292 5850 si
1326 5794 1680 5850 idololatriam
1703 5791 2084 5848 ethomicidam

501 5871 566 5927 ad
592 5866 953 5938 ptenitentiam
979 5882 1085 5938 non
1104 5865 1469 5938 admitterent.
1500 5865 1638 5921 Pan.

571 5935 729 6002 CAP.
774 5935 862 5994 VI.
890 5968 962 6010 e—
986 5936 1056 6010 (c)
1093 5937 1351 6009 Populum
1402 5939 1571 6009 ipsum
1596 5937 1776 5993 totiens
1799 5949 1961 5999 reum,
1985 5941 2091 5992 etc.

2203 5291 2336 5350 Utut
2376 5254 2593 5344 eludere
2615 5285 2812 5339 nitatur
2833 5289 3049 5346 auctor,
3079 5288 3224 5335 certe
3255 5287 3305 5333 et
3327 5277 3409 5333 his
3432 5277 3559 5349 ipsis
3585 5284 3810 5350 ttlttnlrtt‘

2205 5346 2264 5417 II.
2306 5360 2622 5433 Cyprianus,
2658 5357 2716 5410 Β.
2749 5354 3010 5408 Pacianus
3054 5362 3107 5405 et
3136 5350 3196 5405 B.
3229 5346 3494 5433 Iliorum}.
3528 5346 3606 5401 uti
3635 5347 3812 5431 paeni-

2203 5420 2423 5490 tentiam
2467 5429 2706 5485 omnium
2754 5434 3098 5493 peccatorum
3147 5421 3490 5493 quantumvis
3559 5420 3806 5485 graviqu

2199 5507 2521 5560 conﬁrment
2551 5492 2807 5553 adversus
2850 5495 3204 5557 Novatiauos;
3234 5502 3285 5545 ct
3318 5492 3431 5561 ipse
3450 5492 3648 5543 Auctor
3669 5507 3810 5561 quo-

2198 5559 2301 5647 que
2328 5572 2593 5643 exemplis
2620 5568 2803 5647 Achab
2837 5576 2891 5619 et
2932 5564 3126 5628 David,
3152 5562 3245 5618 lib.
3288 5559 3599 5616 V‘adcersus
3659 5559 3807 5614 Mar-

2197 5639 2414 5706 cioncm.
2446 5639 2565 5714 cap.
2612 5643 2701 5697 ‘ll.
2742 5639 2894 5714 Pan.

2266 5718 2345 5791 (d)
2381 5703 2750 5791 Reprazsenlati
2791 5709 2999 5791 iudicii.
3036 5704 3303 5791 éccipitur
3333 5703 3417 5756 hic
3454 5703 3801 5771 repra’seutati

2162 5820 2171 5827 ι
2196 5778 2291 5861 pro
2321 5778 2389 5843 (id
2413 5778 2732 5861 prtesen‘tiam
2755 5778 2980 5861 adducti.
3037 5778 3147 5832 I’Au

2264 5842 2361 5931 (c)“
2385 5842 2669 5931 Habuerint
2697 5853 3187 5931 pristiuahtempara,
3218 5853 3321 5902 etc.
3368 5842 3541 5899 Etiam
3586 5843 3674 5898 hic
3700 5860 3791 5900 or-

2198 5922 2462 5989 thodoxos
2489 5924 2859 5988 calomniatur.
2906 5922 3044 5977 Pan.
