4006 6280
148 284 246 343 99!
356 238 363 243 ’
1554 283 1762 344 TERTI

1871 284 2019 350 .IANI
3352 286 3458 346 992

150 406 407 462 retinens.
449 404 524 480 (a)
555 404 848 463 [obterebat
895 418 1274 476 usquequaque
1302 403 1537 460 libidinis
1575 407 1738 468 virus,
1771 410 1823 467 Α
1848 406 2000 460 adea
2043 419 2160 478 qure
2206 396 2514 477 provocant.
2542 406 2894 473 Provocabat,
2948 414 3005 463 ut
3042 408 3255 480 Opinor,
3306 374 3451 479 quod

150 510 205 552 et
264 500 416 568 iacta:
456 497 535 570 (I)
587 498 774 554 sordes
825 513 928 553 non
991 497 1132 552 ablui
1181 497 1262 570 (ς)
1307 497 1551 565 idoneae,
1603 500 1742 568 quod

153 607 251 647 nec
285 595 409 660 ipsa:
428 590 603 645 adhuc
626 606 778 662 aquae
808 590 1067 646 laverant.
1098 590 1167 644 At
1189 589 1277 643 ubi
1305 604 1481 645 sermo
1507 590 1597 645 Dei
1623 591 1741 644 des-

215 694 326 748 ndit
348 693 398 748 itt
426 707 665 757 carnem,
695 706 760 746 ne
798 691 996 761 nuptiis
1032 688 1245 761 quidetn
1298 688 1613 758 resignatam
1643 686 1742 761 (b),

150 795 204 844 et
235 786 415 842 Sermo
438 800 557 855 caro
583 784 747 857 facta:
783 793 856 838 est
894 782 1026 853 (10.,
1062 781 1099 850 Ι,
1143 783 1259 850 II),
1289 796 1357 837 ne
1395 781 1594 853 nuptiis
1622 783 1743 854 qni-

150 879 270 936 dem
303 860 616 950 resignauda
644 894 659 943 ;
690 892 809 948 qua:
837 875 902 957 ad
928 875 1152 946 lignum,
1183 889 1287 930 non
1317 875 1741 940 incontinentiae,

151 971 244 1027 scd
270 969 565 1026 tolerantiae
585 970 894 1033 accederet;
931 984 1051 1037 qute
1079 982 1183 1022 non
1214 968 1373 1023 dulce
1396 969 1621 1039 aliquid,
1650 969 1743 1023 sed

151 1077 392 1119 amarum
413 1062 609 1132 aliquid
632 1059 710 1134 (5)
734 1061 855 1116 iade
868 1070 1101 1131 gustaret
1119 1074 1134 1125 ;
1152 1074 1270 1131 qtae
1297 1075 1401 1115 non
1429 1061 1494 1115 ad
1521 1060 1742 1129 inferos,

151 1157 243 1213 sed
274 1156 340 1211 ad
367 1156 561 1212 caelum
593 1155 914 1226 pertineret;
957 1170 1075 1225 qum
1104 1171 1209 1210 non
1258 1154 1488 1210 lascivia:
1546 1157 1744 1211 frondi-

150 1249 271 1318 bas,
303 1249 398 1306 sed
445 1249 813 1305 sanctimonia:
857 1248 1077 1303 florilms
1128 1248 1574 1318 praecingeretnr;
1629 1264 1748 1319 qua!

151 1341 439 1398 munditias
466 1356 590 1397 suas
610 1342 760 1413 aquis
789 1340 1022 1395 tradi-ret
1058 1338 1160 1415 (c);
1199 1340 1391 1396 exinde
1441 1355 1567 1395 caro
1600 1334 1749 1411 quaiJ

152 1448 380 1505 cumque
431 1434 485 1488 in
524 1433 742 1489 Christo
786 1433 1016 1503 reliquas
1060 1432 1247 1488 sordes
1275 1433 1525 1504 pristinas
1563 1433 1749 1499 solvit,

152 1528 255 1583 alia
292 1528 402 1597 jam
451 1541 537 1582 res
561 1535 665 1593 est,
701 1541 834 1581 nova
876 1526 1103 1595 emergit
1138 1526 1268 1595 jam,
1300 1540 1404 1580 non
1433 1541 1498 1580 ex
1528 1526 1750 1583 seminis

154 1622 283 1686 imo,
309 1635 414 1674 non
442 1635 507 1675 ex
534 1619 983 1689 concupiscentize
1025 1618 1171 1685 limo,
1206 1618 1300 1673 sed
1327 1633 1396 1673 ex
1437 1606 1573 1689 aqua
1618 1634 1749 1688 pura

153 1713 415 1783 ctspiritu
442 1711 662 1767 mundo.
704 1711 840 1778 Quid
864 1713 1040 1782 itaque
1068 1711 1209 1765 illam
1239 1711 1305 1767 de
1337 1712 1560 1781 pristino
1587 1727 1751 1767 excu-

1851 501 2105 556 I’harismi
2133 501 2441 570 publicanos
2480 510 2535 556 et
2560 508 2866 571 peccatores
2892 499 3138 557 ethnicos
3166 500 3456 556 admitten-

1852 604 1956 647 tem
1987 594 2291 659 Dominum,
2322 602 2375 648 et
2419 608 2541 648 cum
2569 594 2672 649 illis
2699 593 2767 650 (le
2793 594 2936 648 victu
2967 594 3453 650 cotntnnnicamcnt

1852 685 2107 757 indignati
2130 687 2479 742 mussitabant
2511 685 2746 759 (Malm,
2778 686 2874 754 IX,
2908 686 3023 760 II).
3052 688 3129 742 .-\tl
3161 687 3263 743 hoc
3285 688 3455 744 Domi-

1850 792 1951 833 nus
1997 778 2214 847 pecudis
2247 778 2471 849 perdita:
2514 779 2905 835 restitutionem
2938 780 3022 834 cui
3068 781 3160 835 alii
3209 781 3451 853 conligu-

1850 887 1999 926 rasse
2022 871 2322 927 credendus
2371 870 2454 944 (4)
2506 880 2609 937 est,
2647 887 2807 942 quam
2860 871 3078 929 etlmico
3118 873 3347 944 perdito,
3386 874 3455 931 de

1850 978 1956 1033 quo
1983 964 2278 1032 agi-batur;
2330 979 2439 1018 non
2487 964 2553 1019 de
2593 964 2916 1031 christiano,
2947 966 3034 1035 qui
3062 966 3455 1024 adhucncmo?

1850 1065 1943 1111 aut
1972 1056 2128 1126 quale
2155 1065 2256 1124 est,
2288 1066 2345 1111 ut
2373 1057 2628 1112 Dominus
2658 1056 2812 1128 quasi
2842 1058 3119 1115 cavillator
3146 1060 3452 1131 responsio-

1854 1151 1957 1216 nis,
2020 1151 2215 1206 omissa
2280 1151 2460 1221 specie
2495 1151 2746 1222 praesenti
2802 1167 2960 1222 quam
2994 1164 3330 1223 repercutere
3357 1155 3453 1210 de-

1853 1241 2021 1307 heret,
2052 1242 2118 1296 de
2160 1240 2335 1297 futura
2374 1241 2620 1299 laboret?
2649 1242 2756 1299 Sed
2806 1244 2921 1299 ovis
2951 1245 3165 1316 proprie
3192 1245 3452 1303 Christia-

1854 1351 1976 1403 nus,
2005 1346 2055 1391 et
2087 1352 2215 1409 grex
2248 1337 2456 1393 Domini
2489 1338 2743 1394 Ecclesia:
2776 1339 3024 1410 pupulus,
3067 1350 3125 1407 et,
3146 1353 3327 1413 pastor
3363 1342 3456 1398 bo.

1854 1444 1955 1484 nns
2008 1429 2252 1486 Christus
2301 1429 2453 1503 (Jo.,
2487 1430 2558 1496 X,
2610 1433 2700 1497 Il,
2752 1433 2819 1486 Μ
2866 1442 2914 1487 et
2963 1436 3131 1506 seqq.)
3173 1453 3185 1487 :
3232 1446 3287 1490 et
3336 1435 3455 1491 ideo

1853 1522 2183 1578 christianos
2257 1524 2307 1578 in
2364 1538 2464 1579 ove
2527 1522 2607 1598 (5)
2658 1525 3037 1596 intelligendus
3103 1523 3204 1599 (6),
3247 1527 3336 1597 qtti
3389 1528 3457 1583 ah

1856 1615 2111 1671 Ecclesiae
2137 1631 2300 1687 grege
2329 1617 2608 1673 erraverit.
2638 1616 2779 1688 Ergo
2807 1616 2937 1671 nihil
2966 1617 3032 1672 ad
3060 1617 3455 1674 Pharisaeorum

1856 1708 2279 1762 mussitationet‘n
2302 1709 2649 1779 reapondisse
2675 1710 2756 1764 vis
2780 1710 3083 1775 Dominum,
3106 1709 3198 1766 sed
3227 1709 3292 1765 ad
3315 1719 3457 1766 tuam

154 1805 280 1860 sas?
309 1804 423 1859 Non
453 1801 533 1877 (ιΙ)
559 1819 743 1875 corpus
773 1803 979 1867 Christi,
1027 1818 1132 1858 non
1163 1804 1387 1858 membra
1407 1802 1616 1871 Christi,
1648 1819 1754 1859 non

1871 1803 2357 1873 praesumptionem.
2395 1802 2462 1858 Et
2484 1812 2660 1859 tamen
2683 1804 2753 1859 ita
2781 1818 2901 1859 eam
2929 1803 3204 1859 vindicare
3241 1800 3462 1859 debebis

154 1899 395 1967 templum
425 1896 518 1951 Dei
545 1898 831 1952 vocabatur
878 1896 897 1971 (
925 1893 1108 1960 ICor.,
1137 1895 1253 1963 XII,
1284 1896 1375 1963 27;
1406 1895 1494 1964 VI,
1528 1897 1618 1963 15,
1644 1897 1747 1963 I9;

156 1989 199 2044 ll
236 1989 379 2056 Con,
409 1988 493 2057 VI,
525 1988 636 2059 16).
656 2004 776 2045 cum
798 1989 1003 2043 veniam
1027 1988 1272 2045 machina
1294 1991 1742 2060 consequebatur.

1855 1903 1913 1949 ut
1936 1909 2096 1963 neges
2123 1895 2173 1948 in
2204 1895 2477 1950 etlmicum
2507 1903 2840 1965 competere,
2867 1909 2988 1967 quae
3016 1896 3067 1950 iu
3109 1893 3461 1950 christianum

1857 1989 2131 2045 existimas
2150 1988 2465 2044 convenire.
2489 1988 2582 2045 Dic
2619 1988 2976 2062 mihi,_tmp_n_e
3000 2003 3161 2060 omne
3186 1975 3463 2042 hominum
3507 2053 3527 2063 -

3096 2052 3471 2062 W

156 2082 359 2153 Itaque,
391 2081 437 2136 si
487 2081 678 2136 exinde
716 2095 821 2151 quo
864 2090 1057 2136 statum
1092 2081 1273 2147 vertit,
1304 2090 1360 2137 et
1394 2082 1447 2136 in
1473 2080 1747 2137 Christum
1853 2083 2595 2162 gettttsunpspeig_re£gst3
2631 2097 2812 2138 nonne
2835 2082 3204 2138 universarum
3227 2081 3464 2151 gentium

156 2175 317 2230 tincta
369 2173 537 2228 iu'dnit
581 2172 851 2228 Christum
891 2173 1060 2246 (Gal.,
1092 2172 1182 2238 IIl,
1209 2172 1324 2246 27),
1355 2180 1409 2229 et
1432 2168 1625 2243 magno
1671 2191 1753 2229 rc-

155 2269 371 2338 dempta
397 2277 479 2323 est
500 2266 554 2339 (I
575 2264 718 2333 Con,
750 2267 838 2332 Vl,
865 2266 981 2338 20),
1005 2267 1263 2337 sanguine
1289 2266 1497 2321 scilicet
1531 2267 1747 2322 Domini

156 2370 212 2417 ct
256 2361 387 2432 Agni
420 2359 462 2435 (1
500 2359 664 2426 l’etr.,
709 2362 747 2427 I,
788 2359 894 2431 l9),
954 2370 1102 2414 tenes
1151 2359 1363 2430 aliquod
1415 2361 1747 2430 exemplum,

158 2455 271 2515 sive
300 2463 645 2523 pr.cceptu_m,
671 2453 784 2507 sive
806 2454 1054 2520 formam,
1087 2453 1199 2507 sive
1226 2454 1543 2508 sententiam
1573 2454 1752 2508 indul-

161 2558 227 2604 ta:
267 2549 377 2603 sive
409 2546 745 2619 indulgendte
772 2546 1133 2601 fornicationis
1158 2556 1316 2619 atque
1347 2548 1620 2616 mcechite;
1663 2550 1756 2602 ha-

160 2641 256 2696 bes
280 2643 441 2696 etiam
469 2642 725 2711 temporis
767 2655 796 2693 a
841 2640 994 2696 nobis
1024 2639 1408 2707 definitionem,
1434 2657 1496 2696 ex
1529 2658 1634 2711 quo
1660 2642 1753 2697 de-

160 2744 375 2807 putetur
410 2744 540 2791 tetas
560 2735 890 2804 f|ll:PSlI0llIS.

766 2827 875 2883 CAI
896 2819 990 2884 UT
1042 2828 1152 2886 VII.

234 2922 275 2977 A
313 2921 576 2992 parabolis
600 2921 1043 2994 lieebitincipias,
1074 2924 1160 2978 ubi
1191 2933 1271 2979 est
1313 2925 1429 2980 ovis
1479 2925 1681 2993 perdita
1728 2939 1754 2977 a

162 3013 390 3069 Domino
418 3013 693 3084 requisita,
721 3022 775 3068 et
805 3012 1046 3069 humeris
1077 3015 1192 3086 ejus
1221 3026 1429 3071 revecta
1454 3014 1604 3089 (an.
1637 3015 1755 3082 XV,

161 3106 198 3162 4
225 3114 271 3159 el
300 3104 482 3176 seqq).
527 3104 821 3161 I’rncedant
864 3106 993 3175 ipsa:
1022 3104 1091 3178 (e)
1125 3106 1345 3176 pictura:
1374 3109 1596 3163 calicum
1644 3125 1761 3165 vcs-

1855 2175 1996 2230 idem
2025 2177 2161 2231 Deus
2188 2187 2241 2232 et
2262 2178 2528 2232 'ltominus
2552 2185 2606 2231 et
2638 2183 2821 2246 pastor
2846 2175 2964 2231 est?
2994 2177 3113 2246 quis
3140 2175 3307 2246 magis
3332 2177 3469 2247 perit

1855 2283 1882 2320 a
1919 2268 2048 2336 Deo,
2076 2283 2233 2338 quam
2275 2268 2520 2323 etlmicns
2546 2267 2805 2339 quamdiu
2834 2268 3025 2323 errat?
3052 2268 3172 2339 quis
3193 2268 3361 2338 magis
3386 2282 3471 2322 re-

1855 2362 2083 2433 quiritur
2102 2381 2129 2416 a
2149 2364 2276 2429 Deo,
2292 2378 2451 2435 quant
2465 2361 2733 2427 ethnicus,
2747 2361 2962 2432 quando
2977 2362 3297 2417 revocatu'ra
3313 2360 3469 2417 Chri-

1856 2456 1976 2508 sto?
2011 2454 2264 2526 lieni-pte,
2294 2454 2558 2510 πηιθουάἰι
2596 2453 2681 2509 hic
2710 2454 2843 2509 ordo
2865 2455 2917 2509 in
2938 2454 3189 2521 ethnicis,
3205 2452 3468 2525 siquidem

1859 2546 2132 2600 nonaliter
2147 2546 2420 2617 christiani
2439 2561 2502 2600 ex
2524 2544 2753 2600 ethnicis
2777 2544 2909 2599 fiunt
2927 2586 2941 2609 ,
2973 2545 3071 2600 nisi
3094 2545 3238 2615 prius
3255 2542 3468 2616 perditi,

1858 2650 1911 2696 et
1927 2654 1955 2693 a
1983 2639 2090 2695 Deo
2103 2639 2368 2710 rcquisiti,
2390 2648 2488 2695 cta
2512 2638 2726 2694 Christo
2751 2638 3027 2709 reportati.
3048 2637 3124 2692 Ita
3147 2637 3306 2692 etiam
3328 2636 3472 2692 hunc

1858 2731 2103 2786 ordinem
2120 2731 2318 2786 servari
2337 2739 2577 2801 oportet,
2597 2741 2656 2785 ut
2673 2731 2725 2786 iu
2745 2745 2840 2786 eos
2863 2730 2967 2785 tale
2991 2730 3189 2800 aliquid
3213 2731 3473 2799 interpre.
3503 2740 3507 2743 '

1862 2833 2056 2891 tetnur,
2076 2825 2128 2879 in
2149 2826 2340 2895 quibus
2355 2826 2499 2896 prius
2516 2834 2619 2880 est.
2637 2827 2705 2879 At
2720 2832 2797 2890 tu,
2814 2824 3025 2894 opinor,
3054 2825 3157 2879 hoc
3180 2822 3347 2880 velles
3369 2822 3469 2897 (7),

1860 2926 2099 2973 ntlovem
2124 2933 2228 2972 non
2257 2919 2323 2973 de
2352 2933 2513 2990 grege
2556 2916 2817 2989 perditam
2860 2917 3082 2982 faceret,
3114 2916 3210 2972 sed
3238 2916 3308 2972 de
3350 2931 3473 2972 arca

1863 3014 1944 3067 vel
1974 3012 2041 3069 de
2077 3014 2329 3068 armario.
2356 3012 2444 3069 Sic
2472 3014 2571 3069 etsi
2613 3012 2954 3067 ethnicorum
2985 3011 3255 3083 reliquum
3286 3026 3474 3066 nume-

1863 3121 1979 3161 rum
2004 3106 2205 3176 justnm
2233 3106 2343 3173 ait,
2390 3121 2495 3160 non
2533 3105 2655 3161 ideo
2692 3102 3031 3160 Christianos
3078 3119 3200 3160 esse
3242 3104 3478 3160 ostendit

163 3206 389 3262 trorum,
419 3198 462 3250 si
492 3196 572 3251 vel
603 3197 654 3251 in
697 3196 763 3253 iis
807 3198 1101 3267 perluecbit
1148 3199 1518 3270 interpretatio
1544 3202 1761 3271 pecudis
1788 3199 1832 3262 C
1866 3214 1984 3253 cum
2020 3197 2220 3254 .lutlzcis
2257 3214 2442 3269 agens,
2468 3208 2522 3254 et
2569 3199 2685 3252 illos
2718 3214 2840 3254 cum
2885 3197 3117 3253 maxime
3145 3197 3473 3262 obtundens.

165 3289 332 3352 illius,
365 3297 614 3344 ntrunme
656 3288 951 3345 christiano
1001 3304 1067 3343 an
1117 3291 1333 3347 etlmico
1378 3294 1648 3363 peccatori
1694 3296 1761 3350 de

165 3379 509 3461 restitutione
543 3380 820 3437 conliniet.
862 3379 1269 3438 Prtescribimus
1291 3384 1435 3439 enim
1463 3400 1527 3441 ex
1558 3394 1763 3442 naturae

163 3470 466 3541 disciplina,
495 3487 560 3527 ex
608 3472 725 3544 lege
749 3473 895 3527 auris
933 3476 986 3528 et
1036 3473 1247 3544 linguai,
1277 3490 1345 3530 ex
1386 3478 1580 3532 mentis
1623 3480 1764 3534 sani-

164 3569 273 3618 tate
312 3578 371 3618 ea
400 3577 613 3634 semper
641 3563 974 3634 restronderi,
1006 3580 1122 3636 qua:
1153 3576 1530 3637 provocamur,
1578 3568 1628 3623 id
1682 3579 1767 3626 est

1863 3292 2004 3362 quod
2051 3292 2454 3364 indignarentur
2493 3292 2607 3363 spei
2637 3289 2977 3348 ethnicorum
3033 3290 3280 3363 (Matth.,
3327 3289 3472 3359 XXI,

1862 3386 1992 3459 45);
2024 3386 2117 3443 sed
2151 3397 2206 3441 ut
2246 3389 2577 3456 exprimeret
2607 3384 2869 3441 adversus
2913 3384 3139 3440 livorem
3173 3382 3476 3438 Pharisaeo-

1865 3495 1999 3544 rum,
2026 3494 2179 3537 suam
2232 3479 2457 3551 gratiam
2500 3488 2556 3533 et
2594 3477 3024 3533 benevolentiam
3095 3476 3260 3532 etiam
3295 3520 3305 3525 -
3335 3475 3481 3553 circa

1869 3586 2029 3626 unum
2059 3568 2415 3637 ethnicorum,
2468 3570 2756 3640 praeposuit
2802 3568 2960 3623 unius
3011 3566 3311 3638 peccatoris
3337 3564 3479 3620 salu-

1401 3683 1784 3743 LEC'I‘IONES
1826 3686 2235 3743 VARIANTES.

228 3777 248 3841 ζ
258 3774 303 3841 1)
337 3775 497 3841 Laetae
521 3773 899 3841 (laeteaa)71?am.
925 3774 1121 3841 aliique.

252 3838 301 3895 ‘2)
337 3838 442 3889 Non
467 3838 922 3895 habentes'Wouw.
949 3838 1061 3890 cod.

252 3836 301 3899 ‘2)
337 3838 442 3889 Non
467 3836 814 3895 habentes'Wt

228 3836 303 4029 ξδ’)
336 3900 529 3965 Aliquid
552 3899 679 3952 delet
701 3909 814 3952 Jun.

252 3965 302 4028 4)
337 3963 624 4016 Credeudus
646 3971 740 4015 est.
768 3965 814 4015 It

283 3961 293 3971 ι

283 3962 302 4028 )
337 3962 624 4016 Credeudus
646 3971 740 4015 est.
768 3965 850 4015 Ita
889 3962 1008 4017 editi
1038 3965 1142 4031 fere
1182 3978 1359 4020 anates.
1383 3965 1766 4019 Restitutionem

1859 3794 1969 3831 cum
1989 3779 2265 3844 ligni-asset,
2290 3780 2368 3829 cui
2394 3778 2476 3829 alii
2497 3777 2804 3830 reddendum
2830 3786 2908 3829 est
2930 3776 3078 3830 Rheu.
3110 3780 3254 3829 Pam.

1950 3842 2207 3906 5)'Homo
2236 3853 2417 3906 triouw.
2445 3844 2594 3906 eod._
2632 3900 2645 3906 _
2753 3904 2774 3906 Α
2852 3868 2855 3869 ν

1950 3845 2012 3906 5)
2045 3845 2207 3893 Homo
2236 3853 2417 3893 tr‘ouw.
2445 3845 2556 3891 cod.
2852 3868 2855 3869 ν

1929 3845 2007 4033 la
2038 3900 2732 4030 asseverasse
2745 3904 2891 3954 θαητ-

1515 4054 2073 4112 COMMENTARIUS.

244 4143 321 4219 (a)
360 4144 1033 4219 Inluerelmlusquequaque
1066 4146 1288 4219 libidinis
1328 4146 1498 4219 virus,
1525 4159 1571 4219 et
1608 4151 1769 4219 juctte

167 4215 343 4273 sordes
372 4231 473 4271 nou
524 4215 664 4271 ablui
713 4215 1055 4271 idmwwae
1114 4218 1290 4272 fractis
1351 4215 1765 4275 ficulneisloliis

169 4287 350 4360 existit
374 4287 525 4360 quasi
555 4300 801 4360 venerere
844 4287 1131 4360 pruriginis
1160 4288 1330 4360 virus.
1357 4288 1466 4342 Hac
1497 4304 1622 4343 vero
1648 4306 1773 4360 pru-

169 4359 376 4429 rigine,
416 4359 618 4428 primos
647 4358 892 4414 homines
919 4358 1189 4429 Adamum
1212 4368 1266 4413 et
1294 4359 1461 4414 Evam
1507 4358 1773 4416 exarsisse

171 4428 346 4512 innuit
381 4429 705 4512 S_eptitnius,
731 4430 919 4512 statim
951 4428 1530 4512 Aatqnenimpermissm
1567 4432 1776 4512 arboth

1945 4147 2023 4219 (ο)
2075 4147 2522 4219 Qrttumunditias
2546 4162 2666 4219 suos
2701 4147 2846 4214 aquis
2896 4147 3135 4219 traderet.
3184 4144 3299 4202 Hoc
3324 4145 3487 4219 “idem

1872 4229 1953 4275 est
1994 4216 2142 4285 quod
2182 4218 2315 4274 dixit
2344 4234 2503 4289 supra
2549 4218 2745 4273 alicubi
2777 4219 2871 4273 lib.
2905 4219 2969 4273 de
2995 4216 3279 4288 Boptismo,
3302 4217 3488 4289 Chris-

1876 4302 1981 4345 lum
2003 4290 2252 4359 baptismo
2273 4306 2367 4344 suo
2398 4287 2559 4355 aquas
2583 4290 2935 4358 sttttcli/icasse
2958 4306 2971 4355 ;
3004 4290 3091 4344 ubi
3116 4290 3275 4344 etiam
3300 4287 3405 4344 late
3421 4288 3489 4343 de

1877 4362 2099 4418 materia
2127 4361 2373 4431 baptismi
2410 4378 2542 4431 aqua
2563 4378 2713 4431 pura.

1950 4432 2028 4504 (d)
2062 4432 2183 4511 1_Von
2208 4448 2392 4503 corpus
2417 4430 2629 4501 Clu-isti,
2657 4442 2758 4489 etc.
2796 4432 2907 4488 Hoc
2932 4431 2999 4487 ad
3027 4431 3351 4511 calumniam
3371 4445 3490 4504 per-

171 4501 350 4557 fruetn
392 4499 700 4570 degustato,
731 4502 1028 4568 intellecta;
1048 4499 1276 4555 nuditati
1321 4502 1665 4571 contegenda:
1714 4503 1773 4556 li-
1801 4502 1853 4561 D
1882 4499 2032 4560 tinet.
2064 4505 2201 4559 Pus.

134 4618 150 4633 .
170 4573 357 4629 cnlnea
390 4575 510 4629 folia
538 4588 787 4642 carpsere
820 4592 831 4627 :
865 4572 1085 4627 lursisse
1112 4583 1288 4627 autem
1319 4572 1576 4641 pudendis
1622 4573 1764 4641 ipso-

171 4659 290 4699 rum
312 4688 326 4708 ,
355 4655 513 4716 atque
538 4644 663 4699 inde
693 4653 998 4716 posterum,
1031 4643 1227 4716 lacteas
1269 4643 1491 4708 sordes,
1522 4644 1769 4716 libidinis

173 4714 442 4780 maculas,
492 4732 590 4771 nec
630 4714 772 4769 ablui
823 4714 1087 4783 potuisse,
1123 4714 1426 4784 priusquam
1467 4715 1772 4771 advenisset

174 4785 446 4851 Christus;
475 4788 595 4858 quia
622 4785 825 4858 scilicet
847 4800 946 4858 nec
968 4785 1275 4858 ipsmaqnm
1301 4784 1475 4858 adhuc
1509 4786 1769 4858 laverant,

174 4858 413 4913 nondum
462 4854 725 4928 baptismo
754 4854 1273 4928 (Ἃιινίςιὶςιιιοιίἰοτιιω
1301 4855 1509 4912 fuerant
1540 4875 1553 4909 :
1595 4857 1773 4927 itaque

176 4930 413 4986 nondum
433 4926 584 4985 erant
606 4928 812 4983 idonea:
832 4926 1078 4982 sordibus
1100 4927 1148 4981 id
1178 4942 1347 4996 genus
1368 4929 1627 4985 eluendis.
1651 4926 1769 4986 R’te.

176 5002 486 5057 -—-Prorsns
515 5000 801 5056 obscurum
823 5040 838 5063 ,
869 4999 975 5053 imo
1002 4998 1315 5054 mendosum
1342 5009 1425 5055 est
1452 5000 1578 5055 illml
1605 5010 1651 5054 et
1678 5001 1777 5055 lac-

179 5085 272 5128 tea:
295 5072 488 5127 sordes.
521 5068 902 5127 Pam—lucta:
928 5069 1101 5126 sordes
1128 5087 1227 5124 non
1257 5070 1396 5124 ablui
1417 5072 1631 5128 idouete.
1654 5072 1778 5126 IIch

178 5148 439 5213 scriptura
462 5152 542 5198 cst
561 5151 798 5197 veterum
824 5142 1209 5211 exemplarium
1227 5159 1344 5212 qu:e
1376 5143 1503 5198 vidit
1530 5142 1772 5198 Ursinus.

179 5219 348 5271 Antea
376 5216 493 5279 lege
531 5214 707 5278 batur,
742 5222 790 5266 et
814 5214 974 5282 jar:th
994 5222 1153 5267 sortes
1181 5230 1282 5268 non
1315 5213 1778 5270 habentesidonete.

181 5288 333 5344 Unde
349 5296 402 5341 et
414 5284 594 5341 Ursini
616 5281 1161 5355 exemplariaifortean
1175 5284 1448 5340 emendari
1465 5287 1542 5341 sic
1554 5288 1781 5355 possint,

183 5369 228 5413 et
255 5362 427 5412 (ariete
450 5354 880 5427 sordes._Alludit
915 5354 1059 5411 enim
1086 5354 1375 5427 Septimius
1401 5355 1466 5411 ad
1506 5354 1782 5412 humorem

183 5432 273 5498 qui
300 5429 365 5482 de
394 5427 532 5482 foliis
550 5425 788 5498 ficulneis
813 5469 827 5492 ,
854 5426 966 5481 sive
988 5467 1005 5493 ,
1035 5436 1088 5481 ut
1115 5425 1237 5484 mox
1262 5427 1431 5494 dicet,
1459 5428 1527 5484 de
1554 5427 1785 5483 lascivia:

187 5497 463 5558 frondibus
488 5497 732 5554 exsudat.
767 5498 885 5555 Rto.

259 5572 339 5644 (b)
393 5568 607 5644 Carnem
642 5586 706 5624 ne
733 5569 1152 5644 nuptiisquidem
1200 5570 1526 5644 resignataut.
1558 5568 1788 5644 Elegans

188 5641 279 5701 est
298 5641 608 5714 Tertulliani
658 5657 784 5714 cum
804 5641 970 5714 illud,
999 5658 1203 5697 carnem
1231 5659 1320 5714 ine,
1353 5643 1544 5714 nuptiis
1585 5641 1790 5713 quidem

188 5718 518 5785 resignatam,
550 5713 618 5768 de
678 5713 740 5769 Β.
770 5713 949 5769 Mariae
981 5728 1146 5769 carne
1192 5712 1434 5785 virgine,
1467 5712 1789 5785 quamquam

192 5781 390 5855 nuptm,
413 5795 467 5840 et
491 5801 553 5840 ne
571 5785 762 5856 nuptiis
780 5786 983 5855 quidem
996 5781 1397 5856 resignando.de
1417 5781 1576 5856 carne
1594 5781 1792 5856 Christi

197 5854 421 5930 virgine.
460 5854 694 5927 Opponit
725 5854 905 5911 autem
927 5854 1124 5911 Christi
1147 5854 1284 5911 facta
1308 5855 1458 5913 factis
1479 5854 1626 5910 Ev:e.
1655 5854 1791 5917 Pan.

1940 4574 2093 4631 C.\P.
2129 4574 2236 4630 VII.
2269 4574 2349 4645 (e)
2374 4606 2443 4617 ο·-
2474 4575 2702 4631 Pictura;-
2730 4575 2949 4630 calicum
2970 4584 3266 4631 uestrorum.
3284 4573 3490 4630 Eodem

1874 4646 2264 4720 pertinetquod
2298 4646 2433 4701 infra
2453 4647 2656 4720 dicitur
2680 4662 2799 4717 cap.
2844 4646 2933 4710 II),
2967 4657 3141 4717 pastor
3165 4664 3312 4720 quem
3331 4647 3385 4701 in
3405 4662 3494 4720 cn-

1875 4717 1970 4774 liee
2001 4718 2249 4790 depingit,
2281 4728 2400 4790 etc.
2450 4717 2606 4790 Unde
2630 4720 2899 4787 colligitur
2926 4725 3051 4772 tuuc
3069 4718 3334 4790 temporis
3363 4717 3493 4772 cali-

1874 4805 2039 4846 ces...
2066 4788 2178 4844 non
2213 4789 2386 4843 solmu
2431 4789 2647 4859 depiugi
2699 4791 2877 4846 solere
2927 4788 3112 4859 figuris
3143 4788 3490 4844 historiarum

1877 4861 2000 4917 novi
2024 4861 2350 4915 'I‘cstatuenti
2380 4860 2544 4924 (unde
2564 4860 2913 4915 confirmatur
2942 4874 3071 4914 usus
3110 4860 3399 4930 imaginum
3439 4860 3492 4913 in

1880 4930 2286 5005 Ecclesia.....),
2318 4930 2411 5005 sed
2439 4932 2599 5005 etiam
2627 4933 2829 4986 vitreos
2854 4931 3063 5005 fuisse:
3098 4930 3200 4987 hoc
3218 4941 3301 4987 est
3324 4931 3491 5005 enim,

1881 5004 2050 5086 frangi
2087 4999 2270 5086 faciles
2297 5001 2805 5086 _(cap:._10).._Atque
2853 5002 2958 5058 hoc
3010 5003 3317 5086 ipsumnesi
3352 4999 3494 5086 quod

1881 5072 2035 5131 citari
2087 5072 2138 5128 iu
2195 5072 2667 5141 nostris—liturgiis
2716 5072 3003 5129 latinorum
3036 5072 3122 5129 Vde
3169 5073 3230 5129 Β.
3279 5072 3493 5143 Zeplte-

1881 5149 2001 5203 riuo
2061 5145 2185 5216 pejus
2253 5145 2425 5201 artatis
2494 5159 2714 5200 romano
2782 5146 3033 5216 pontifice
3074 5159 3157 5216 ex
3223 5144 3494 5209 Damaso,

1885 5214 2184 5274 Walafrido
2211 5225 2267 5271 et
2295 5216 2576 5287 llodnlpho
2597 5214 2919 5285 'l‘ungreusi,
2947 5214 3089 5284 quod
3121 5216 3210 5271 ille
3238 5223 3498 5287 statutum

1886 5288 2077 5345 fecerit
2105 5295 2167 5342 ut
2201 5289 2381 5343 omnia
2421 5280 2547 5343 'tasa
2596 5280 2841 5344 ecclesia»
2884 5280 3303 5347 essentvitrea;
3350 5285 3500 5340 addit

1887 5360 2145 5416 Martinus
2195 5358 2435 5414 Polonus
2465 5375 2478 5413 :
2512 5368 2605 5414 aut
2631 5369 2880 5415 stannea.
2923 5357 3331 5424 Verumtamen,
3391 5371 3496 5411 non

1889 5431 2060 5488 multo
2093 5440 2212 5501 post
2241 5430 2405 5486 etiam
2431 5438 2681 5501 argentea
2711 5439 2767 5486 et
2786 5443 2947 5485 aurea
2977 5444 3104 5483 vasa
3120 5428 3309 5501 _in_usu
3337 5426 3499 5501 fuisse

1890 5510 2038 5570 patet
2061 5498 2186 5556 ibid.
2211 5517 2281 5558 ex
2311 5498 2561 5570 passione
2588 5502 2649 5555 Β.
2675 5500 2968 5563 Laurentii,
2993 5499 3133 5570 apud
3182 5498 3245 5554 Β.
3271 5499 3498 5555 Ambro-

1891 5576 2029 5630 siurn
2056 5570 2257 5646 (0min,
2305 5574 2390 5626 tib.
2424 5573 2489 5646 II,
2532 5571 2797 5646 ςαρνιὸ),
2828 5573 2921 5646 qui
2958 5586 3149 5642 passus
3171 5578 3262 5646 est
3287 5570 3500 5646 circiter

1894 5659 2002 5717 uno
2047 5639 2390 5717 tite't'tse'ante
2434 5639 2884 5717 B._Cy'prianitm_,
2910 5639 3039 5699 item
3066 5656 3130 5698 ex
3162 5642 3358 5710 Optato
3404 5639 3500 5717 mi-

1893 5715 2041 5772 Ievit.
2071 5714 2236 5787 (Iib.I
2273 5723 2450 5770 contra
2487 5711 2780 5787 Parium)
2813 5713 3043 5771 Rursum
3074 5711 3500 5787 autent_pecudis

1898 5784 2093 5843 nomen
2126 5794 2345 5857 usurpat
2393 5802 2491 5853 pro
2534 5802 2645 5852 ove,
2698 5784 2858 5857 idque
2901 5800 3007 5840 non
3046 5784 3235 5857 semel.
3268 5784 3494 5857 Pun:—

1898 5859 2003 5914 Per
2025 5853 2529 5929 picturas'iutelligit
2561 5853 2923 5929 figuras'qna:
2972 5857 3038 5911 in'
3073 5856 3338 5926 scriptura
3367 5853 3493 5908 cali-
