4006 6280
368 260 469 316 997
524 262 528 266 ’

1632 257 1837 315 uasa
1876 255 1966 314 oe
2002 253 2373 329 PUDICITIA.

3549 256 3671 325 998

367 340 417 426 et
447 384 566 441 quae
596 368 705 424 illa:
729 383 909 438 scopa:
935 369 953 440 (
977 367 1115 423 Ibid.
1138 369 1245 440 8)?
1268 369 1498 426 Necesse
1531 381 1663 437 erat,
1694 371 1782 442 qui
1815 369 1970 424 unius
2074 367 2306 439 Spiritus
2323 369 2528 437 Sancti,
2548 377 2604 427 et
2632 370 2886 427 annulum
2902 369 3078 427 denuo
3093 369 3420 443 signaculum
3444 371 3664 441 lavacri,

370 461 672 533 peccatoris
713 462 940 523 salutem
989 460 1348 532 gratissimam
1389 462 1498 516 Deo
1540 463 1754 518 volebat
1788 461 1968 532 expri-

372 572 537 623 mcrc,
560 554 791 624 aliquam
821 551 1026 608 numeri
1054 552 1405 625 quantitatem
1423 554 1745 617 nominaret,
1775 552 1841 607 de
1861 566 1969 622 quo

371 663 529 702 unum
570 646 790 717 quidem
841 629 1045 716 perisse
1084 644 1449 711 describeret;
1493 660 1714 702 necesse
1755 652 1870 701 erat
1912 650 1971 698 ut

371 737 578 793 habitus
601 736 926 807 requirentis
957 734 1267 790 drachmam
1286 735 1338 790 in
1353 736 1535 804 domo,
1562 746 1666 791 tam
1686 751 1968 806 scoparum

369 846 524 900 quam
568 829 801 884 lucerna:
835 827 1160 883 adminiculo
1204 827 1726 886 atlcommodaretur.
1769 828 1969 899 Hujus-

370 921 510 978 modi
549 921 690 999 enim
717 919 1060 976 curiositates
1086 928 1141 975 et
1165 929 1414 992 suspecta
1450 920 1647 976 faciunt
1676 905 1920 991 quaédam
1952 961 1969 988 ,

372 1023 417 1070 et
445 1025 745 1072 coaetarum
772 1012 1166 1085 expositionum
1196 1014 1489 1069 subtilitate
1519 1015 1832 1084 plerumque
1873 1014 1970 1070 de-

373 1108 566 1162 ducunt
610 1122 639 1161 a
684 1105 928 1161 veritate.
970 1104 1106 1162 Sunt
1150 1116 1327 1161 autem
1380 1122 1498 1176 qua:
1547 1116 1601 1163 et
1656 1106 1973 1178 simpliciter

376 1202 544 1272 posita
576 1210 699 1257 sunt
729 1200 794 1257 ad
823 1198 1135 1255 struendam
1184 1211 1233 1255 et
1266 1199 1652 1271 disponendam
1693 1210 1748 1255 et
1784 1213 1971 1258 texen-

375 1295 495 1349 dam
543 1294 874 1365 par'abolam,
909 1302 966 1347 ut
998 1291 1125 1348 illuc
1165 1293 1526 1363 perducantur
1553 1293 1637 1348 cui
1667 1293 1970 1366 exemplum

378 1395 711 1457 procuratur.
745 1385 812 1440 Et
832 1385 938 1441 duo
968 1386 1152 1455 utique
1182 1384 1272 1439 ﬁlii
1316 1384 1441 1441 illuc
1482 1385 1797 1456 spectabunt
1825 1426 1839 1451 ,
1868 1400 1974 1455 quo

377 1489 428 1535 et
456 1479 712 1534 drachma
734 1488 787 1533 et
814 1480 948 1534 ovis.
979 1478 1183 1548 Quibus
1219 1479 1364 1534 enim
1391 1478 1685 1546 cohaerent,
1725 1464 1972 1534 eamdem

379 1571 572 1627 habent
601 1586 847 1645 caussam
869 1614 883 1635 ,
924 1571 1276 1641 eamdemque
1308 1571 1491 1641 utique
1541 1570 1972 1625 mussitatiouem

378 1666 767 1723 I’barismorum
791 1680 916 1736 erga
947 1662 1334 1720 commercium
1367 1663 1574 1719 Domini
1604 1663 1969 1720 ethnicorum:

2075 472 2127 517 et
2157 478 2344 519 rursus
2370 463 2447 518 illi
2480 462 2800 520 mactabitur
2829 462 3070 521 Christus
3097 461 3247 536 (Luc.
3279 462 3392 529 XV,
3425 463 3517 530 22,
3544 463 3664 535 25),

2073 560 2127 608 et
2148 555 2427 610 recumbet
2457 570 2523 612 eo
2548 555 2600 611 in
2630 556 2824 612 throno
2853 556 2923 612 de
2939 571 3045 626 quo
3071 555 3285 628 indigne
3312 557 3488 612 vestiti
3508 574 3535 609 a
3563 566 3674 613 tor-

2075 647 2278 703 toribus
2297 648 2472 704 solent
2504 649 2639 716 tolli,
2661 648 2892 722 et,abjici
2926 649 2975 705 iu
3000 650 3247 706 tenebras
3266 648 3480 722 (Manli.
3503 650 3672 717 XXII,

2076 737 2302 809 12,15),
2335 739 2532 795 nedum
2563 739 2795 811 spoliati.
2829 739 2954 796 Plus
2983 752 3064 796 est
3095 742 3275 811 igitur,
3303 742 3348 796 si
3384 757 3483 799 nec
3510 757 3674 815 expe-

2073 828 2151 883 dit
2194 827 2245 883 in
2285 829 2653 885 Christianum
2683 832 2974 887 convenire
3021 831 3264 888 ordinem
3311 833 3406 888 lilii
3436 834 3668 907 prodigi.

2074 921 2225 991 Quod
2250 922 2296 979 si
2314 938 2425 985 nec
2454 923 2505 978 in
2528 923 2774 980 Judzeum
2809 925 3016 996 integre
3042 925 3134 979 ﬁlii
3159 925 3335 997 imago
3361 926 3672 996 concurrit,

2074 1013 2142 1069 ad
2170 1015 2501 1084 propositum
2546 1015 2755 1070 Domini
2807 1016 3125 1087 simpliciter
3170 1017 3540 1089 interpretatio
3572 1034 3674 1091 gu-

2075 1103 2405 1160 bernabitur.
2425 1105 2659 1162 Venerat
2679 1107 2935 1163 Dominus
2955 1109 3154 1180 utique,
3182 1118 3238 1165 ut
3263 1110 3405 1181 quod
3422 1111 3671 1180 perierat,

2075 1196 2277 1250 salvum
2331 1195 2551 1263 Iaceret,
2594 1197 2835 1254 medicus
2881 1199 3259 1270 languentibus
3306 1203 3474 1273 magis
3513 1217 3674 1274 quam
3774 1194 3779 1199 ⁷

2076 1288 2220 1344 sanis
2258 1291 2595 1346 necessarius
2638 1288 2867 1363 ‘(Jlauln
2914 1290 3115 1359 XVIII,
3144 1293 3232 1359 11,
3256 1292 3327 1348 IX
3350 1335 3365 1360 ,
3396 1294 3468 1350 12
3497 1311 3512 1362 ;
3544 1294 3674 1350 Luc.

2076 1377 2272 1446 XXIX,
2305 1380 2392 1447 10,
2429 1378 2493 1449 ν,
2522 1379 2638 1453 51).
2663 1381 2773 1438 Hoc
2796 1391 2853 1440 et
2871 1384 2922 1437 in
2946 1384 3212 1454 parabolis
3245 1385 3524 1458 ﬁgurabat,
3547 1397 3601 1444 et
3621 1389 3674 1445 in

2077 1472 2364 1528 sententiis
2391 1471 2735 1545 pra-dicabat.
2769 1475 2901 1545 Quis
2930 1479 3065 1547 perit
3100 1477 3418 1535 hominum?
3446 1481 3565 1552 quis
3600 1482 3675 1537 la-

2078 1563 2169 1620 bat
2197 1564 2264 1620 de
2286 1565 2628 1632 valetudine,
2671 1569 2772 1623 nisi
2807 1570 2895 1640 qui
2925 1569 3090 1625 Deum
3115 1572 3319 1627 aest-it?
3345 1574 3463 1645 quis
3496 1575 3677 1632 salvus

2077 1670 2141 1709 ac
2165 1670 2347 1723 sanus,
2378 1656 2477 1711 nisi
2521 1658 2610 1728 qui
2661 1657 2829 1717 Deum
2857 1661 3040 1716 novit?
3082 1662 3191 1719 llas
3215 1664 3347 1722 duas
3375 1666 3582 1736 Species
3610 1667 3678 1724 de

375 1767 486 1824 aut,
515 1761 557 1813 si
590 1759 710 1828 quis
731 1756 934 1811 dubitat
956 1754 1200 1811 ethnicos
1221 1755 1384 1811 fuisse
1399 1755 1711 1825 publicanos
1728 1754 1865 1825 apud
1882 1753 1976 1810 ,ιιι-
2003 1760 2051 1821 Β
2078 1764 2275 1820 genere
2298 1750 2561 1808 fraternas
2582 1751 2697 1809 luce
2726 1770 2942 1827 quoque
2970 1757 3196 1829 signabit
3229 1759 3500 1833 parabola.
3545 1762 3679 1820 Vide

377 1851 567 1913 d;ram.
588 1862 893 1921 usurpatam
920 1850 996 1922 (ιι)
1007 1849 1116 1921 jam
1146 1850 1348 1920 pridem
1377 1847 1613 1919 Pompeii
1638 1864 1796 1903 manu
1818 1857 1977 1919 atque

378 1943 582 2000 Luculli
625 1944 643 2018 (
674 1942 824 1997 Deut.
856 1940 1059 2008 XXIII,
1093 1940 1162 1997 19
1187 1939 1205 2013 )
1232 1982 1247 2007 ,
1292 1941 1432 2013 legat
1455 1941 1923 1996 Deuteronomium
1959 1957 1973 1995 :

381 2035 502 2091 Non
548 2036 641 2091 erit
676 2035 891 2107 vectigal
955 2035 1177 2103 pendens
1233 2050 1297 2089 ea:
1345 2034 1468 2104 ﬁliis
1512 2032 1697 2089 Israel.
1754 2031 1828 2107 (ιι)
1870 2033 1980 2090 Nec

382 2140 486 2183 tam
516 2126 819 2185 execrabile
847 2137 989 2184 esset
1031 2112 1227 2184 nomen
1257 2126 1661 2199 publicanorum
1696 2128 1836 2200 apud
1872 2129 1977 2185 Do-

368 2223 606 2286 minum,
640 2220 739 2276 nisi
796 2230 1111 2276 extraneum
1158 2218 1500 2275 vendentium
1547 2220 1713 2292 ipsius
1754 2221 1875 2277 coeli
1925 2229 1980 2278 et

383 2324 540 2370 terra:
567 2323 619 2368 et
647 2314 810 2369 maris
858 2313 1132 2368 transitus.
1165 2311 1484 2369 Peecatores
1523 2323 1699 2368 autem
1730 2329 1848 2368 cum
1881 2313 1979 2367 ad-

378 2407 552 2479 jungit
599 2403 891 2477 publicanis
931 2404 1100 2479 (Luc.
1131 2404 1248 2473 XV,
1276 2405 1343 2477 2)
1375 2447 1390 2471 ,
1426 2423 1530 2461 ηοιι
1553 2406 1733 2461 statim
1764 2405 1981 2463 Judtcos

383 2500 640 2566 ostendit,
668 2501 768 2557 etsi
797 2500 960 2570 aliqui
1006 2500 1173 2557 fuisse
1204 2509 1513 2571 potuerunt.
1561 2498 1666 2556 Sed
1695 2515 1855 2555 unum
1881 2515 1978 2571 ge-

384 2613 484 2653 nus
503 2599 839 2654 ethnicorum
868 2597 1002 2652 alios
1027 2612 1091 2652 ex
1123 2595 1299 2651 ofﬁcio
1328 2594 1658 2668 peceatores,
1688 2593 1739 2651 id
1766 2606 1843 2652 eat
1877 2612 1979 2667 pu-

386 2690 640 2755 blicanos,
671 2688 804 2744 alios
834 2704 899 2744 ex
944 2696 1152 2753 natura,
1189 2687 1241 2741 id
1272 2695 1354 2744 est
1377 2702 1481 2740 non
1510 2685 1820 2757 publicanos
1841 2684 1982 2757 pari—

385 2792 467 2837 ter
498 2781 743 2853 ponendo
763 2780 1026 2837 distinxit.
1056 2778 1343 2845 Cancrum,
1366 2794 1464 2835 nec
1486 2778 1832 2835 denotaretnr
1857 2796 1978 2835 eum

384 2875 581 2932 ,Ιιιὼυίε
620 2873 692 2948 (c)
727 2875 1137 2930 eomnumicans
1179 2874 1397 2939 victum,
1422 2871 1517 2928 sed
1547 2888 1668 2929 cum
1703 2872 1933 2929 ethnicis
1964 2915 1979 2940 ,

384 2983 613 3038 quorum
642 2983 883 3024 mensam
908 2967 1119 3038 judaica
1156 2966 1434 3037 disciplina
1455 2965 1696 3038 depellit.
1737 2965 1889 3023 Nunc
1914 2966 1983 3023 de

2080 1834 2164 1895 an'
2192 1841 2384 1897 habeat
2416 1842 2664 1899 ethnicus
2694 1845 3046 1902 substantiam
3078 1849 3130 1903 in
3162 1849 3270 1906 Deo
3296 1851 3455 1908 Patre
3485 1868 3678 1911 census

2080 1941 2132 1988 et
2159 1934 2437 2003 sapientia:
2487 1946 2542 1989 et
2584 1937 2842 1992 naturalis
2894 1939 3177 2010 agnitionis
3228 1942 3279 1997 in
3336 1943 3532 2012 Deum;
3582 1961 3679 2016 per

2081 2040 2242 2094 quam
2263 2035 2318 2082 et
2349 2027 2641 2098 Apostolus
2668 2039 2819 2085 notat
2847 2030 2900 2085 in
2924 2033 3182 2103 sapientia
3225 2035 3315 2092 Dei
3345 2052 3449 2103 non
3477 2052 3677 2110 cogno.

2081 2120 2222 2174 visse
2250 2119 2502 2176 mundum
2545 2123 2980 2194 per‘sapientiam
3019 2125 3183 2182 Deum
3223 2128 3242 2198 (
3290 2128 3307 2183 I
3345 2128 3463 2184 Cor.
3491 2131 3534 2195 1,
3561 2129 3676 2205 21),

2080 2226 2237 2283 quam
2271 2216 2451 2293 utique
2490 2230 2521 2269 a
2554 2215 2662 2270 Deo
2684 2227 2985 2287 acceperat.
3033 2218 3183 2276 lianc
3228 2221 3409 2294 itaque
3438 2223 3682 2296 prodegit

2081 2304 2241 2378 longe
2261 2323 2289 2361 a
2320 2307 2547 2365 Domino
2577 2310 2814 2366 moribus
2842 2310 3016 2368 factus
3036 2313 3176 2390 inter
3200 2330 3411 2373 errores
3427 2327 3477 2372 et
3494 2319 3678 2374 illece-

2082 2398 2204 2454 bras
2228 2409 2283 2455 et
2304 2399 2551 2458 libidines
2575 2402 2777 2468 saeculi,
2802 2404 2892 2460 ubi
2918 2404 3061 2462 fame
3083 2407 3322 2464 veritatis
3345 2411 3678 2481 compulsus,

2083 2490 2294 2547 tradidit
2321 2508 2381 2549 se
2406 2494 2631 2565 p‘rineipi
2657 2494 2819 2566 hujus
2834 2496 2954 2553 aevi.
2978 2496 3069 2553 Ille
3087 2514 3211 2555 eum
3237 2500 3479 2571 prmlocit
3504 2504 3681 2573 porcis

2084 2584 2102 2659 (
2132 2594 2189 2641 ut
2213 2584 2475 2642 familiare
2502 2586 2552 2643 id
2583 2586 2891 2645 daemonum
2926 2606 3089 2662 pecus
3118 2603 3360 2663 pasceret
3386 2593 3430 2667 ),
3461 2594 3550 2651 ubi
3582 2612 3683 2654 nec

2084 2677 2173 2735 ille
2200 2694 2422 2750 compos
2455 2691 2599 2737 esset
2628 2682 2804 2738 vitalis
2831 2699 2992 2752 escae,
3018 2685 3286 2757 simulque
3311 2688 3448 2745 alios
3477 2690 3685 2748 videret

2085 2772 2134 2828 in
2166 2774 2329 2843 opere
2348 2775 2529 2829 divino
2556 2777 2891 2834 abundantes
2925 2794 3061 2849 pane
3089 2782 3315 2837 crelesti.
3353 2783 3685 2843 Recordatur

2083 2868 2246 2935 patris
2267 2864 2382 2930 Dei,
2409 2866 2684 2922 satisfacto
2713 2868 2871 2934 redit,
2904 2881 3111 2927 veStem
3141 2874 3420 2942 pristinam
3448 2876 3679 2947 recipit;

2084 2965 2278 3011 statum
2306 2955 2513 3013 scilicet
2535 2974 2659 3014 eum
2690 2977 2851 3032 quem
2893 2961 3063 3018 Adam
3098 2973 3462 3036 transgressus
3484 2970 3684 3026 amise-

387 3062 493 3116 Iilio
516 3052 737 3132 prodigo
769 3059 817 3113 id
835 3060 983 3131 prius
1013 3057 1464 3115 considerandum
1493 3070 1574 3115 est
1599 3059 1738 3130 quod
1765 3059 1978 3115 utilius:

2086 3056 2167 3103 rat
2199 3066 2214 3113 ;
2246 3049 2757 3124 anituluiii_qttoque
2786 3054 2979 3125 accipit
3007 3066 3130 3112 tunc
3157 3057 3407 3127 primum,
3430 3075 3537 3130 quo
3562 3060 3684 3118 ﬁdei
3716 3050 3943 3125 ξιιιιῖω,

386 3170 490 3210 non
535 3155 677 3210 enim
720 3152 1029 3208 admittetur
1071 3152 1443 3221 exemplorum
1489 3149 1810 3223 adzequatio,
1857 3152 1980 3208 licet

2088 3144 2383 3211 pactionem
2444 3143 2802 3216 interrogatus
2834 3147 3098 3219 obsignat,
3168 3160 3329 3222 atque
3364 3153 3434 3208 ita
3491 3154 3686 3212 exinde

387 3245 601 3317 imagini
632 3245 1198 3316 congruentissima,si
1220 3242 1381 3299 fuerit
1399 3243 1558 3298 saluti
1578 3243 1980 3300 nocentissima.
2026 3285 2042 3303 .
2066 3236 2678 3311 ,ρὲίρῄξεὶᾼς-ῐὶιῃρξιῄεῇ
2723 3240 2967 3314 corporis
3020 3241 3783 3319 vesciturLHEucbarisjtingL,
3802 3261 3957 3322 xw,“

387 3338 584 3394 'l‘otum
621 3348 799 3394 autem
847 3346 1045 3392 statum
1090 3337 1302 3402 salutis,
1349 3337 1402 3397 in
1452 3322 1638 3395 tenore
1688 3338 1984 3415 disciplinae

2244 3110 2499 3123 ωηι--ν-ην

2064 3331 2313 3387 scilicet.
2342 3330 2439 3388 llic
2466 3332 2570 3387 erit
2615 3333 2866 3405 prodigus
2916 3335 3074 3404 ﬁlius,
3100 3337 3192 3408 qui
3239 3354 3509 3410 nunquam
3540 3348 3686 3399 retro
3734 3325 3809 3367 ’Ψ

385 3431 759 3497 censtitutum,
791 3429 1025 3487 subverti
1058 3428 1297 3485 videmus
1314 3444 1376 3485 ea
1407 3429 1846 3501 interpretatione
1865 3445 1983 3501 quae

385 3540 450 3579 ex
481 3522 696 3580 diverso
725 3521 1023 3577 aﬁ'ectatur.
1051 3520 1181 3576 Nam
1201 3563 1216 3590 ,
1248 3520 1290 3577 si
1331 3521 1653 3577 christianos
1679 3523 1869 3592 estqui
1890 3537 1982 3577 ac-

384 3625 595 3689 ceptam
620 3633 649 3672 a
685 3616 794 3671 Deo
827 3626 978 3687 patre
1003 3614 1379 3681 substantiam,
1413 3614 1596 3687 utique
1624 3613 1981 3685 baptismatis,

387 3710 570 3780 utique
600 3706 834 3780 Spiritus
862 3706 1066 3774 Sancti,
1092 3716 1147 3762 et
1179 3705 1374 3762 exinde
1403 3705 1517 3777 spei
1545 3713 1761 3761 (eterna:
1781 3746 1798 3774 ,
1829 3705 1986 3776 longe

384 3804 638 3874 evagatus
678 3816 707 3855 a
752 3810 903 3871 patre
944 3798 1172 3871 prodigit
1203 3798 1417 3855 etlmice
1461 3797 1667 3865 vivens,
1711 3797 1756 3853 si
1795 3806 1986 3853 exutus

383 3893 541 3951 bonis
589 3894 784 3949 mentis
828 3892 990 3948 etiam
1036 3890 1259 3964 principi
1310 3890 1491 3946 szeculi
1541 3889 1668 3962 (cui
1710 3889 1798 3944 alii
1825 3905 1983 3960 quam

385 3984 980 4055 diabolo?)servitium
1026 3998 1182 4039 suum
1231 3981 1472 4048 tradidit,
1519 3981 1675 4063 etab
1717 3996 1783 4036 eo
1810 3982 1987 4052 porcis

385 4075 608 4145 alendis,
635 4075 928 4141 immundis
952 4074 1159 4132 Scilicet
1179 4074 1460 4146 Spiritibus
1487 4074 1754 4142 curandis,
1774 4088 1984 4146 pracpo-

389 4170 544 4238 situs,
577 4170 802 4240 resipuit
826 4169 891 4224 ad
939 4176 1144 4240 patrem
1176 4166 1396 4232 reverti;
1425 4166 1536 4237 jam
1570 4181 1676 4223 non
1710 4167 1905 4224 moechi
1933 4177 1988 4224 et

304 4252 307 4255 ’
386 4263 786 4330 Iornicarii,sed
807 4262 1107 4319 idololatra:
1123 4270 1177 4317 et
1204 4260 1500 4330 blasphemi
1531 4269 1584 4315 et
1612 4271 1913 4333 negatores.
1934 4271 1989 4318 et

386 4373 548 4414 omne
573 4366 938 4428 apostatarum
978 4371 1166 4428 genus,
1204 4353 1305 4409 hac
1332 4355 1586 4425 parabola
1617 4354 1749 4426 patri
1785 4354 1990 4411 satisfa-

385 4453 549 4508 cient.
585 4451 664 4521 Et
697 4450 827 4506 elisa
871 4460 955 4505 est
983 4450 1257 4506 verissime
1285 4446 1363 4520 (1)
1398 4446 1498 4504 hoc
1522 4450 1692 4520 magis
1721 4448 1881 4504 modo
1908 4458 1988 4506 to-

2089 3420 2225 3493 frugi
2258 3464 2272 3488 ,
2304 3424 2397 3494 qui
2435 3425 2615 3479 statim
2669 3425 2945 3498 prodigus,
2976 3426 3118 3499 quod
3155 3445 3262 3486 non
3289 3432 3467 3486 statim
3497 3429 3685 3489 Chris-

2091 3515 2287 3572 tianus.
2309 3516 2464 3575 Hunc
2494 3528 2551 3574 et
2576 3518 2836 3575 Pharisaei
2871 3520 2939 3577 de
2985 3522 3186 3578 saeculo
3214 3523 3279 3579 ad
3327 3525 3491 3595 patris
3532 3542 3685 3583 com-

2089 3609 2275 3680 plexus
2331 3619 2714 3677 revertentem,
2769 3611 2823 3666 in
2870 3611 3170 3684 publicanis
3217 3623 3269 3671 et
3317 3617 3689 3687 peccatoribus

2091 3703 2412 3759 maerebant.
2446 3705 2511 3759 lit
2547 3705 2669 3762 ideo
2692 3706 2758 3761 ad
2801 3706 2905 3764 hoc
2930 3709 3107 3764 solum
3139 3709 3359 3780 majoris
3386 3710 3562 3769 fratris
3593 3728 3686 3769 ac-

2088 3794 2462 3851 commodatus
2505 3805 2589 3852 est
2627 3797 2785 3863 livor;
2818 3815 2924 3855 non
2973 3802 3097 3871 quia
3143 3801 3452 3863 innocentes
3492 3812 3547 3860 et
3580 3804 3689 3860 Deo

2089 3885 2448 3957 obsequentes
2492 3886 2686 3954 Judaei,
2733 3887 2829 3944 sed
2870 3890 2992 3960 quia
3036 3890 3337 3948 invidentes
3377 3894 3687 3952 nationibus

2092 3977 2341 4042 salutem,
2375 3977 2532 4047 plane
2567 3994 2703 4049 quos
2728 3994 2944 4052 semper
2976 3980 3116 4053 apud
3147 3990 3349 4075 patrem
3378 3999 3500 4042 esse
3524 4001 3688 4057 opor-

2092 4077 2284 4125 tuerat.
2314 4069 2385 4124 Et
2413 4071 2595 4143 utique
2638 4070 2857 4127 Judazus
2876 4070 2942 4128 ad
2975 4069 3416 4144 primam’statim
3446 4078 3687 4133 vocatio-

2094 4181 2213 4220 nem
2242 4163 2534 4220 Christiani
2575 4166 2762 4237 gcmit,
2799 4182 2903 4222 non
2948 4167 3014 4222 ad
3056 4168 3346 4225 secundum
3393 4170 3690 4226 restitutio-

2092 4272 2214 4312 nem
2250 4274 2264 4312 :
2292 4257 2379 4313 illa
2409 4258 2552 4314 enim
2576 4258 2736 4314 etiam
2764 4258 2993 4314 etlmicis
3022 4260 3249 4331 relucet,
3282 4261 3396 4318 haec
3415 4279 3547 4319 vero
3569 4280 3690 4335 qua:

2094 4348 2146 4403 in
2178 4350 2436 4406 Ecclesiis
2458 4352 2634 4422 agitur
2654 4393 2668 4416 ,
2701 4367 2767 4407 ne
2791 4350 2991 4408 Judaeis
3021 4354 3235 4424 quidem
3269 4362 3392 4409 nota
3419 4366 3521 4411 est.
3559 4356 3693 4412 Puto

2094 4459 2178 4498 me
2199 4454 2254 4499 et
2280 4443 2516 4500 materia:
2542 4445 2922 4516 parabolarum
2948 4485 2963 4511 ,
2993 4455 3047 4500 et
3074 4447 3440 4517 congruentian
3462 4463 3643 4502 rerum
3672 4489 3689 4516 ,

389 4554 440 4600 ta
461 4542 755 4600 substantia
792 4541 1114 4598 sacramenti
1152 4540 1256 4613 (d).
1294 4541 1426 4608 Quis
1453 4540 1597 4596 enim
1628 4541 1837 4597 timebit
1864 4532 1987 4613 pro-
2010 4548 2065 4608 Β
2092 4544 2144 4591 et
2170 4536 2350 4591 tutelae
2379 4535 2783 4606 disciplinarum
2809 4537 3327 4593 accommodatiores
3366 4539 3692 4608 interpreta-

384 4636 568 4707 digere
588 4635 730 4705 quod
767 4633 978 4690 habebit
1013 4644 1197 4704 postea
1242 4632 1588 4703 reenperari?
1618 4632 1737 4703 quis
1776 4631 1986 4687 curabit

388 4736 645 4800 perpetuo
670 4742 992 4784 conservare
1013 4726 1153 4796 quod
1184 4740 1288 4780 non
1317 4735 1574 4797 perpetuo
1603 4725 1796 4799 poterit
1824 4726 1982 4781 amit-

386 4820 538 4877 tere?
564 4818 838 4876 Securitas
873 4817 1052 4893 delicti
1083 4817 1247 4891 etiam
1273 4817 1439 4873 libido
1468 4827 1550 4873 est
1579 4818 1715 4895 ejus.
1741 4816 1986 4891 licenpc-

385 4913 524 4971 rabit
544 4912 703 4984 igitur
730 4922 785 4969 et
809 4920 1050 4983 apostata
1082 4919 1292 4966 Vestem
1318 4910 1572 4980 priorem,
1605 4908 1982 4965 indumentum

540 4888 939 4897 —.—____———-—-—-

2091 4627 2263 4682 tiones
2287 4628 2606 4684 reddidisse.
2637 4627 2943 4697 Caeterum,
2975 4629 3019 4683 si
3050 4630 3103 4683 in
3139 4628 3240 4684 hoc
3284 4629 3446 4700 gestit
3482 4630 3693 4689 diversa

2089 4736 2213 4795 pars
2239 4737 2394 4777 ovem
2416 4732 2471 4778 et
2499 4722 2811 4778 drachmam
2837 4764 2851 4787 ,
2875 4732 2929 4778 et
2965 4721 3061 4776 lilii
3091 4722 3356 4777 luxuriam
3393 4719 3688 4782 christiano

2091 4815 2353 4885 peccaturi
2375 4815 2710 4887 conﬁgurare
2738 4857 2752 4882 ,
2785 4825 2843 4871 ut
2871 4816 3157 4871 mmebiam
3188 4823 3243 4871 et
3271 4815 3681 4874 fornicationem

2089 4907 2401 4979 pretiiteutia
2430 4908 2650 4975 donent,
2675 4917 2767 4963 aut
2795 4917 2851 4964 et
2878 4915 3072 4963 caetera
3103 4906 3294 4963 delicta
3320 4908 3517 4980 pariter
3541 4911 3688 4982 capi-

1610 5022 1988 5085 LECTIONES
2036 5006 2477 5084 vaatstvres.‘

451 5144 522 5210 (l)
556 5145 827 5197 Verissime
851 5141 985 5195 abest
1006 5155 1039 5193 α
1058 5137 1169 5206 Rig.

1765 5245 2319 5307 COMMENTARIUS.

458 5369 711 5445 Cap.UlX.
736 5399 808 5445 :-
834 5365 913 5445 ‘(_a)
944 5365 1022 5445 De
1043 5364 1225 5445 judice
1245 5371 1510 5445 usurpata.
1529 5359 1792 5445 gagrpata
1828 5377 1996 5445 ulanu

386 5430 650 5510 Pompeii,
700 5440 808 5496 vid.
839 5430 1061 5510 Ioseph:
1093 5430 1379 5510 @utiquitv'
1407 5433 1499 5488 lib.
1529 5430 1671 5510 XlY_,
1709 5446 1825 5510 Cap.
1854 5430 1910 5489 8.
1940 5442 1997 5510 et

384 5517 455 5572 de
504 5501 650 5579 ιιιό
695 5512 923 5575 iudaice,
957 5501 1051 5563 lib.
1102 5506 1146 5571 ι,
1179 5501 1297 5573 cap.
1331 5504 1388 5569 5,
1421 5512 1583 5628 atque
1617 5501 1868 5573 Hegesip.
1927 5503 1996 5559 de

387 5587 579 5628 mpm-
611 5582 876 5628 Hier-agr“-
911 5580 1004 5628 lin.
1036 5577 1080 5628 Ι-
1108 5592 1229 5628 ean.
1255 5574 1347 5628 M.
1382 5574 1470 5628 17.
1544 5589 1637 5628 All.

384 5574 876 5656 Excid._ilierosol.
911 5580 1004 5635 lib.
1036 5577 1229 5656 I_._cap.
1255 5574 1347 5656 M,
1382 5574 1470 5629 17.
1500 5574 1637 5629 Pan.
1659 5644 1671 5656 η
1692 5643 1724 5656 η

459 5659 540 5727 (b)
578 5654 689 5710 Nec
718 5666 823 5727 (apt
870 5648 1149 5727 execrabile
1178 5644 1320 5702 'esset
1347 5644 1990 5727 uenaequpublicalqorum.

383 5713 738 5788 Belli'uervos
752 5721 1375 5794 Septimiusexecratur,
1402 5716 1494 5789 qui
1522 5713 1656 5775 libro
1683 5715 1745 5772 de
1774 5713 1995 5789 Corona,

379 5802 612 5864 militem
641 5788 989 5858 christianum
1018 5790 1287 5850 discinxit.
1311 5788 1433 5849 ltiti.

1876 5851 1997 5865 Ασ-σιιια

2170 5359 2246 5435 (ο)
2282 5360 2393 5435 Nec
2414 5361 2736 5435 denotareiur
2779 5375 2895 5435 cum
2933 5358 3135 5415 Judceis
3150 5363 3547 5435 communicatis.
3581 5374 3690 5420 etc.

2101 5430 2275 5489 Etiain
2332 5433 2382 5486 in
2433 5433 2535 5486 hoc
2582 5430 2784 5485 fallitur
2814 5431 3034 5495 Auctor,
3089 5433 3211 5501 quia
3262 5434 3549 5488 denotatus
3597 5436 3695 5490 luit

2102 5505 2359 5578 Dominus
2390 5503 2702 5578 peccatricis
2733 5510 2934 5557 tactum
2988 5501 3280 5578 admittens
3303 5506 3319 5570 (
3359 5503 3485 5558 Luc.
3532 5505 3619 5561 \‘ll
3649 5510 3691 5578 ),

2102 5591 2224 5631 cum
2266 5572 2426 5629 etiam
2453 5573 2629 5643 judaea
2657 5582 2823 5637 esset,
2853 5590 2960 5628 non
2985 5572 3219 5627 ctlntica.
3249 5574 3386 5630 Pw.

2178 5646 2258 5720 (d)
2326 5643 2571 5720 Elelisa
2615 5654 2692 5720 _est
2747 5654 2852 5720 tota
2906 5645 3183 5701 substantia
3225 5647 3546 5702 sacrmuenti.
3616 5648 3660 5707 Ι)

2108 5714 2377 5793 baptismo
2407 5714 2736 5792 intelligitur.
2772 5714 2914 5774 Pan.
3492 5758 3551 5799 ..ε
3655 5722 3666 5741 ’

3010 5772 3101 5791 η⁴ξι
