4006 6280
352 315 488 374 1001

352 428 657 503 panitentite
685 429 883 499 {ructus
907 468 921 493 ,
952 436 1001 483 et
1043 442 1106 482 ne
1130 425 1361 481 dixeritis
1404 439 1422 479 :

354 521 611 577 Abraham
644 536 662 575 :
690 532 744 577 et
787 538 855 577 ne
901 521 1106 578 scilicet
1156 534 1345 575 rursus
1380 518 1742 575 blandimenta
1789 517 1959 573 delin-

352 615 581 685 quentis:
608 614 677 669 de
719 621 928 684 patrum
958 621 1293 669 resumerent
1335 611 1504 681 gratia
1539 626 1553 662 :
1605 608 1779 665 Potest
1823 608 1959 663 enim

354 707 489 760 heus
515 706 577 761 tle
589 705 844 776 lapidibus
858 706 968 761 istis
984 705 1121 774 ﬁlios
1149 704 1400 758 suscitare
1425 701 1644 758 Abraha:
1670 701 1850 773 (Matt.
1869 699 1956 766 Ill,

351 798 407 861 8,
436 797 514 869 9).
544 796 634 852 Sic
663 805 718 869 et
747 813 843 854 nos
887 797 1162 866 sequitur,
1210 794 1289 865 (ιι)
1328 806 1383 849 ut
1411 810 1505 850 eos
1558 794 1646 865 qui
1701 794 1961 849 hactenus

353 887 963 960 delinquanlfifacientes
976 886 1193 957 dignum
1212 886 1537 957 posuitentite
1554 884 1804 940 fructum.
1822 882 1959 950 Quid

353 980 494 1036 enim
533 996 599 1034 ex
634 977 945 1049 ptenitentia
991 979 1336 1043 maturescit,
1372 991 1532 1045 quam
1570 974 1961 1032 emendationis

353 1074 605 1130 eiii-ctus?
639 1072 744 1128 Sed
774 1071 874 1126 etsi
892 1070 1044 1125 venia
1075 1070 1250 1140 potius
1278 1068 1703 1138 cstpceniteutia:
1734 1068 1958 1132 fructus,

356 1168 492 1220 hanc
549 1179 761 1235 quoque
813 1162 1108 1218 consistere
1168 1176 1275 1216 non
1325 1160 1448 1214 licut
1490 1160 1607 1215 sine
1662 1160 1964 1217 cessatione

355 1255 556 1311 delicti.
606 1254 678 1309 Ita
704 1254 936 1308 cessatio
961 1250 1139 1307 delicti
1178 1250 1328 1306 radix
1356 1250 1629 1306 CSlVCIIliB
1649 1289 1665 1315 ,
1726 1258 1783 1305 ut
1811 1248 1963 1305 venia

354 1349 423 1404 sit
451 1347 776 1419 paenitentiae
796 1340 1016 1400 fructus.

968 1435 1199 1493 CAPUT
1238 1435 1330 1492 XI.

426 1530 633 1587 Exinde
659 1572 672 1594 .
703 1528 842 1602 quod
873 1527 937 1584 ad
972 1528 1317 1601 Evangelium
1366 1529 1629 1599 pertinet,
1683 1514 1964 1600 parabola-

353 1642 468 1682 runt
497 1614 713 1696 quidem
744 1624 982 1679 discussa
1008 1622 1118 1692 jam
1149 1622 1377 1693 quaestio
1400 1633 1504 1677 est.
1530 1622 1585 1678 Si
1619 1637 1747 1678 vero
1772 1633 1829 1679 et
1857 1623 1964 1678 lac-

354 1721 420 1775 tis
448 1717 643 1788 aliquid
675 1716 781 1773 tale
811 1731 907 1787 pro
948 1715 1317 1786 peccatoribus
1355 1714 1524 1771 edidit
1572 1715 1858 1780 Dominus,
1906 1724 1966 1770 ιιι

1684 307 1885 366 LIBER
1929 307 2021 367 DE
2060 307 2426 368 PUDICITIA.

1480 431 1674 495 patrem
1716 424 1954 499 habemus
1980 426 2032 486 Α
2059 423 2231 480 lenior
2258 424 2595 481 cx‘stimetur
2634 423 2687 479 in
2729 424 2964 480 novitate
3008 424 3445 497 disciplinarum,
3495 445 3653 499 quant

2062 518 2421 574 invetuslatc.
2468 514 2599 571 Cum
2643 516 2870 587 primum
2912 518 3140 597 intonuit
3183 519 3559 590 Evangeliuzn,
3604 533 3659 575 et
3736 538 3767 564 υ

3516 313 3655 370 1002

2063 620 2242 666 vetera
2271 610 2573 677 concussit,
2603 620 2657 665 ut
2687 611 2753 665 de
2800 610 2930 681 legis
2964 611 3257 667 retinendae
3304 628 3472 669 necne
3515 611 3660 669 statu

2061 701 2486 773 disceptaretur,
2521 703 2744 773 primam
2785 702 2921 758 hanc
2958 705 3194 775 regulam
3236 704 3304 760 de
3342 707 3660 762 auctoritate

2061 796 2292 867 Spiritus
2319 797 2500 853 Sancti
2532 797 2773 867 Apostoli
2804 797 3053 851 emittunt
3099 797 3165 852 ad
3191 812 3285 852 eos
3328 798 3414 867 qui
3442 800 3552 866 jam
3592 816 3659 853 ex

2065 889 2369 943 nationibus
2416 888 2572 957 allegi
2613 897 2890 957 imperant
2926 896 2947 941 ἐ
3002 887 3173 943 Visum
3229 899 3331 954 est,
3381 889 3680 958 inquiunt,

2065 977 2283 1048 Spiritui
2314 980 2504 1034 Sancto
2526 989 2569 1033 rt
2600 964 2740 1034 nobis
2759 1022 2771 1043 ,
2804 962 3001 1034 nullum
3030 980 3251 1050 amplius
3279 980 3415 1034 vobis
3441 982 3666 1051 adjicere

2064 1072 2294 1141 pondus,
2325 1087 2476 1139 quam
2505 1087 2735 1125 cornuta
2776 1072 2956 1142 quibus
3021 1088 3219 1126 necesse
3258 1081 3331 1127 est
3388 1072 3627 1133 abstineri
3651 1112 3665 1133 ,

2065 1163 2147 1234 (tl)
2182 1182 2212 1217 a
2238 1165 2503 1233 sacriﬁciis
2532 1205 2546 1229 ,
2588 1174 2633 1218 et
2676 1180 2707 1216 a
2753 1163 3171 1232 fornicationibus
3214 1173 3260 1217 et
3306 1164 3585 1235 sanguine,
3631 1181 3664 1216 ιι

2063 1258 2246 1323 quibus
2274 1256 2582 1312 observando
2612 1266 2743 1311 recte
2767 1256 2917 1328 agitis
2947 1256 3083 1329 (Art.
3112 1254 3230 1322 XV,
3269 1256 3339 1310 23
3392 1266 3437 1315 et
3475 1256 3660 1327 seqq),

2067 1362 2311 1410 vectante
2341 1352 2421 1426 (2)
2460 1367 2557 1408 vos
2577 1352 2776 1423 Spiritu
2803 1351 3020 1407 Sancto.
3051 1349 3122 1423 (c)
3147 1350 3353 1407 Suflicit
3380 1348 3459 1421 (3)
3487 1360 3535 1404 cl
3572 1348 3661 1404 hic

2065 1456 2334 1503 servatum
2360 1461 2482 1502 esse
2510 1445 2752 1501 meat-hia:
2778 1454 2836 1500 et
2861 1443 3194 1521 fornicationi
3222 1443 3395 1498 locum
3441 1441 3661 1496 honoris

2065 1542 2146 1597 sui
2175 1541 2312 1597 inter
2341 1532 3663 1595 idololatriamethomicidiutn:intcrdiclutneuim
3722 1546 3727 1553 ‘

2066 1631 2339 1703 sanguinis
2385 1630 2556 1686 ntnlto
2602 1629 2771 1700 magis
2810 1627 3024 1684 humani
3069 1626 3444 1697 intelligemus.
3494 1625 3662 1679 Porro

2067 1725 2240 1794 qualia
2277 1723 2443 1779 videri
2493 1722 2675 1780 volunt
2701 1720 2944 1792 Apostoli
2988 1718 3245 1784 crimina,
3283 1733 3401 1788 qua:
3446 1718 3560 1772 sola
3610 1718 3662 1771 in

353 1825 473 1868 cum
506 1809 790 1881 peccatrici
822 1809 1055 1865 Iwmium
1082 1807 1243 1863 etiam
1272 1808 1515 1877 corporis
1541 1808 1621 1862 sui
1648 1816 1952 1869 contactum

2076 1816 2434 1875 tbservatione
2479 1815 2549 1871 de
2588 1816 2704 1886 lege
2750 1816 2969 1885 pristina
3011 1821 3334 1884 excerpunt,
3384 1828 3502 1882 qua:
3545 1812 3664 1865 sola

355 1901 614 1975 permittit
642 1902 837 1957 lavanti
871 1900 1123 1971 lacrymis
1151 1898 1315 1968 pedes
1344 1898 1461 1970 ejus
1503 1909 1557 1954 et
1601 1900 1839 1956 crinibus
1865 1899 1961 1956 de-

355 1998 617 2068 tergenti,
663 2005 717 2051 et
747 2003 1016 2066 unguento
1046 1994 1376 2065 sepulturam
1419 1993 1586 2064 ipsius
1633 1993 1959 2066 inauguran-

360 2092 397 2146 ti
426 2092 445 2164 (
472 2090 595 2145 Luc.
637 2089 747 2156 VII,
775 2089 863 2157 57,
896 2098 942 2143 ει
979 2089 1167 2159 seqq.);
1199 2097 1256 2143 ut
1279 2102 1403 2144 cum
1427 2086 1777 2143 Samaritana:
1814 2097 1968 2144 sexto

349 2185 461 2255 jaut
508 2181 851 2237 matrimonio
872 2223 886 2247 ,
916 2196 1020 2235 nou
1053 2179 1281 2236 mmchze
1301 2221 1316 2247 ,
1350 2180 1445 2235 sed
1498 2182 1797 2251 prostituta:
1853 2180 1965 2254 (Jo.

355 2274 447 2344 ιν,
475 2277 505 2329 ’1
533 2288 580 2330 et
600 2273 783 2346 seqq.),
815 2274 976 2330 etiam
999 2315 1013 2340 ,
1044 2272 1187 2344 quod
1218 2273 1421 2329 nemini
1446 2273 1633 2343 facile,
1661 2275 1782 2346 quis
1825 2284 1971 2331 esset

355 2369 620 2436 ostendit,
651 2368 780 2423 nihil
812 2383 879 2424 ex
923 2368 1024 2423 hoc
1052 2366 1375 2423 adversariis
1402 2367 1676 2424 confertur
1695 2409 1711 2437 ,
1734 2367 1833 2425 etsi
1853 2368 1965 2440 jam

356 2461 674 2517 Christianis
690 2461 898 2516 veniam
922 2458 1239 2515 delictorum
1274 2458 1624 2530 praestitisset.
1649 2459 1800 2515 Nunc
1823 2460 1968 2515 enim

356 2551 608 2616 dicimus.
643 2551 743 2606 soli
779 2549 1003 2605 Domino
1029 2548 1131 2605 hoc
1153 2549 1299 2617 licet,
1331 2549 1491 2605 hodie
1522 2559 1758 2620 potestas
1786 2550 1967 2606 indul-

355 2644 554 2715 gentia:
582 2643 697 2714 ejus
727 2652 999 2714 operetur.
1032 2642 1113 2698 Ad
1147 2643 1232 2698 illa
1265 2651 1442 2699 tamen
1490 2653 1728 2716 tempora
1774 2646 1969 2715 quibus

361 2739 412 2792 in
439 2738 594 2792 terris
621 2737 766 2807 egit,
795 2736 896 2791 hoc
924 2736 1210 2791 delinimus
1236 2735 1365 2790 nihil
1397 2737 1683 2792 adversum
1709 2754 1805 2794 nos
1834 2755 1971 2810 prac—

354 2831 605 2901 judicare
650 2871 665 2896 ,
708 2830 752 2885 si
785 2829 1153 2899 peccatoribus
1183 2829 1341 2883 ctiam
1373 2827 1573 2884 Jud:eis
1608 2831 1759 2884 venia
1788 2830 1972 2886 conife-

361 2925 599 2981 rebatur.
631 2923 937 2978 Christiana
965 2923 1108 2977 enim
1137 2920 1421 2993 disciplina
1450 2938 1477 2976 a
1508 2924 1793 2980 novationc
1838 2923 1972 2979 Tes-

362 3018 581 3074 tantenti
611 3026 694 3081 et,
726 3027 779 3070 nt
807 3016 1193 3087 praemisimus,
1222 3031 1250 3069 a
1280 3014 1649 3087 redemptione
1676 3018 1886 3083 carnis,
1920 3018 1968 3074 id

360 3107 442 3168 est
477 3110 685 3166 Domini
728 3109 976 3180 passione
1006 3118 1278 3163 censetur.
1324 3106 1493 3163 Nemo
1542 3109 1808 3177 perlectus
1845 3119 1972 3166 ante

2067 1908 2373 1965 necessario
2433 1905 2746 1963 abstinenda
2778 1904 3170 1976 prazscribnnt?
3215 1903 3328 1959 Non
3377 1902 3518 1974 quod
3561 1904 3667 1958 alia

2070 2001 2407 2072 permittant,
2437 2000 2530 2054 sed
2562 1998 2700 2069 quod
2729 2005 2842 2052 lucc
2879 1998 2989 2054 sola
3018 2005 3319 2067 proponant
3349 1996 3529 2065 utique
3558 2012 3667 2049 non

2071 2090 2441 2155 remissibilia,
2481 2090 2603 2161 qui,
2641 2088 2976 2145 etlmicorum
3018 2103 3240 2156 caussa,
3288 2097 3482 2142 eauera
3533 2086 3667 2156 legis

2069 2198 2232 2240 onera
2263 2181 2602 2239 remissibilia
2645 2181 2905 2238 fecerunt.
2958 2167 3225 2251 Cur‘ergo
3253 2178 3518 2235 cervicem
3565 2194 3667 2232 no-

2070 2284 2235 2331 stram
2262 2290 2292 2329 a
2323 2285 2468 2331 tanto
2490 2274 2619 2346 jngo
2645 2281 2935 2341 excusant,
2964 2272 3065 2328 nisi
3093 2283 3148 2328 ut
3173 2272 3276 2327 illis
3302 2271 3381 2344 (4)
3409 2288 3672 2342 compca.

2070 2368 2157 2423 dia
2188 2368 2286 2423 ista
2318 2367 2613 2438 disciplina:
2639 2380 2855 2436 semper
2883 2365 3192 2436 imponant?
3216 2364 3325 2420 Cur
3356 2374 3430 2419 tot
3459 2364 3670 2419 vincula

2072 2460 2377 2531 indulgent,
2410 2459 2511 2514 nisi
2542 2470 2598 2515 ut
2622 2467 2884 2530 perpetuo
2910 2457 3369 2551 adneccssariora
3395 2458 3669 2513 constrin-

2070 2554 2232 2624 gant?
2261 2552 2548 2610 Solvcrunt
2584 2567 2614 2606 a
2648 2551 2887 2623 plut-ilius
2911 2591 2926 2616 ,
2959 2549 3014 2606 ιιι
3045 2550 3448 2607 nocentioribus
3477 2549 3668 2604 ultscr-

2073 2647 2260 2706 vandis
2288 2631 3149 2717 obligarenturaCompensatione
3178 2658 3265 2700 res
3290 2651 3407 2699 acta
3430 2650 3514 2698 est
3539 2660 3557 2696 :
3590 2641 3674 2695 Iu-

2071 2742 2206 2800 crati
2234 2754 2418 2794 sumus
2443 2738 2607 2793 multa
2629 2779 2643 2801 ,
2678 2736 2928 2807 utaliqua
2962 2744 3294 2804 prscstcmus.
3344 2734 3677 2804 Compensa-

2075 2838 2148 2892 tio
2176 2844 2353 2891 autem
2384 2832 2702 2889 revocabilis
2731 2840 2940 2895 nonest
2963 2827 3042 2901 (f)
3074 2829 3367 2899 iisdemque
3398 2828 3674 2883 revocabi-

2073 2937 2186 2994 tur,
2215 2926 2495 2982 iteratione
2521 2922 2766 2979 mtechiae
2792 2922 3007 2991 utique,
3034 2929 3087 2975 ct
3112 2918 3387 2990 sanguinis
3410 2928 3465 2975 et
3496 2918 3674 2973 idolo-

2075 3021 2261 3081 latriae.
2292 3020 2424 3075 Tota
2451 3017 2592 3074 enim
2617 3016 2726 3088 jam
2755 3016 2837 3071 lex
2866 3023 3137 3081 sumetur,
3165 3014 3411 3077 sivenia:
3436 3013 3677 3068 conditio

2074 3115 2329 3171 solvetur.
2352 3111 2465 3170 Sed
2493 3126 2599 3167 non
2616 3110 2805 3166 leviter
2826 3108 3103 3163 nobiscum
3127 3115 3311 3177 pactus
3333 3115 3414 3162 est
3439 3104 3672 3175 Spiritus

364 3212 638 3272 repertum
670 3201 913 3257 ordinem
948 3199 1081 3265 lide,
1108 3214 1269 3256 nemo
1295 3198 1633 3256 Christianus
1669 3208 1795 3256 ante
1822 3200 1969 3256 Chri-

2081 3206 2332 3273 Sanctus,
2360 3205 2520 3262 etiam
2544 3204 2684 3259 ultro
2722 3210 2909 3271 pactus
2937 3214 3045 3272 quo
3089 3201 3258 3270 magis
3302 3196 3674 3254 honorandus.

366 3304 505 3349 Slttltt
538 3292 677 3365 cmlo
706 3300 1039 3361 resumptum
1062 3332 1075 3356 ,
1119 3306 1281 3347 nemo
1307 3298 1527 3347 sanctus
1565 3303 1693 3348 ante
1720 3292 1975 3364 Spiritum

366 3386 620 3441 Sanctum
649 3382 716 3440 de
734 3381 874 3440 coelo
905 3392 1341 3452 reprznsentatum
1370 3384 1536 3455 ipsius
1559 3384 1854 3457 disciplina:
1882 3386 1978 3444 de-

284 3474 289 3480 ’
376 3479 802 3535 terminatorcm.

984 3568 1209 3627 CAPUT
1246 3569 1362 3626 XII.

403 3664 587 3736 Itaque
603 3664 686 3719 isti
702 3663 791 3734 qui
805 3661 1302 3719 aliuml’aracletmn
1319 3664 1369 3719 in
1388 3664 1655 3735 Apostolis
1670 3674 1717 3721 et
1734 3667 1979 3739 perApo-

375 3759 545 3813 stolos
568 3765 906 3828 receperunt,
935 3770 1092 3825 quem
1120 3771 1219 3812 nec
1246 3757 1298 3811 in
1321 3756 1606 3827 Prophetis
1629 3760 1874 3830 proprius
1897 3759 1979 3831 (l)

377 3850 614 3921 agnitum
649 3890 662 3913 ,
688 3848 801 3919 jam
832 3863 931 3902 nec
958 3848 1009 3902 in
1038 3847 1309 3917 Aposlulis
1340 3849 1643 3918 possident;
1690 3865 1787 3921 age
1816 3867 1976 3918 nunc,

378 3943 462 3998 vel
493 3942 561 3997 de
590 3942 888 4014 apostolico
920 3940 1276 3995 instrumento
1305 3942 1540 3997 maculas
1557 3936 1632 4015 (ὁ)
1652 3943 1877 4000 doceant
1910 3943 1982 4017 (c)

379 4036 562 4092 carnis
589 4042 710 4104 post
730 4034 790 4088 ha
800 4035 988 4104 ptisma
1011 4049 1272 4104 respersa:
1292 4036 1625 4103 ,pteniteutia
1640 4036 1770 4093 dilui
1793 4052 1979 4108 posse:

377 4130 433 4184 in
461 4129 718 4200 apostolis
750 4144 961 4199 quoque
994 4130 1190 4183 veteris
1215 4128 1346 4199 legis
1373 4129 1597 4185 formam
1639 4131 1932 4187 salutamus
1955 4174 1971 4200 ,

373 4222 515 4277 circa
544 4219 813 4286 mwcltiaa,
839 4230 1032 4289 quanta
1050 4222 1149 4285 sit,
1176 4219 1690 4278 demonstrationem
1716 4241 1730 4290 ;
1755 4240 1821 4279 ne
1844 4224 1980 4280 forte

2080 3298 2439 3369 Sponsionem
2453 3296 2566 3366 ejus
2589 3307 2750 3350 nemo
2764 3291 3007 3348 dissolvit
3027 3289 3129 3345 nisi
3156 3290 3416 3361 ingratus.
3436 3287 3555 3344 Jatn
3577 3302 3679 3343 nec

2083 3390 2304 3461 recipiet
2344 3403 2463 3458 quae
2490 3385 2723 3452 dimisit,
2757 3398 2856 3439 nec
2882 3381 3115 3438 dimittet
3156 3396 3275 3452 quae
3302 3380 3541 3448 retinuit.
3573 3377 3680 3434 No-

2010 3500 2013 3505 ‘
2082 3481 2285 3539 vissimi
2312 3476 2641 3536 Testameuti
2670 3489 2885 3547 semper
2912 3472 3309 3530 indentutabilis
3348 3480 3519 3527 status
3562 3479 3677 3534 est,

2080 3585 2136 3630 et
2163 3574 2343 3644 utique
2365 3570 2608 3627 recitatio
2627 3566 2827 3624 decreti
2849 3567 3240 3636 consiliumque
3268 3564 3395 3620 illud
3426 3580 3549 3619 cum
3576 3578 3681 3618 sae-

2082 3669 2206 3726 culo
2232 3667 2461 3724 desinet.
2497 3664 2638 3720 Satis
2662 3659 2942 3731 denegavit
2969 3659 3178 3715 veniam
3226 3674 3412 3715 eorum
3451 3672 3680 3726 quorum

2082 3759 2378 3820 custodiam
2400 3757 2589 3828 elegit,
2619 3753 2907 3809 vindicavit
2930 3766 3050 3822 qua;
3076 3767 3182 3807 non
3212 3750 3434 3821 proinde
3458 3764 3685 3806 conces-

2083 3856 2172 3912 sit.
2202 3853 2337 3909 IIine
2360 3860 2441 3907 est
2467 3847 2608 3919 quod
2648 3860 2820 3916 neque
2847 3843 3185 3910 idololatria),
3215 3858 3388 3913 neque
3411 3842 3679 3912 sanguini,
3708 3848 3735 3868 ί

2085 3962 2185 4017 pax
2207 3944 2273 3998 ab
2299 3940 2553 3998 Eeclesiis
2570 3936 2830 3994 redditur.
2856 3936 2930 3990 De
2951 3950 3052 4006 qua
3075 3935 3314 3990 ﬁnitione
3336 3949 3432 3990 sua
3461 3935 3685 4003 Aposto-

2086 4041 2166 4096 los
2190 4035 2486 4097 excidisse,
2517 4042 2675 4103 puto,
2708 4044 2814 4085 non
2844 4028 2966 4083 licet
2990 4027 3243 4096 credere;
3271 4038 3362 4083 aut
3390 4026 3434 4083 si
3461 4026 3686 4083 credere

2081 4130 2295 4205 quidam
2328 4134 2583 4200 possunt,
2614 4122 2888 4180 debebunt
2917 4120 3167 4192 probare.

1620 4334 2000 4396 LECTIONES
2039 4327 2455 4396 VABIANTES.
2525 4321 2533 4330 ’

435 4447 510 4574 ξι)
548 4446 753 4509 Propius
777 4442 921 4495 RItett.
957 4444 1155 4498 Obet'tlt.
1184 4449 1325 4511 Leop.

460 4514 511 4573 2)
545 4508 758 4559 Vetante
789 4509 977 4560 Wouw.
1000 4522 1089 4560 ms.
1226 4526 1229 4527 '

460 4514 511 4573 2)
545 4508 758 4559 Vetante
789 4509 977 4560 Wouw.
1000 4522 1089 4560 ms.
1226 4526 1229 4527 '

2175 4450 2227 4503 5)
2261 4445 2446 4503 Spiritu
2464 4442 2660 4503 Sancto,
2686 4440 2863 4492 suﬁicit
2877 4448 2993 4492 Jun.

2152 4450 2227 4580 25%
2261 4450 2608 4557 Spiritusanct

2176 4515 2204 4563 t
2263 4510 2461 4573 IIthg.
2494 4514 2608 4555 Ven.

1758 4595 2317 4657 COMMENTARIUS.

387 4737 400 4747 -
454 4708 531 4782 (τι)
566 4707 633 4765 Ut
662 4724 747 4763 eos
771 4709 858 4778 qui
887 4710 1128 4782 hactenus
1166 4709 1481 4782 delinquant.
1530 4712 1798 4771 Hactenus
1819 4757 1834 4780 ,
1876 4717 1978 4775 hoc
2001 4720 2056 4781 1)
2083 4714 2188 4770 rias
2210 4706 2676 4782 interpretationes
2692 4706 2885 4782 sortita
2909 4747 2923 4774 ,
2966 4710 3126 4782 etiam
3158 4718 3396 4767 vetustos
3428 4712 3680 4771 Actorum

369 4793 451 4837 cst
470 4822 484 4841 .
515 4780 626 4848 jnn
654 4797 757 4833 non
789 4781 1037 4843 amplius.
1066 4780 1185 4839 lite.
1319 4780 1325 4782 '
1884 4832 1893 4843 Χ

362 4903 370 4913 ,
440 4851 528 4908 Ct
538 4852 597 4906 Ρ.
620 4850 885 4923 Xll.—(b)
902 4850 990 4905 Vel
1013 4851 1075 4923 de
1098 4853 1374 4921 apostolico
1401 4855 1730 4913 instrumento
1745 4858 1979 4914 doceant.

372 4938 477 4978 nou
501 4923 745 5000 sequitur
758 4921 829 4977 exi
843 4924 989 4977 Actis
1005 4921 1385 5000 Apostolorum
1416 4927 1575 5000 (quod
1593 4932 1982 4983 instrumentum

329 5011 341 5018 ·
370 4992 707 5071 apostolicum
738 4992 1663 5071 nuncnpat)_non_docetur‘maculas
1690 5002 1856 5055 carnis
1872 5009 1983 5071 post

373 5064 623 5140 baptisma
647 5080 889 5140 respersa;
916 5067 1206 5140 poenitentia
1243 5067 1408 5140 dilui,
1451 5085 1580 5140 ergo
1612 5082 1823 5138 peccata
1866 5064 1987 5140 post

375 5136 697 5213 baptismtnn
726 5138 831 5190 non
858 5135 1451 5213 delentur__p(euileutia
1472 5182 1487 5206 ,
1514 5135 1650 5213 'quia
1692 5142 1810 5198 aliis
1838 5135 1985 5200 Scri-

378 5206 647 5276 plussatis
674 5206 1070 5275 conqtroltatttr.
1104 5207 1238 5266 Pint.

443 5274 523 5357 lc)
552 5275 733 5331 Carnis
762 5274 870 5347 past
900 5276 1150 5346 baptisma
1182 5296 1444 5357 respersae.
1477 5282 1743 5357 Resperste
1771 5284 1856 5340 hic
1885 5299 1976 5355 p0-

376 5352 477 5427 suit
502 5362 599 5427 pro
623 5364 798 5401 rursus
823 5359 1080 5427 sparsteet
1108 5352 1376 5427 mandata:
1399 5395 1412 5420 ,
1446 5352 1595 5410 novis
1620 5355 1824 5411 scilicet
1855 5352 1974 5427 post

380 5420 548 5485 pluris
579 5419 842 5473 lavacrum
867 5419 1132 5475 sordibus.
1169 5422 1287 5479 ηις.

451 5488 537 5575 (ὁὶ
558 5493 599 5542 Α
614 5491 896 5575 sacriﬁciis,
915 5508 945 5544 a
962 5492 1377 5575 fornicationibns
1389 5503 1438 5575 et
1454 5497 1715 5575 sanguine.
1742 5496 1857 5551 lrcn
1879 5513 1973 5553 cus

381 5559 627 5615 euat'ilem
659 5559 897 5635 ordinent
926 5559 1103 5635 servat
1129 5582 1142 5618 :
1181 5559 1589 5635 l’rwcipiendnm
1616 5570 1686 5621 eis
1719 5569 1789 5621 uti
1816 5570 1973 5622 absti-

383 5640 592 5706 neanta
621 5631 923 5686 vanitatibus
966 5633 1249 5697 idolorum,
1279 5648 1325 5689 et
1349 5631 1399 5689 ἰι
1442 5636 1806 5706 fornicatione,
1855 5649 1899 5693 et
1942 5656 1975 5691 a
2022 5674 2031 5679 ς

383 5702 723 5780 sanguine,_et
752 5719 1077 5775 qnwcntnqne
1104 5708 1282 5780 nolunt
1298 5707 1393 5761 sibi
1410 5702 1520 5780 ﬁeri
1548 5709 1663 5763 aliis
1684 5725 1746 5780 ne
1758 5702 1971 5780 faciant.

383 5770 717 5855 Inde-inponit)
747 5784 865 5855 post
884 5818 898 5838 ,
933 5770 1027 5844 pro
1058 5777 1356 5855 vanitatibus
1381 5770 1632 5834 idolorum
1656 5821 1672 5840 ,
1697 5770 1830 5855 diuit
1853 5781 1967 5834 ido-

391 5842 621 5915 lothytis.
655 5842 777 5899 Ihec
804 5844 910 5898 duo
936 5842 1226 5913 vocabula,
1257 5852 1555 5908 εἰδωλόθυταν
1580 5854 1664 5907 καὶ
1690 5851 1840 5922 εἶμι,
1881 5866 1971 5908 va-

724 5938 1165 6011 Τειιτυιιιηιι
1198 5941 1278 6005 II.

2083 4785 2298 4842 codices
2325 4778 2668 4851 ambiguitate
2692 4778 2975 4851 lectionum
3001 4780 3300 4838 turbavere.
3333 4785 3684 4851 Apertissima

2083 4867 2262 4912 autem
2287 4862 2413 4908 sunt
2437 4848 2555 4923 qua:
2582 4850 2666 4903 hic
2691 4858 2747 4904 et
2773 4848 2910 4917 apud
2939 4850 3195 4923 Irenaeum
3220 4848 3468 4923 leguntur
3489 4857 3682 4911 atlvor.

2084 4943 2177 4982 sus
2207 4927 2303 4980 tria
2335 4925 2449 4998 |_t:ec
2489 4922 2801 4988 ἀλμηήματσι
2831 4921 3095 4991 praecipua
3116 4964 3131 4987 ,
3164 4921 3386 4994 εἰδώλων,
3430 4939 3643 4998 πορνείας
3670 4970 3685 4992 ,

2082 5004 2305 5068 sti/antae.
2335 4994 2455 5068 “Ili.

2158 5070 2230 5139 (ιε)
2266 5066 2461 5136 Snﬂieit
2508 5073 2558 5139 et
2586 5063 2671 5139 hic;
2703 5071 2957 5139 seruatum
3005 5080 3110 5120 esse
3149 5070 3374 5124 inmania:
3419 5078 3466 5125 et
3523 5074 3684 5139 furni.

2085 5132 2271 5195 cationi
2314 5132 2500 5191 loetmt.
2534 5136 2603 5189 At
2649 5132 2821 5189 Lucas
2862 5134 2977 5201 ipse
3022 5151 3126 5192 non
3172 5140 3423 5195 servavit.
3473 5132 3680 5198 Eleniut

2088 5214 2287 5267 Acten,
2314 5206 2431 5271 XV,
2454 5220 2575 5260 cum
2608 5204 2780 5273 primo
2805 5203 3060 5268 dixisset.
3105 5227 3194 5265 τῶν
3232 5214 3430 5267 statim
3473 5218 3554 5267 καὶ
3582 5231 3683 5277 με

2074 5291 2289 5354 πορν-ξας
2320 5281 2400 5333 καὶ
2428 5282 2511 5354 τ’οῆ
2546 5278 2768 5343 αἳματος,
2793 5286 2980 5354 postea
3011 5294 3072 5334 ea
3090 5282 3310 5354 edixit,
3342 5288 3675 5347 εἰδωλοθύτων,

2076 5345 2158 5407 atati
2179 5357 2389 5424 74354270;
2420 5351 2501 5403 acati
2525 5356 2764 5424 «apstine.
2793 5345 2978 5424 Itaque
3002 5352 3241 5424 satis__est
3269 5345 3515 5408 frivohun
3543 5345 3685 5424 Sep;

2077 5423 2209 5479 timii
2244 5416 2617 5491 argumentnn
2643 5416 2710 5491 de
2737 5418 3020 5491 verborum
3052 5420 3239 5477 ordine
3284 5439 3377 5479 seu
3421 5424 3538 5479 loco
3561 5467 3575 5491 ,
3623 5416 3690 5480 ὀι

2078 5509 2210 5548 vana
2237 5488 2545 5558 conjectura
2598 5488 2926 5554 opinantium
2976 5491 3087 5546 lucc
3128 5493 3195 5545 ita
3241 5493 3438 5550 debere
3486 5488 3672 5550 nni-ti;

2080 5564 2299 5633 Spiritui
2326 5560 2516 5633 Sancto
2546 5560 2723 5633 suﬁeit
2753 5568 2799 5633 et
2825 5559 2908 5611 hic
2929 5564 3181 5633 servatum
3222 5581 3328 5619 esse
3369 5569 3593 5622 maeonia:
3632 5575 3682 5620 et

2081 5629 2401 5708 fornicationi
2425 5629 2625 5708 locum.
2649 5629 2948 5708 liecl:u_nat_
2968 5631 3229 5708 Irenmus.
3261 5652 3433 5707 neque
3463 5638 3564 5693 hoc
3591 5655 3684 5692 γυ-

2077 5700 2154 5761 itit
2183 5718 2413 5775 unquam
2446 5701 2497 5755 in
2531 5711 2767 5775 utentem
2802 5700 3047 5775 Septimii
3076 5708 3261 5760 nostri.
3309 5700 3430 5764 llic.

2148 5776 2210 5849 (ι)
2243 5772 2532 5850 Iisdemque
2569 5772 3096 5850 revocabitur._l)ecst
3136 5777 3365 5848 aliquid,
3408 5780 3548 5850 quod
3582 5779 3686 5833 nisi

2076 5843 2179 5921 ope
2195 5843 2529 5918 exemplaris
2553 5843 2741 5903 sarciri
2766 5843 2969 5914 nequit.
3001 5846 3105 5901 Aut
3130 5843 3277 5904 cei-ie
3301 5843 3640 5909 scribendum
3680 5864 3693 5901 ι

2946 5940 3460 6032 (Tremo-deut.)
