4006 6280
267 276 415 332 1005

873 376 1103 436 CAPUT
1142 374 1283 433 Xlll.

355 479 611 534 NUVitIillS
655 474 808 546 plane
829 481 880 527 et
911 471 996 525 hic
1042 469 1373 540 suspiciones
1419 480 1626 523 eorum.
1674 463 1883 520 Revera

276 575 420 628 enim
461 570 798 640 suspicantur
825 565 1123 636 apostolum
1155 564 1375 619 Paulum
1398 604 1413 628 ,
1458 561 1511 617 in
1537 559 1770 618 secunda
1818 560 1885 615 ad

279 663 588 720 Corinthius
627 658 691 733 (Il
733 659 850 714 Cor.
882 657 947 725 ll,
997 657 1030 713 5
1063 654 1168 728 ll),
1220 654 1296 726 (α)
1355 651 1527 711 eidem
1576 650 1885 708 fornicatori

278 756 486 811 veniam
516 753 726 807 dedisse
748 792 762 818 ,
789 764 946 822 quem
976 750 1026 802 in
1057 749 1230 819 prima
1254 744 1556 802 dedendum
1598 743 1811 801 Satanas
1831 742 1884 798 in

278 849 555 905 interitum
594 845 771 900 carnis
811 840 1169 913 pronuntiarit
1192 837 1233 911 (1
1269 837 1389 895 Cor.
1428 837 1467 892 V
1493 878 1508 905 ,
1541 838 1596 902 ὅ,
1626 846 1672 891 et
1698 831 1884 907 seqq.),

282 944 506 1013 impium
536 939 699 1012 patris
723 937 789 993 de
820 934 1161 992 matrimonio
1195 928 1460 987 lueredem
1485 948 1500 998 ;
1528 931 1786 1000 quasique
1811 927 1889 999 (ι)

286 1036 462 1105 ipsum
490 1040 670 1104 pustea
702 1028 900 1101 stylum
926 1026 1145 1082 verterit
1170 1025 1414 1081 scribens
1444 1042 1457 1079 :
1491 1021 1552 1079 Si
1576 1023 1686 1093 quis
1720 1031 1892 1076 autem

280 1106 590 1181 contristtwit
610 1165 624 1190 ,
656 1139 755 1178 non
788 1138 866 1176 me
894 1119 1205 1175 contristanit
1231 1159 1247 1184 ,
1278 1116 1373 1171 sed
1402 1131 1465 1171 ea:
1493 1126 1636 1186 parte
1660 1157 1676 1183 ,
1716 1130 1780 1168 ne
1805 1128 1893 1170 vos

286 1234 487 1272 onerent
508 1232 699 1271 omnes.
726 1213 868 1271 Satis
894 1223 966 1269 est
992 1213 1107 1268 talis
1126 1211 1402 1281 increpatio
1417 1225 1530 1280 quia
1555 1224 1586 1261 α
1614 1208 1785 1263 multis
1813 1206 1892 1276 ﬁt.

292 1311 380 1367 Uti
407 1328 433 1365 e
461 1311 715 1365 contrario
744 1308 907 1380 magis
951 1323 1036 1362 vos
1074 1304 1265 1360 donare
1292 1314 1338 1359 et
1366 1303 1645 1369 advocare,
1674 1318 1738 1356 ne
1763 1290 1897 1373 forte

292 1403 661 1459 abundautiore
690 1403 894 1456 tristitia
922 1401 1187 1454 devoretur
1212 1397 1482 1471 ejusmodi.
1512 1393 1731 1464 Propter
1764 1393 1899 1465 quod

291 1514 383 1552 oro
409 1512 494 1551 ros
513 1538 526 1562 ,
558 1493 874 1550 constituatis
921 1493 972 1546 in
1016 1506 1130 1546 eum
1161 1488 1499 1544 dilectionem.
1531 1485 1599 1541 In
1629 1487 1724 1541 hoc
1766 1485 1900 1540 enim

292 1602 341 1645 et
366 1588 580 1659 scripsi,
622 1588 696 1642 uti
717 1600 1019 1658 cognoscam
1046 1582 1388 1653 probationem
1417 1588 1633 1634 uestrum
1684 1574 1819 1648 quod
1849 1577 1903 1631 in

294 1679 523 1735 omnibus
561 1677 813 1734 obauditis
855 1675 1001 1730 milii.
1037 1672 1099 1731 Si
1141 1674 1223 1728 cui
1266 1684 1434 1726 autem
1482 1670 1823 1735 donuveritis,
1857 1676 1904 1723 et

1657 255 2122 317 TERTULLIANI

1906 378 1957 435 Α
1986 381 2094 428 tum
2124 371 2353 445 legatum
2382 369 2459 445 (5)
2486 372 2812 443 paenitentiae
2857 388 3018 445 quem
3064 371 3134 428 ab
3181 373 3296 445 ipso
3339 372 3592 431 didicisse

3443 259 3583 316 1001

1988 464 2215 523 deberes
2233 506 2248 532 ,
2277 465 2345 524 ab
2371 481 2436 522 co
2465 467 2745 538 exegerit,
2780 466 2909 522 nihil
2938 466 3008 523 de
3039 478 3251 536 postero
3277 467 3346 521 sit
3370 469 3593 523 commi-

1991 569 2166 625 natus,
2195 555 2327 613 nihil
2348 556 2416 613 de
2435 566 2634 613 cancro
2656 552 2959 615 allocutus?
2985 557 3122 626 Quin
3146 559 3274 625 imo,
3289 569 3345 614 et
3370 558 3593 632 ultro(6)

1991 649 2274 716 obsecrat,
2315 649 2798 711 constituerentiu
2851 666 2973 707 eum
3020 651 3397 716 dilectionem,
3444 653 3594 723 quasi

1993 743 2356 812 satisfaciens,
2387 761 2492 800 non
2522 745 2672 816 quasi
2701 745 2985 817 ignescens
3012 763 3027 803 :
3053 757 3108 801 et
3137 754 3317 815 tamen
3349 746 3593 803 dilectio-

1995 850 2116 891 nem
2140 835 2331 904 audio,
2363 853 2467 890 non
2500 837 3056 893 communicationem.
3089 837 3241 905 Quod
3265 846 3315 892 et
3343 837 3408 892 ad
3438 838 3597 893 Thes-

1995 929 2360 988 salonicenses
2389 948 2403 985 :
2436 929 2497 987 Si
2525 931 2640 1002 quis
2668 940 2836 985 autem
2883 948 2982 986 non
3013 931 3221 986 obaudit
3258 932 3478 986 sermoni
3509 948 3598 985 no-

1995 1031 2101 1076 stro
2138 1036 2228 1091 per
2264 1020 2565 1090 epistolam,
2610 1020 2744 1074 hunc
2784 1029 2993 1084 notate,
3039 1037 3131 1077 nec
3172 1021 3599 1076 commisceamini

1997 1112 2076 1167 illi
2100 1153 2115 1179 ,
2144 1121 2196 1165 ut
2225 1122 2508 1167 revereatur
2528 1154 2541 1175 ,
2571 1129 2671 1167 non
2699 1113 2848 1183 quasi
2876 1113 3132 1168 inimicum
3164 1113 3481 1183 deputantes,
3513 1114 3600 1168 sed

1998 1206 2144 1277 quasi
2170 1207 2379 1276 fratrem
2407 1207 2730 1277 objurgantes
2756 1205 2824 1279 (ll
2858 1205 3031 1261 Thess.
3062 1205 3150 1273 Ill,
3184 1206 3300 1277 M).
3331 1206 3482 1262 Adeo
3511 1221 3601 1277 po-

2003 1298 2192 1355 tuisset
2218 1298 2399 1355 dicere
2427 1309 2481 1355 et
2507 1298 2819 1355 fornicatori
2856 1299 3198 1357 dilectionem
3265 1301 3602 1356 solummodo

2002 1407 2337 1461 concessam,
2371 1409 2476 1448 non
2529 1402 2584 1448 et
2625 1393 3189 1450 communicationem.
3232 1393 3440 1450 Incesta
3478 1409 3603 1449 vero

2004 1500 2104 1541 nec
2126 1486 2487 1551 dilectionem,
2511 1502 2667 1559 quem
2695 1485 2899 1542 scilicet
2916 1485 3116 1542 auferri
3133 1486 3379 1557 iussisset
3400 1487 3467 1541 de
3496 1500 3606 1542 me-

2005 1577 2096 1633 dio
2123 1578 2392 1649 ipsorum,
2422 1577 2591 1633 multo
2614 1578 2783 1648 magis
2813 1576 2993 1648 utique
3016 1577 3086 1634 de
3106 1579 3307 1633 animo.
3333 1577 3437 1633 Sed
3464 1593 3605 1632 vere

2008 1669 2164 1725 batur
2193 1686 2260 1737 ne
2312 1668 2685 1725 fraudarentur
2717 1686 2746 1724 a
2781 1670 2977 1725 Sataua
3011 1670 3153 1726 circa
3201 1670 3315 1740 ejus
3369 1685 3608 1740 persona:

287 1789 401 1843 ego.
447 1770 585 1825 Nam
622 1780 668 1824 et
702 1785 797 1840 ego
843 1768 886 1822 si
928 1766 1050 1838 quid
1094 1763 1319 1830 donavi,
1362 1760 1545 1817 donavi
1588 1762 1641 1816 in
1682 1776 1897 1832 persona
1926 1768 1973 1830 Β
2003 1761 2544 1833 amissionem,quem
2562 1760 3430 1833 Salatmipseprojecerat;autne
3446 1762 3610 1819 abun-

293 1863 503 1929 Cltristi,
523 1878 585 1915 ne
605 1860 905 1933 fraudentur
919 1875 949 1911 tt
973 1856 1169 1911 Satana
1195 1856 1463 1925 :quoniam
1482 1870 1581 1908 non
1603 1846 1900 1924 ignoramus

292 1957 589 2028 injectiones
617 1956 727 2025 ejus
754 1951 821 2025 (II
839 1951 957 2007 Cor.
983 1948 1044 2013 ll,
1068 1949 1131 2015 5,
1161 1949 1270 2019 li).
1292 1946 1428 2015 Quid
1458 1945 1544 2001 hic
1566 1946 1632 2001 de
1667 1944 1900 2000 fornica-

299 2061 436 2112 tore,
457 2047 582 2119 quid
597 2046 664 2101 de
685 2042 891 2119 paterni
909 2041 1043 2098 thori
1059 2040 1504 2107 coutamiuatore,
1519 2038 1644 2109 quid
1667 2037 1734 2093 de
1760 2037 1903 2095 chri-

315 2118 488 2194 stiano
517 2118 850 2195 ethnicorum
870 2132 1248 2205 impudentiam
1272 2132 1349 2202 (2)
1387 2128 1903 2201 supergressointel-

304 2231 525 2303 ligitur?
552 2243 672 2286 cum
702 2226 923 2299 proinde
947 2228 1126 2296 utique
1151 2223 1369 2296 speciali
1390 2223 1547 2279 venia
1567 2223 1904 2292 absolvisset,

300 2340 461 2395 quem
502 2323 718 2394 speciali
768 2320 845 2376 ira
889 2320 1214 2375 damnasset.
1262 2316 1555 2373 Obscurtus
1586 2316 1904 2385 miseretur,

302 2433 462 2487 quam
484 2416 821 2489 indignatur;
854 2411 1088 2484 aperbr
1113 2421 1190 2466 est
1216 2410 1269 2464 in
1297 2409 1609 2466 adsteritate
1629 2451 1643 2477 ,
1672 2426 1828 2481 quam
1853 2411 1905 2465 in

302 2509 558 2565 lenitate:
587 2507 766 2578 atquin
796 2503 999 2560 facilius
1024 2503 1102 2559 ira
1129 2518 1288 2573 quam
1330 2502 1661 2574 indulgentia
1693 2501 1907 2574 obliqua

301 2612 420 2666 est;
471 2602 638 2671 magis
683 2598 915 2654 tristiora
962 2603 1311 2657 cunctantur,
1355 2610 1514 2666 quam
1560 2595 1782 2650 laetiora.
1833 2597 1911 2652 De

134 2716 279 2781 MM,
303 2692 512 2749 modica
565 2689 769 2754 scilicet
818 2687 1142 2781 indulgentia
1188 2686 1472 2758 agebatur;
1519 2702 1639 2757 quae
1684 2687 1730 2741 si
1773 2686 1911 2745 forte

302 2798 449 2839 nunc
477 2780 839 2837 testimaretur
865 2823 878 2847 ,
911 2776 1122 2849 quando
1139 2776 1381 2832 maxima
1421 2791 1646 2848 qumque
1690 2792 1794 2833 non
1825 2793 1913 2835 so-

308 2876 456 2929 leant
479 2871 638 2929 etiam
669 2871 785 2927 sine
811 2869 1192 2940 praedicatione
1216 2867 1424 2934 denari,
1457 2876 1604 2923 tanto
1629 2869 1779 2926 abest
1797 2871 1914 2926 sine
1940 2910 1947 2917 .

304 2964 711 3039 signiﬁcatione.
741 2963 809 3018 Et
854 2970 907 3018 tu
945 2960 1158 3032 quidem
1188 2961 1557 3032 ptenitentiam
1606 2962 1801 3020 mmchi
1847 2963 1916 3019 ad

303 3056 632 3113 exorandam
690 3053 1076 3111 fraternitatem
1148 3052 1202 3108 in
1268 3052 1554 3109 ecclesiam
1618 3052 1913 3122 inducens,

2008 1855 2184 1911 dautia
2215 1855 2462 1910 maeroris
2490 1853 2857 1920 devoraretur,
2906 1869 3063 1924 quem
3089 1853 3443 1925 iniiuteritum
3488 1869 3608 1907 car-

2009 1948 2092 2004 nis
2122 1948 2420 2004 addixerat.
2461 1947 2558 2003 Hic
2597 1950 2707 2019 jam
2738 1948 2914 2003 carnis
2956 1947 3226 2002 interitum
3269 1948 3321 2001 iu
3370 1946 3610 2001 officium
3633 1931 3865 2007 ima.

2010 2040 2336 2115 pmttitentia:
2378 2041 2821 2111 interpretantur,
2865 2037 3009 2110 quod
3041 2036 3280 2092 videatur
3302 2036 3522 2108 jejuuiis
3555 2046 3613 2092 et

2008 2133 2258 2189 sordibus
2284 2143 2338 2188 et
2362 2132 2562 2187 incuria
2593 2116 2737 2186 omni
2759 2139 2814 2186 et
2840 2130 3019 2186 dedita
3045 2146 3208 2201 Opera
3235 2131 3388 2184 malae
3418 2138 3612 2186 tracta-

2011 2226 2171 2282 tionis
2199 2240 2432 2297 carucm
2454 2208 2860 2282 exterminando
2886 2226 3014 2279 Satis
3046 2224 3154 2278 Deo
3195 2222 3406 2288 facere;
3440 2233 3497 2279 ut
3543 2240 3613 2281 ex

2011 2317 2113 2375 hoc
2138 2328 2575 2392 argumentemur
2593 2316 2989 2381 fornicatorem,
3019 2318 3125 2371 imo
3149 2317 3406 2372 incestmn
3434 2317 3607 2383 illum,

2013 2427 2120 2467 non
2147 2408 2198 2467 in
2224 2412 2575 2483 perditionem
2604 2410 2816 2467 Satanae
2845 2411 2912 2466 ab
2941 2411 3199 2481 Apostolo
3224 2410 3493 2477 traditum,
3517 2411 3612 2468 sed

2015 2504 2067 2559 in
2097 2503 2551 2572 emendationem,
2584 2504 2733 2573 quasi
2765 2512 2948 2574 postea
2985 2504 3190 2561 veniam
3217 2503 3287 2557 ob
3316 2504 3611 2569 interitum,

2016 2594 2067 2651 id
2095 2603 2178 2650 cst
2207 2592 2654 2650 Conflictationem
2672 2595 2875 2662 carnis,
2904 2603 3337 2659 consecuturum,
3368 2594 3526 2663 igitur
3560 2604 3616 2650 ct
3658 2588 3665 2595 ”

2016 2698 2382 2745 consecutum.
2425 2688 2590 2744 Plane
2636 2686 2777 2744 idem
2841 2689 3114 2758 apostolus
3171 2688 3517 2760 Hymenaeum
3560 2700 3617 2746 ct

2017 2780 2379 2838 Alexandrum
2423 2782 2636 2838 Satanae
2678 2781 2911 2848 tradidit,
2953 2790 3010 2836 ut
3060 2781 3475 2838 emendarentur
3508 2798 3619 2839 non

2019 2875 2414 2947 blaSphemare,
2452 2875 2588 2930 sicut
2628 2873 2912 2930 Timotheo
2935 2889 3033 2933 suo
3064 2873 3254 2929 scribit
3296 2871 3356 2946 (Ι
3385 2872 3543 2939 Tim.,
3574 2875 3619 2940 l,

2020 2964 2133 3038 20).
2168 2966 2238 3040 (θ)
2280 2965 2385 3023 Sed
2416 2975 2471 3022 et
2497 2967 2609 3037 ipse
2653 2965 2835 3021 datum
2863 2965 2964 3021 sibi
3005 2965 3081 3021 ait
3117 2966 3327 3030 sudem,
3374 2965 3622 3035 angelum

2022 3059 2255 3126 Satatue,
2275 3074 2306 3113 a
2327 3073 2433 3128 quo
2457 3056 2882 3128 colaphizaretur
2904 3070 3046 3117 neise
3069 3056 3369 3114 extolleret.
3395 3056 3461 3129 (ll
3478 3056 3621 3123 Con,

309 3147 790 3221 (b)concili_ciatum
807 3144 1285 3201 etconcincratum
1315 3157 1434 3200 cum
1450 3144 1778 3203 dedecoreet
1793 3147 1919 3203 hor-
1951 3156 1996 3222 ρ
2029 3151 2167 3220 XII;
2185 3150 2259 3225 7).
2290 3150 2343 3207 Si
2376 3162 2426 3206 et
2461 3149 2562 3207 hoc
2595 3160 2817 3221 tangunt
2843 3160 2899 3203 ut
2929 3148 3151 3206 traditos
3178 3148 3389 3206 Satanae
3413 3150 3481 3205 ab
3509 3148 3621 3217 illo,

305 3258 432 3300 rore
446 3241 799 3312 compositum
816 3238 1109 3310 prosternis
1127 3235 1210 3311 (5)
1227 3238 1278 3293 in
1304 3237 1535 3293 medium
1564 3247 1689 3296 ante
1709 3239 1916 3312 viduas,

306 3344 435 3391 ante
466 3335 837 3407 presbyteros,
871 3331 1108 3387 omnium
1132 3329 1352 3386 lacinias
1392 3330 1732 3389 invadentem
1753 3375 1769 3398 ,
1798 3349 1917 3391 om-

238 3462 241 3467 ι
307 3430 454 3483 nium
488 3426 704 3498 vestigia
737 3426 1079 3491 lambentem,
1109 3422 1346 3479 omnium
1367 3437 1539 3494 genua
1569 3414 1919 3496 detinentem,

313 3520 476 3592 inque
502 3535 623 3576 cum
644 3518 874 3575 hominis
896 3519 1097 3574 exitum
1122 3516 1335 3589 quantis
1358 3525 1512 3586 potes
1537 3515 1924 3577 misericordiae

255 3650 273 3668 ι
308 3612 595 3668 inlecebris
615 3652 630 3675 ,
660 3612 831 3667 bonus
859 3618 1040 3679 pastor
1073 3616 1126 3664 et
1156 3606 1236 3680 (c)
1262 3606 1579 3664 benedictus
1622 3593 1762 3679 Papa
1792 3625 1920 3667 con-

314 3702 579 3769 cionaris,
612 3712 666 3758 et
692 3702 744 3755 in
773 3700 1022 3771 parabola
1046 3700 1196 3764 ovis,
1224 3701 1417 3770 capras
1442 3707 1560 3754 tuas
1588 3702 1805 3772 quieris,
1834 3714 1919 3760 tua

316 3796 431 3852 ovis
460 3795 536 3868 (4)
565 3810 634 3851 ne
663 3808 849 3849 rursus
874 3791 942 3848 de
968 3806 1134 3864 grege
1169 3790 1388 3857 exiliat,
1419 3791 1570 3863 quasi
1596 3807 1701 3847 non
1730 3793 1923 3852 exinde

316 3892 427 3956 iam
456 3890 611 3944 liceat
636 3872 777 3958 quod
809 3901 909 3951 nec
936 3884 1103 3942 semel
1131 3884 1300 3951 licuit,
1334 3891 1561 3941 caeteras
1590 3885 1750 3941 etiam
1780 3901 1925 3945 metu

188 3972 192 3981 ’
270 3976 279 3981 ⁷
321 3982 596 4052 comples,
647 3995 768 4035 cum
820 3980 1048 4035 tnaximc
1098 3979 1399 4050 indulgens.
1459 3979 1748 4051 Apostolus
1796 4000 1927 4042 vero

323 4074 641 4130 sceleratam
691 4071 967 4127 libidinem
1015 4069 1375 4127 fornicationis
1425 4070 1629 4128 incesto
1680 4085 1930 4133 onustam

326 4176 432 4222 tam
461 4165 695 4237 projecte
718 4162 1041 4235 ignovisset,
1070 4170 1127 4218 ut
1171 4178 1269 4218 nec
1299 4164 1439 4218 hunc
1458 4164 1646 4220 saltem
1667 4165 1743 4239 (ά)
1774 4168 1925 4225 habi-

2027 3246 2081 3301 in
2107 3244 2558 3309 emendationem,
2611 3258 2716 3297 non
2759 3241 2815 3298 in
2845 3240 3200 3314 perditionem
3243 3240 3621 3313 intelligamus,

2015 3337 2153 3410 quid
2177 3337 2351 3393 simile
2382 3335 2710 3408 blasphemia
2739 3345 2794 3391 et
2830 3336 3090 3391 incestum
3130 3345 3183 3390 et
3227 3337 3400 3391 anima
3445 3338 3513 3391 ab
3544 3335 3626 3391 his

2018 3434 2256 3503 integra,
2286 3433 2393 3488 imo
2432 3447 2537 3486 non
2575 3429 2791 3487 aliunde
2817 3444 2977 3500 quam
3005 3445 3075 3484 ex
3102 3443 3310 3484 summa
3350 3430 3628 3485 sanctitate

2030 3534 2085 3579 ct
2112 3540 2179 3579 ex
2209 3524 2354 3578 otnni
2385 3522 2686 3579 innocentia
2713 3522 2871 3587 elata,
2901 3535 3022 3592 quae
3048 3522 3100 3576 in
3121 3520 3363 3591 apostolo
3389 3520 3628 3591 colaphis

2028 3616 2075 3673 si
2103 3617 2237 3672 forte
2265 3615 2629 3682 cohibebatur,
2664 3629 2761 3687 per
2784 3613 3051 3680 dolorem,
3090 3622 3152 3668 ut
3178 3614 3344 3679 aiunt,
3373 3611 3628 3668 auricula:

2025 3708 2113 3780 vel
2135 3708 2342 3778 capitis.
2372 3692 2640 3762 lncestum
2672 3720 2801 3762 vero
2829 3715 2990 3777 atque
3013 3704 3335 3775 blasphemia
3358 3712 3497 3758 totos
3523 3702 3626 3757 ho-

2030 3802 2203 3856 mines
2239 3801 2289 3854 in
2321 3800 2718 3872 possessionem
2759 3798 2858 3869 ipsi
2888 3798 3119 3864 Satanae,
3148 3810 3249 3851 non
3279 3794 3469 3866 angelo
3509 3793 3626 3864 ejus

2032 3893 2317 3950 tradidisse
2361 3901 2690 3948 meruerunt.
2723 3891 2789 3946 Et.
2828 3889 2898 3945 de
2939 3889 3041 3945 hoc
3080 3888 3219 3947 enim
3246 3886 3488 3950 interest,
3520 3886 3628 3941 imo

2031 3997 2084 4044 et
2112 3986 2177 4042 ad
2203 3986 2304 4042 hoc
2322 3984 2608 4057 plurimum
2638 3983 2822 4049 refert,
2852 3983 2992 4055 quod
3020 3982 3140 4038 illos
3161 3981 3381 4037 traditos
3400 3981 3467 4035 ah
3488 3981 3631 4051 Apo-

2033 4081 2170 4137 stolo
2197 4080 2422 4151 legimus
2449 4078 2696 4144 Satanae;
2727 4076 2987 4149 Apostolo
3014 4090 3141 4131 vero
3165 4074 3413 4146 angelum
3448 4073 3633 4129 datum

2029 4173 2265 4232 Satanae.
2296 4174 2592 4240 Postremo,
2615 4187 2735 4227 cum
2765 4170 3083 4242 deprecatur
3105 4166 3390 4225 Dominum
3412 4166 3632 4236 Paulus,

1627 4300 2007 4367 LECTIONES
2045 4268 2457 4365 metamus.

390 4420 472 4547 (1;
501 4420 712 4479 Quasive
733 4414 886 4469 Rhea.
912 4411 1108 4488 Obertlt.
1132 4412 1273 4477 quasi
1291 4411 1371 4463 vel
1397 4412 1539 4476 Leon.

396 4484 450 4547 (2
504 4482 760 4547 Ethnicum
782 4478 1088 4547 impudentia
1110 4479 1233 4547 Par.
1261 4537 1291 4547 Α
1375 4533 1387 4547 ⁸

2099 4423 2171 4481 (4)
2189 4423 2293 4473 'l‘ua
2316 4424 2422 4473 ovis
2444 4420 2569 4474 delet
2595 4423 2698 4472 Lat.

2105 4485 2180 4547 (ὃ)
2215 4485 2685 4547 Ιιρείιὶηιιιιηίιιεορ.

402 4482 472 4547 ’2)
504 4482 760 4534 Etbnicum
782 4482 1086 4543 impudentia
1110 4482 1233 4526 Par.

396 4493 470 4610 l3)
506 4544 839 4596 Prosternens
860 4544 1003 4592 Pam.
1029 4535 1227 4592 Oberth.
1254 4533 1405 4587 Seml.

2105 4485 2180 4613 at
2791 4494 2881 4533 ηπ·

1755 4628 2311 4713 COMMENTARIUS.

334 4789 456 4847 Nisi
501 4788 719 4855 denique
743 4775 1389 4855 revocabiturniteratione,
1420 4776 1644 4833 mwchia':
1679 4782 1848 4852 utique
1883 4792 1931 4840 et

337 4861 616 4934 sanguinis
705 4852 1028 4934 idototatrite.
1060 4848 1181 4934 lito.

409 4918 559 4988 (ΪΑΡ.
579 4923 863 4996 X|II.——(a)
872 4919 1363 5047 EidemJornicatori
1382 4918 1579 4974 veniam
1592 4920 1805 4989 dedisse,
1822 4933 1926 4981 etc.

409 5006 533 5047 imm.
559 5001 763 5047 scilicet
785 4997 851 5047 ad
875 4993 1003 5047 Cor.
1111 4989 1321 5045 notabis
1351 4990 1720 5047 fornicatorem
1750 4998 1926 5047 vocari

336 5005 533 5060 Primae
558 5001 763 5058 scilicet
785 4989 856 5051 ad
875 4993 1003 5050 Cor.
1035 4989 1079 5047 Υ
1111 4989 1321 5045 notabis
1351 4990 1720 5049 fornicatorem
1750 4998 1929 5051 vocari

337 5076 429 5147 qui
458 5075 664 5147 incesto
685 5084 746 5124 se
773 5066 1060 5147 polluerat,
1127 5061 1273 5144 unde
1314 5072 1498 5147 postea
1526 5067 1754 5147 paterni
1788 5066 1934 5147 .tltori

338 5132 789 5221 contaminatorum
809 5135 1070 5218 appellat,
1097 5132 1294 5221 sicque!
1318 5132 1680 5221 fognicationis
1707 5145 1761 5192 et
1787 5137 1930 5194 ince-

337 5203 457 5272 stu;
480 5210 695 5269 nomine
723 5203 1024 5279 promiscue
1060 5205 1243 5279 utitur.
1274 5203 1353 5259 LI:
1381 5204 1476 5279 Pa.

409 5286 488 5361 (ιι)
519 5276 903 5361 Conciliciatum
932 5287 978 5330 et
1006 5276 1732 5361 concinentiam.lucilicioet
1753 5278 1937 5337 cinere

339 5347 712 5427 painiteutiutn
751 5347 1167 5427 squitloreJlte.
1287 5417 1299 5427 ‘
1373 5416 1395 5427 -
1627 5390 1632 5394 .

415 5427 486 5501 (c)
509 5416 811 5501 Benedictus
831 5421 982 5487 Papa
1010 5417 1342 5501 conriouoris.
1371 5416 1432 5474 In
1454 5419 1815 5501 vetustissimo
1837 5421 1938 5478 hoc

339 5489 619 5570 scriptore
643 5495 801 5570 Papa:
849 5505 1040 5570 nomen
1087 5490 1351 5570 occurrit,
1396 5489 1577 5570 qui_et
1621 5491 1937 5570 benedictus,

338 5581 396 5622 ut
419 5559 537 5642 cap.
556 5559 1046 5642 30_de'Prtescrijit.
1072 5560 1209 5642 κει.ὺί
1241 5559 1608 5642 Eleutlierium
1631 5559 1942 5618 benedictum

338 5631 515 5707 vocat',
564 5638 738 5708 quiet
780 5632 1017 5708 pontifex
1091 5631 1192 5687 fuit
1235 5631 1573 5688 romanensis
1593 5642 1677 5758 Let
1698 5643 1941 5758 Imartyr.

1639 5720 1672 5758 E
1745 5720 1798 5758 ιι.

1639 5720 1672 5759 Ε
1699 5720 1798 5760 ιἰι.

408 5782 486 5859 (tl)
521 5779 763 5840 Habitum
808 5778 1027 5852 legatum
1059 5772 1388 5849 pwuitcntiw.
1417 5771 1530 5830 Hoc
1550 5785 1666 5845 est,
1710 5775 1945 5850 gentium

2035 4802 2300 4844 consensu
2331 4788 2631 4860 delegatum
2657 4830 2669 4851 .
2715 4787 3056 4857 dicatumque
3096 4793 3151 4841 et
3175 4782 3641 4860 convenientissi-

2036 4874 2182 4915 mum
2232 4853 2599 4930 pteniten'tium
2631 4874 2725 4916 seu
2753 4853 2980 4914 reorum'
3011 4854 3317 4930 ntmstitizn:
3366 4855 3448 4930 vel
3493 4853 3644 4930 habi-

2037 4941 2147 4986 tum
2178 4926 2455 5002 pmniteuti
2483 4933 2666 4987 datum
2691 4930 3029 5002 legatumque
3050 4927 3202 4999 quasi
3229 4926 3639 5002 per_tlamnatio-

2037 4997 2194 5069 nem,
2227 5004 2279 5057 in
2306 5002 2420 5058 haec
2446 5002 2605 5058 verba
2642 5019 2655 5056 :
2704 4997 2807 5070 Qui
2853 4997 3123 5065 ntcéclttts,
3179 4999 3268 5070 qui
3309 4997 3641 5070 fornicator,

2039 5067 2292 5128 Ecclesia:
2321 5089 2509 5144 pacem
2540 5072 2638 5128 sibi
2680 5067 2828 5127 reddi
2876 5068 3255 5144 postulaverit,
3304 5069 3357 5124 iu
3404 5067 3547 5122 luctu
3588 5077 3645 5121 et.

2037 5141 2400 5215 squalore_,_in
2448 5160 2605 5215 sacco
2631 5153 2686 5200 et
2711 5145 2891 5215 cinere
2922 5141 3140 5215 fratrum
3162 5153 3358 5215 genua
3392 5153 3645 5215 prensare

2040 5209 2322 5269 damnatus
2350 5224 2488 5270 esto.
2514 5213 2680 5282 Alias,
2703 5214 2844 5285 quod
2873 5214 3096 5284 preponi
3125 5209 3303 5275 video,
3329 5209 3604 5281 legitimum
3626 5248 3642 5273 ,

2041 5299 2148 5341 non
2174 5285 2499 5354 displiceret.
2534 5287 2652 5342 Κίρ.

2116 5356 2189 5428 (c)
2220 5351 2408 5428 Séd‘et
2444 5357 2553 5426 ipse
2576 5359 2753 5410 datum
2779 5355 2875 5411 sibi
2907 5354 2978 5409 ait
3016 5351 3212 5428 sudent,
3262 5351 3646 5428 augglumﬁa—

2044 5421 2197 5482 tonui.
2229 5427 2434 5499 Aliquis
2466 5421 2611 5499 haud
2636 5428 2753 5499 sine
2789 5441 2978 5499 caussa
3006 5423 3309 5499 mirabitur,
3335 5421 3638 5499 Tertullia-

2046 5513 2192 5561 num,
2224 5492 2502 5568 postquam
2538 5498 2812 5553 Paulinum
2840 5497 2987 5553 illum
3024 5497 3253 5568 excitam,
3282 5492 3639 5568 angelumSa-

2047 5563 2401 5635 taumflatin'e
2440 5569 2669 5626 reddidit
2709 5569 2905 5637 sudem,
2936 5581 3070 5637 mos
3097 5565 3336 5637 opinioni
3380 5563 3639 5637 accedere

2047 5634 2465 5711 existimantium
2509 5640 2574 5711 iis
2599 5634 2869 5696 vocabulis
2902 5635 3194 5711 signiﬁcari
3236 5634 3476 5705 dolorem
3507 5634 3651 5695 auri-

2049 5710 2185 5769 cula:
2215 5710 2295 5767 vel
2325 5711 2533 5786 Capitis.
2566 5710 2683 5767 th.
