4006 6280
378 361 520 422 1005

1619 332 1955 413 uacuos
1994 354 2359 414 PUDlCiTlA.

2970 326 2995 341 Ι

3535 358 3674 416 1006

379 474 504 545 quid
531 473 716 530 audit?
761 473 902 531 Satis
929 473 1057 529 habe
1092 472 1309 544 gratiam
1336 485 1538 536 meam;
1574 472 1732 526 virtus
1763 473 1895 527 enim
1924 473 1977 525 in
2006 471 2054 532 Α
2082 470 2282 528 caloris
2310 483 2590 542 personam
2632 468 2939 526 convenire.
2980 468 3034 526 Si
3065 469 3208 525 enim
3247 470 3547 528 dedendum
3576 475 3676 533 Sa-

379 565 677 635 inﬁrmitatc
696 565 958 635 perﬁcitur
986 564 1051 636 (II
1072 564 1210 629 Con,
1244 564 1360 630 XII,
1380 561 1608 636 9).Hoc,
1637 554 1728 635 qui
1763 564 1976 620 Satanae

380 656 667 724 deduntur,
711 657 897 712 audire
940 672 1046 713 non
1097 665 1337 725 possunt.
1386 656 1658 728 Hymenaei
1701 666 1877 712 autent
1924 664 1979 711 et

381 744 671 804 Alexandri
691 747 893 803 crimen
911 747 954 801 si
982 757 1032 802 et
1061 746 1114 801 in
1142 746 1248 802 isto
1262 756 1313 801 et
1335 746 1389 801 in
1408 744 1589 801 futuro
1609 760 1723 800 sevo
1745 746 1978 802 irremis-

382 841 535 897 sibile
559 851 662 903 est.
692 839 1021 911 blasphemia
1065 840 1304 906 scilicet;
1340 838 1519 909 utique
1546 839 1838 910 Apostolus
1872 855 1979 895 non

383 930 461 1006 (a)
489 931 749 987 adversus
771 931 1057 988 terminum
1090 930 1295 985 Domini
1318 931 1419 986 sub
1437 945 1535 1002 spe
1562 932 1731 987 Venite
1748 930 1985 988 dedisset

383 1025 615 1089 Satanae,
643 1024 748 1094 iam
775 1039 804 1077 a
834 1023 956 1079 lidei
1003 1023 1056 1077 in
1094 1021 1476 1093 blasphemiam
1506 1037 1729 1078 mersos.
1757 1022 1909 1078 Unde
1932 1030 1987 1077 et

385 1118 668 1188 naufragos
696 1132 790 1174 eos
810 1116 958 1186 juxta
987 1116 1146 1173 lldem
1170 1116 1555 1186 pronuntiavit,
1584 1131 1689 1170 non
1730 1115 1988 1172 habentes

381 1211 490 1283 jam
519 1211 766 1268 solatium
787 1211 934 1266 navis
957 1208 1244 1266 Ecclesiae:
1277 1209 1378 1264 illis
1401 1210 1542 1264 enim
1567 1210 1718 1264 venia
1745 1217 1986 1279 negatur,

387 1303 475 1374 qui
520 1302 587 1358 de
636 1302 741 1360 [ide
778 1303 829 1357 in
864 1299 1249 1373 blasphemiam
1300 1302 1655 1373 impegcrtmt.
1700 1302 1987 1369 Cmternm,

392 1393 594 1449 ethnici
624 1401 678 1448 et
708 1393 940 1449 lucretici
970 1392 1206 1463 quotidie
1235 1408 1300 1448 ex
1332 1392 1659 1462 blaSpltemia
1686 1403 1989 1462 emergunt.

391 1485 495 1542 Sed
540 1484 641 1541 etsi
691 1484 859 1541 dixit:
895 1483 1108 1539 Tradidi
1133 1500 1218 1538 eos
1262 1483 1494 1549 Satanae,
1544 1483 1619 1536 uti
1669 1482 1996 1553 disciplinam

388 1578 673 1644 acciperent
697 1592 799 1630 non
824 1574 1211 1644 blasphcmaudi
1229 1592 1249 1640 ;
1269 1574 1338 1628 de
1358 1573 1567 1628 cmteris
1591 1572 1725 1629 dixit
1751 1574 1865 1644 qui,
1892 1573 1997 1628 illis

392 1668 598 1741 traditis
661 1665 895 1731 Satanas,
940 1664 992 1720 id
1040 1673 1124 1720 est
1182 1672 1331 1721 extra
1373 1662 1667 1719 Ecclesium
1720 1663 1993 1733 prnjcctis,

390 1760 589 1817 erudiri
616 1758 880 1814 haberent
910 1756 1386 1828 blasphemandum
1419 1771 1525 1810 non
1556 1769 1695 1811 esse.
1724 1754 1814 1811 Sic
1842 1755 2001 1826 igitur

2081 575 2219 621 tame
2291 564 2726 635 pronuntiaverat
2789 565 2862 620 in;
2913 564 3185 622 interitum
3251 567 3448 630 carnis,
3497 569 3681 638 utique

2082 655 2426 711 damnaverat
2444 670 2565 711 eum
2584 654 2769 726 magis,
2790 669 2948 726 quam
2972 655 3357 727 increpaverat.
3380 656 3533 714 Alius
3554 674 3684 730 ergo

2084 756 2219 814 erat,
2243 749 2327 803 cui
2348 746 2513 803 voluit
2535 747 2783 804 sufﬁcere
2810 747 3227 818 increpationcm
3246 764 3260 815 ;
3282 750 3542 821 siquidem
3572 750 3683 806 for-

2086 841 2294 898 nicator
2320 858 2424 897 non
2448 841 2866 912 increpationem
2888 841 2955 899 de
2982 842 3245 899 sententia
3273 845 3388 915 ejus
3410 847 3685 913 retulerat,

2089 933 2183 988 sed
2213 933 2633 989 damnationem.
2675 932 2805 988 Nam
2835 942 2889 988 et
2931 932 3031 989 lioc
3076 934 3249 1005 ipsum
3297 935 3687 1007 dispiciendum

2090 1024 2183 1080 tibi
2205 1023 2394 1093 oti'ero,
2416 1039 2482 1079 an
2507 1023 2704 1080 fuerint
2729 1027 2783 1079 in
2803 1024 3034 1094 Epistola
3062 1026 3227 1096 prima
3249 1037 3303 1083 et
3329 1028 3417 1083 alii
3439 1029 3526 1099 qui
3546 1029 3691 1099 Apo-

2090 1114 2285 1169 stolnm
2339 1098 2775 1171 contristarer‘int
2821 1115 3091 1172 incondite
3148 1128 3396 1189 agentes;
3446 1098 3501 1175 et
3559 1098 3693 1176 con-

2094 1205 2287 1261 tristati
2330 1207 2432 1261 sint
2479 1206 2546 1260 ab
2589 1205 2700 1270 illo,
2742 1206 3158 1278 increpationem
3210 1207 3503 1266 referentes
3545 1211 3696 1282 juxta

2095 1315 2311 1358 sensum
2359 1301 2612 1371 Epistolte
2655 1300 2924 1364 secundae,
2956 1316 3021 1357 ex
3061 1303 3252 1372 quibus
3284 1305 3335 1358 in
3384 1320 3447 1360 ca
3486 1305 3695 1362 veniant

2097 1393 2287 1464 aliquis
2325 1393 2555 1462 potuerit
2585 1391 2831 1463 adipisci.
2861 1391 3362 1451 Animadvertamus
3402 1406 3579 1467 autem
3614 1408 3699 1453 to-

2099 1491 2205 1538 tam
2226 1483 2514 1554 Epistulam
2539 1483 2785 1553 primam,
2805 1492 2862 1537 ut
2884 1484 2951 1538 ita
2971 1483 3217 1551 dixerim,
3238 1500 3346 1540 non
3375 1497 3699 1555 atramento,
3722 1497 3773 1525 ιν

2100 1574 2194 1630 sed
2223 1574 2345 1631 felle
2368 1575 2745 1645 conscriptam,
2783 1584 3096 1639 tumentem,
3131 1576 3514 1648 indignantem,
3545 1578 3695 1648 dedi-

2101 1676 2376 1738 guantem,
2416 1644 2854 1732 comminantem,
2887 1665 3222 1731 invidiosam,
3247 1644 3337 1742 id)
3362 1677 3415 1724 et
3455 1644 3561 1740 per‘
3591 1670 3707 1725 sin-

2102 1761 2255 1832 gulas
2279 1772 2494 1815 caussas
2525 1756 2598 1833 (e)
2622 1759 2675 1814 in
2722 1759 2981 1829 quosdam
3011 1759 3161 1832 quasi
3203 1762 3479 1833 mancipes
3518 1777 3703 1818 earum

390 1863 439 1909 ct
483 1852 742 1908 incestum
771 1850 1148 1906 fornicatnrem
1190 1864 1296 1902 non
1321 1847 1376 1903 in
1405 1847 1857 1914 emendationem,
1899 1846 1994 1902 sed
2024 1862 2074 1922 Β
2103 1851 2402 1924 ﬁguratam.
2430 1844 2519 1906 Sic
2549 1851 2692 1905 enim
2720 1859 3010 1921 exegerunt
3049 1850 3360 1918 schismata,
3393 1862 3447 1908 et
3484 1855 3703 1908 :cmula-
3723 1879 3749 1895 α

393 1949 445 2004 in
485 1946 837 2018 perditionem
870 1944 1088 1999 tradidit
1115 1943 1349 2001 Satante,
1391 1940 1458 1996 ad
1487 1955 1648 2012 quem
1683 1940 1795 2011 jam
1835 1953 1999 2009 super

393 2040 643 2098 ethnicos
682 2036 1043 2109 deiinquendo
1084 2035 1389 2097 transierat,
1422 2042 1478 2087 ut
1514 2033 1784 2087 discerent
1830 2031 1997 2085 forni-

393 2133 622 2190 candum
649 2146 753 2186 non
780 2145 921 2187 esse.
951 2129 1188 2198 Denique
1214 2129 1267 2181 in
1287 2127 1563 2193 interitum,
1593 2126 1782 2197 inquit,
1808 2126 1996 2190 carnis,

398 2243 524 2292 non,
568 2226 621 2280 in
646 2224 979 2288 cruciatum;
1020 2221 1192 2293 ipsam
1219 2219 1569 2276 substantiam
1602 2219 1862 2274 damnans
1907 2232 2001 2286 per

399 2334 557 2390 quam
582 2315 876 2392 exciderat,
908 2330 1029 2386 quae
1050 2312 1250 2369 exinde
1275 2313 1385 2382 jam
1419 2314 1670 2382 perierat,
1698 2307 1773 2383 (b)
1798 2311 1999 2381 baptis-

398 2424 540 2469 mate
583 2412 816 2476 amisso;
867 2420 927 2463 ut.
947 2409 1177 2476 spiritus,
1208 2407 1398 2478 inquit,
1427 2407 1597 2461 salvus
1620 2406 1683 2461 sit
1709 2406 1762 2459 in
1789 2404 1872 2459 die
1897 2402 2003 2459 Da-

399 2507 524 2561 nn’ni
563 2502 611 2578 (ι
636 2502 781 2571 Cor.,
808 2503 875 2569 γ,
899 2499 976 2574 5).
1018 2501 1088 2557 Ει
1109 2501 1175 2556 de
1204 2501 1306 2556 hoc
1334 2501 1477 2556 enim
1523 2508 1794 2570 quaeratur
1815 2500 1858 2555 si
1889 2499 2002 2570 spi-

398 2599 538 2655 ritus
583 2596 816 2655 hominis
866 2595 1032 2665 ipsius
1089 2593 1268 2649 salvus
1316 2592 1440 2647 erit.
1486 2590 1630 2662 Ergo
1673 2590 1851 2646 salvus
1901 2591 2002 2646 erit

401 2692 623 2763 spiritus
668 2698 819 2746 tanto
852 2689 1059 2745 scelere
1085 2687 1338 2758 pollutus,
1391 2694 1610 2757 propter
1649 2685 1752 2741 hoc
1799 2684 2000 2757 perdita

401 2800 584 2850 carne,
600 2791 657 2838 ut
678 2781 857 2837 salvus
877 2780 946 2835 sit
972 2780 1024 2835 in
1047 2794 1223 2849 poena.
1245 2775 1317 2849 (ε)
1334 2777 1471 2848 Ergo
1488 2790 1701 2847 poenam
1716 2776 1834 2832 sine
1845 2789 2006 2831 carne

400 2874 641 2932 censebit
676 2873 940 2930 contraria
963 2871 1354 2943 interpretatio,
1397 2869 1441 2925 si
1457 2865 1538 2943 (l)
1562 2869 2009 2925 resurrectionem

401 2969 580 3025 carnis
621 2967 936 3023 amittimus.
983 2965 1242 3036 Superest
1285 2962 1445 3033 igitur
1474 2970 1533 3017 ut
1585 2976 1706 3017 eum
1757 2962 2000 3035 spiritum

403 3062 618 3127 dixerit,
646 3060 738 3132 qui
765 3060 818 3115 in
851 3057 1088 3114 Ecclesia
1109 3063 1382 3121 censetur,
1412 3052 1640 3115 salvum,
1673 3052 1724 3107 id
1754 3061 1836 3108 est
1862 3053 2007 3108 inte-

405 3171 581 3225 grum,
609 3150 969 3223 praestandum
995 3150 1048 3204 in
1077 3148 1167 3203 die
1200 3145 1408 3202 Domini
1444 3145 1514 3199 ab
1545 3144 2007 3200 immunditiarnm

2104 1947 2297 2009 tiones,
2339 1953 2394 1999 et
2438 1943 2824 2008 dissensiones,
2869 1953 2922 2000 et
2966 1947 3544 2017 praesumptiones,..et
3591 1949 3705 2003 cla-

2106 2040 2298 2101 tiones,
2327 2045 2382 2092 et
2412 2036 2814 2101 contentiones;
2843 2046 2902 2091 ut
2940 2044 2995 2092 et
3025 2016 3219 2092 invidia
3246 2016 3619 2106 oneraremur,
3653 2053 3710 2097 et

2105 2129 2447 2200 correptione
2487 2128 2923 2196 retunderentur,
2955 2139 3009 2184 et
3050 2132 3296 2201 superbia
3337 2132 3703 2202 elimarentur,

2104 2230 2154 2276 et
2188 2222 2499 2276 austeritate
2523 2218 2943 2277 deterrerentur.
2978 2219 3049 2294 (f)
3078 2223 3141 2276 Et
3170 2223 3343 2293 qualis
3373 2224 3567 2280 invidia
3609 2227 3710 2281 hu-

2108 2314 2348 2369 militatis
2391 2310 2646 2368 aculeus?
2693 2309 2805 2366 Deo
2848 2314 3041 2383 gratias
3109 2330 3227 2386 ago,
3269 2318 3406 2386 quod
3465 2319 3715 2375 neminem

2106 2417 2324 2462 vestrum
2351 2405 2611 2471 tinxcrim,
2644 2405 2744 2459 nisi
2771 2403 3031 2495 Crispu‘
3052 2415 3098 2460 et
3127 2404 3339 2472 Gaium;
3371 2425 3434 2463 ne
3462 2411 3550 2480 qui
3578 2412 3718 2466 dicat

2106 2500 2243 2571 mead
2271 2500 2323 2553 in
2355 2500 2557 2554 nomine
2591 2515 2700 2553 meo
2732 2499 2972 2554 tiamerim
3013 2497 3054 2573 (Ι
3086 2499 3228 2566 σοι’..
3259 2499 3300 2566 Ι,
3335 2503 3423 2568 M,
3458 2504 3570 2575 15).
3606 2503 3716 2560 Nec

2109 2592 2241 2645 enim
2262 2590 2492 2662 judicavi
2526 2592 2657 2648 scire
2680 2591 2875 2663 aliquid
2898 2592 2950 2645 in
2985 2593 3144 2659 vobis,
3168 2611 3319 2660 quant
3343 2592 3523 2651 Iesum
3561 2598 3715 2653 Chri-

2109 2695 2262 2747 stum,
2292 2690 2337 2736 et
2369 2682 2503 2737 hunc
2527 2683 2832 2750 cruciﬁxum
2876 2681 2919 2756 (I
2941 2682 3085 2750 Con,
3119 2683 3180 2750 II,
3215 2684 3292 2757 2).
3335 2664 3400 2740 Εἰ
3449 2699 3590 2758 puto,
3623 2706 3719 2745 nos

2112 2778 2252 2833 Deus
2295 2777 2552 2849 apostolos
2598 2777 2894 2832 novissimos
2941 2777 3090 2849 elegit
3150 2777 3226 2851 (g)
3253 2780 3385 2834 velut
3429 2779 3717 2848 bestiarios;

2111 2870 2354 2940 quoniam
2383 2870 2729 2941 spectaculum
2768 2868 2893 2940 facti
2915 2886 3090 2926 sumus
3129 2871 3247 2926 huic
3290 2874 3500 2941 mundo,
3547 2886 3592 2928 et
3619 2894 3717 2930 an-
3756 2862 3757 2867 ‘

2112 2965 2257 3036 gelis,
2306 2974 2353 3017 et
2383 2961 2687 3029 hominibus,
2728 2971 2776 3016 et
2820 2973 3151 3034 purgamenta
3189 2964 3342 3034 hujus
3376 2967 3553 3021 mundi
3592 2967 3718 3036 facti

2112 3072 2304 3122 sumus,
2324 3052 2847 3125 omniumgperipsema
2873 3051 2916 3125 (I
2947 3052 3088 3121 Con,
3119 3055 3210 3123 ιν,
3239 3056 3296 3122 9,
3324 3058 3436 3129 15).
3461 3058 3525 3113 Et
3552 3076 3564 3113 :
3592 3057 3715 3115 Non

2112 3165 2224 3203 sum
2269 3147 2414 3213 liber,
2463 3164 2566 3203 non
2603 3164 2716 3204 sum
2765 3147 3048 3217 apostolus,
3094 3166 3196 3205 non
3240 3149 3495 3206 Christum
3541 3151 3719 3209 .Icsum

404 3245 741 3317 enntagione,
769 3242 943 3313 eiecto
970 3243 1174 3297 incesto
1198 3240 1552 3305 fornicatore;
1584 3238 1845 3310 siquidem
1875 3240 2004 3297 sub-
2037 3252 2082 3316 ρ
2114 3238 2393 3295 Dominum
2418 3249 2643 3295 nostrum
2667 3238 2771 3293 vidi
2808 3237 2853 3313 (I
2896 3237 3037 3306 Cor.,
3067 3239 3158 3303 IX,
3190 3240 3289 3313 i)?
3331 3242 3406 3299 De
3446 3244 3587 3313 quali
3633 3245 3713 3316 (2)

403 3332 608 3406 jungit:
641 3333 763 3389 Non
787 3333 925 3388 scitis
949 3332 1085 3403 quod
1111 3331 1367 3386 modicum
1391 3334 1693 3402 [articulum
1737 3341 1894 3386 totam
1919 3332 2008 3387 de-

406 3429 560 3499 sipiat
603 3425 1010 3493 conspersionem
1051 3423 1210 3498 (Ibid.
1243 3420 1339 3493 6)?
1392 3422 1462 3478 Et
1503 3432 1680 3479 tamen
1727 3423 2008 3480 fornicatio

409 3520 610 3578 incesta
635 3534 742 3575 non
770 3527 889 3576 erat
908 3515 1305 3582 modicum,sed
1332 3515 1898 3587 grande-fermentum.

676 3676 681 3683 ί
980 3600 1223 3668 CAPUT
1259 3609 1399 3666 xw.

483 3711 552 3767 Et
576 3709 662 3765 his
688 3707 869 3778 itaque
902 3704 1159 3761 discussis
1192 3720 1313 3776 qum
1344 3703 1783 3772 intercesserant,
1827 3715 2006 3773 regre-

410 3804 531 3861 diar
579 3800 648 3858 ad
698 3798 990 3857 secundam
1036 3797 1457 3863 Corinthiorum,
1501 3807 1561 3850 ut
1608 3795 1831 3866 probem
1882 3795 2012 3852 illud

410 3910 625 3967 quinque
653 3891 898 3965 Apostoli
925 3890 1148 3957 dictum,
1180 3889 1412 3961 Sufﬁciat
1436 3887 1689 3960 ejusmodi
1707 3888 1900 3943 homini
1925 3890 2011 3944 in-

412 3988 635 4058 crepatio
661 3986 760 4042 ista
777 3999 891 4057 quat
918 4000 951 4038 a
974 3982 1148 4039 multis
1176 3980 1244 4058 (II
1271 3981 1412 4048 Con,
1444 3979 1511 4049 ll,
1540 3978 1617 4052 6),
1644 3994 1752 4035 non
1773 3979 1825 4035 in
1846 3979 2010 4036 forni-

2109 3343 2295 3390 conlra
2311 3332 2596 3403 supercilio
2612 3331 2955 3400 pronuntiare
2968 3331 3274 3402 compulsus
3286 3346 3385 3389 est:
3403 3334 3538 3390 Mihi
3551 3348 3717 3390 autem

2110 3429 2163 3483 in
2183 3424 2381 3482 modico
2414 3435 2485 3482 est
2507 3433 2560 3480 ut
2587 3441 2621 3479 a
2644 3423 2780 3479 vobis
2808 3425 3087 3496 interrogcr
3128 3435 3217 3479 aut
3255 3428 3317 3480 ab
3346 3427 3567 3482 humano
3595 3429 3676 3482 die
3694 3448 3712 3482 .-

2113 3536 2269 3591 nequc
2303 3520 2435 3575 enim
2473 3518 2706 3573 conscius
2750 3517 2873 3571 mihi
2913 3520 3027 3571 sum
3055 3516 3111 3588 (I.
3135 3517 3279 3584 Cor.,
3306 3520 3395 3586 IV,
3425 3521 3478 3588 5,
3506 3520 3565 3592 4)
3587 3540 3601 3579 :
3625 3532 3712 3578 ct:

2116 3610 2346 3669 Gloriam
2401 3625 2565 3664 meam
2612 3624 2759 3663 nemo
2798 3609 2993 3663 inaniet
3041 3608 3082 3684 (I
3112 3606 3256 3676 Cora,
3288 3611 3381 3680 IX,
3428 3614 3542 3685 15).
3591 3614 3715 3671 Non

2113 3706 2254 3763 scitis
2294 3705 2430 3775 quod
2468 3701 2677 3777 angelos
2706 3718 2883 3758 sumus
2908 3703 3195 3775 judicaturi
3235 3703 3280 3778 (Ι
3315 3706 3459 3775 Con,
3493 3706 3582 3773 VI,
3624 3708 3717 3780 8)?

2113 3796 2382 3853 Ctetertnn
2413 3794 2632 3850 libertas
2669 3807 2828 3863 quam
2856 3802 3058 3865 aperta:
3096 3795 3502 3868 obiurgationis,
3549 3815 3710 3872 quam

2115 3895 2296 3945 exerta
2322 3886 2465 3941 acies
2496 3883 2778 3940 machzerat
2803 3884 3098 3956 spiritalis?
3135 3888 3260 3943 Jam
3282 3890 3429 3945 ditati
3447 3894 3583 3961 estis,
3606 3896 3712 3967 iam

2115 3978 2326 4036 saturati
2351 3979 2491 4047 estis,
2510 3980 2627 4050 jam
2644 3976 2871 4049 regnatis
2892 3976 2937 4053 (I
2962 3977 3105 4051 Con,
3142 3980 3233 4052 IV,
3263 3981 3341 4057 8).
3378 3984 3445 4042 Et
3471 4001 3490 4044 ς
3519 3987 3580 4045 Si
3601 3992 3720 4060 quis

1643 4092 2028 4155 LECTIONES
2065 4091 2482 4152 VARIANTES.

482 4243 555 4312 (ι)
586 4239 953 4307 Interpretatio.
979 4237 1062 4290 Sic
1084 4237 1226 4301 Leop.
1253 4246 1319 4288 ccc
1339 4246 1429 4287 ms.

2167 4228 2246 4296 (2)
2265 4226 2405 4281 .Vide
2426 4225 2561 4293 quali
2586 4229 2690 4280 Lat.

1785 4332 2347 4393 COMMENTARIUS.

492 4493 564 4569 (a)
598 4487 1144 4569 Adversusterminum
1164 4484 1410 4569 ﬂamini:
1453 4481 1577 4566 Hoc.
1605 4489 1723 4569 est,
1752 4480 2010 4569 adversus
2031 4478 2089 4540 D
2114 4493 2374 4569 coronati
2400 4488 2730 4569 resurgeylet.
2757 4478 2845 4569 Ex;
2873 4496 2938 4537 eo
2965 4494 3092 4565 vero
3127 4499 3239 4539 rem
3271 4485 3709 4569 absurdissimam

416 4552 736 4622 sctitentiam
762 4570 817 4617 et
846 4560 1340 4615 determinationem
1373 4554 1602 4611 Domini.
1634 4552 1846 4609 Etenim
1875 4552 2012 4622 Sep-

419 4639 568 4707 timio
613 4632 947 4707 determinat?
981 4640 1064 4686 est
1095 4631 1361 4707 judicare,
1405 4625 1756 4698 pronuntiare,
1800 4624 2012 4694 deﬁnire

409 4706 640 4780 judicio;
662 4704 782 4780 Rue.

495 4776 571 4850 (b)
603 4775 914 4850 Baptismate
963 4774 1171 4850 amisso:
1203 4768 1461 4850 omisi-sse
1500 4766 1756 4850 baptisma
1778 4764 2010 4850 Idicitur,

423 4834 514 4920 qui
554 4834 980 4920 iiost:,lavacrtttt_t
1026 4844 1096 4920 in_
1124 4839 1459 4920 idololatrizc,
1507 4834 1600 4894 vel'
1636 4836 1899 4920 malefido),
1933 4834 2014 4920 vel

423 4907 927 4976 homicidiicrimen
957 4913 1223 4978 inciderit,
1256 4922 1313 4966 ut
1337 4922 1546 4977 contra,
1573 4924 1694 4965 can.
1725 4907 1796 4965 58
1816 4907 2010 4961 concil.

425 4991 590 5056 Elib.,
614 4988 873 5061 lavacrum
902 5001 1049 5038 suum
1086 4984 1337 5061 integrum
1364 4980 1547 5061 habere
1571 4980 1760 5036 dicitur
1784 4978 2022 5061 qui_post

424 5049 675 5132 adeptum
706 5057 990 5127 baptisma,
1019 5049 1212 5110 nullius
1261 5053 1419 5108 fuerit
1447 5051 1703 5107 horumce
1741 5049 2021 5106 criminum

426 5130 571 5191 reus.
602 5130 723 5185 [ἰια.

500 5204 573 5289 (ο)
592 5199 732 5284 rgo
757 5214 955 5282 poenam
975 5197 1084 5254 sine
1104 5212 1258 5279 carne
1271 5195 1489 5289 censebit
1505 5192 1762 5289 coniti-ari:
1774 5192 2025 5289 integre;

429 5260 649 5338 ιιιιῖοξδὶε
662 5260 1076 5327 resurrectionem
1090 5270 1260 5323 carnis
1272 5267 1570 5338 amittimus.
1596 5265 1761 5338 Eram
1774 5263 1862 5332 qui
1879 5260 2028 5338 Pauli

431 5334 613 5409 verba,
642 5340 867 5397 Tradere
897 5340 1110 5397 Sataua:
1134 5339 1188 5394 in
1227 5337 1484 5409 interitum
1510 5336 1699 5409 carnis,
1730 5334 2035 5409 atnspirttus

432 5403 612 5471 salvus
626 5415 687 5469 sit
713 5416 767 5468 in
794 5414 876 5469 die
906 5411 1134 5475 Domini,
1171 5412 1249 5465 sic
1271 5407 1578 5477 accipienda
1619 5421 1749 5477 esse.
1769 5403 2031 5477 dicerent,

433 5502 645 5554 iit-tnpe,
676 5501 892 5540 carnem
924 5474 1209 5554 facinerosi
1231 5474 1584 5554 ﬁliumque"!
1604 5475 1796 5554 Paulus
1817 5474 2033 5554 tradidit

433 5544 664 5622 Sola-rue,
681 5558 837 5613 variis
850 5544 1697 5622 cruciatibusextorum—periisse,
1716 5546 1854 5622 utita
1870 5544 2039 5622 mulc-

436 5638 577 5709 tatus
603 5615 782 5709 carne,
813 5628 1035 5709 spiritps
1062 5626 1246 5709 salvus
1271 5615 1871 5709 essetih‘die-potnini.
1907 5615 2044 5709 ilice

434 5707 621 5755 autem
655 5690 1026 5765 interpretatio
1055 5694 1322 5753 contraria
1371 5690 1471 5765 fuit
1507 5690 1875 5765 Septimiante,
1912 5699 2041 5765 quas

434 5787 503 5826 nc
532 5769 610 5825 sic
639 5755 853 5840 quoque
878 5770 1126 5837 Spiritum
1154 5765 1366 5840 salvum
1407 5761 1522 5818 fore
1560 5755 1916 5840 concedebat.
1937 5755 2042 5812 ’Ait

434 5828 931 5912 igituropinibneni
956 5837 1280 5912 contrariam
1309 5848 1443 5900 sum,
1488 5846 1699 5912 pinnam
1740 5828 2042 5912 facinoroso

435 5897 513 5975 illi
545 5897 876 5980 adscribere.
905 5917 962 5970 ut
1004 5908 1121 5989 sine
1160 5920 1324 5968 carne
1353 5897 1518 5975 eséet',
1547 5902 1651 5963 hoc
1691 5910 1794 5983 εει,
1826 5907 1882 5958 ut
1931 5897 2047 5975 ejus

2116 4551 2286 4618 sequi,
2320 4560 2376 4606 ut
2419 4549 2596 4605 carnis
2623 4549 2762 4605 illius
2792 4555 3118 4609 resurrectio
3147 4570 3253 4611 non
3292 4559 3380 4611 sit.
3422 4560 3511 4615 Sic
3549 4549 3720 4619 resur-

2118 4623 2387 4677 rectionem
2415 4621 2603 4684 carnis,
2635 4621 2827 4690 inquit,
2858 4625 3159 4681 amittimus.
3186 4625 3335 4681 Hanc
3372 4632 3516 4685 enim
3559 4650 3622 4688 ex
3657 4637 3717 4689 li-

2120 4693 2229 4748 bris
2256 4690 2435 4749 Ursini
2459 4692 2780 4761 scripturam
2810 4696 3034 4761 proierri
3066 4695 3241 4752 viden.
3275 4696 3427 4754 Unde
3453 4699 3545 4757 ﬁat
3579 4708 3717 4762 veri-

2119 4764 2313 4837 simile.
2335 4773 2387 4818 ct
2410 4762 2788 4837 prmcedentia,
2812 4780 2933 4837 qum
2956 4768 3239 4837 sanealias
3261 4784 3538 4837 perperam
3562 4777 3717 4832 nobis

2122 4832 2510 4910 fuisse‘tradita
2538 4834 2869 4910 suSpieat-er,
2904 4836 2955 4888 in
2998 4832 3612 4910 iisdem-exemplaribus
3642 4848 3714 4904 ita

2122 4921 2182 4962 sc
2213 4905 2411 4960 habere
2442 4906 2514 4959 uti
2538 4903 2625 4960 hic
2649 4903 2790 4959 edita
2822 4904 3086 4975 leguntur.
3121 4907 3240 4965 lito.

2196 4997 2348 5053 CAP.
2380 4994 2519 5077 XIY.
2543 5025 2616 5077 τ-
2641 4995 2733 5077 (όλ
2754 4993 2817 5049 Et
2847 5006 2935 5065 per
2951 4997 3183 5069 singulas
3216 5017 3441 5060 caussas.
3487 5006 3598 5063 lloc
3620 5020 3721 5075 est,

2128 5085 2224 5141 per
2250 5078 2392 5124 certa
2418 5081 2663 5122 erumna.
2693 5078 2815 5122 tuo.

2203 5156 2277 5285 (εἳ
2307 5156 2371 5240 In
2396 5157 2644 5240 quosdam
2664 5156 2818 5240 euasi
2846 5159 3103 5229 mancipes
3129 5174 3321 5217 earum.
3354 5165 3623 5239 Mancipes
3649 5171 3730 5224 di-

2192 5241 2209 5285 L
2265 5234 2632 5285 laatltosornm
2664 5241 2921 5285 tnsttmes.
2962 5232 3052 5285 ttui
3086 5235 3343 5285 patranda
3376 5238 3728 5285 immututh

2132 5229 2222 5306 cit‘
2251 5229 2927 5306 [lagitiosoruurinsignes,
2953 5232 3052 5306 _qui
3086 5235 3343 5306 patranda
3376 5229 3728 5306 imprudentis-

2135 5303 2273 5359 sime
2310 5298 2533 5376 erimina
2560 5298 2851 5376 redemisse
2879 5298 3178 5376 videantur,
3209 5298 3490 5363 addicente
3511 5304 3731 5376 Satana,

2140 5366 3114 5443 ιιιτιιῐηητίυ111ᾳῄιοιὶιι-ςῄ-ἰιιιρτθὺί-ιειιὶε
3154 5366 3504 5443 negatiatore.
3541 5381 3656 5436 (Ito.

2215 5443 2277 5518 (Γ)
2304 5441 2370 5518 Et
2409 5440 2581 5518 qualis
2603 5440 2800 5518 inridia
2819 5441 3119 5518 humilitatis
3144 5440 3586 5518 actdetts?Qualis
3612 5469 3740 5508 acu-

2144 5511 2615 5589 letis‘lnuinlitatis
2672 5511 2739 5589 ad
2790 5511 3046 5567 invidiam
3111 5511 3587 5589 submissaa‘t'iioc
3632 5533 3734 5589 cst,

2147 5584 2287 5653 adeo,
2318 5583 2599 5653 submissa:
2637 5581 2985 5653 abjectaeque,
3021 5594 3077 5638 ut
3116 5586 3367 5642 invidiam
3416 5581 3740 5649 adversariis

2276 5642 2287 5658 1

2148 5650 2330 5712 faciat.
2363 5650 2487 5721 Βιο.

2225 5746 2299 5819 (μ)
2342 5744 2811 5830 [sicilicum-ias:
2837 5744 3076 5830 Bestiarii
3115 5756 3239 5802 sunt
3269 5751 3408 5806 servi
3445 5752 3511 5830 ad
3553 5755 3749 5815 bestias

2153 5816 2411 5876 damnati.
2460 5816 2637 5874 Gloss.
2682 5817 2983 5878 bestiarins.
3021 5824 3347 5898 θηριομάχοςε
3387 5824 3574 5888 eadem
3620 5845 3751 5891 νοω

2156 5892 2322 5954 utitur
2358 5904 2478 5965 cap.
2507 5887 2540 5947 9
2568 5886 2784 5964 Apolog.
2822 5888 2897 5949 Ls
2923 5888 3021 5953 Pa.
