4006 6280
226 328 231 331 ,
327 254 462 314 I007

1745 248 2205 309 TERTULLIANI

3502 244 3639 309 t008

322 392 375 429 se
397 382 539 445 putat
568 376 719 443 scire,
754 372 981 429 nondum
1006 371 1098 426 scit
1117 370 1543 443 quemadmodum
1561 378 1787 441 oporteat
1808 385 1919 423 eum
1948 376 1998 429 Α
2026 368 2146 423 stoli
2173 366 2510 422 severitatem
2536 366 2586 421 in
2617 365 2901 436 quemdam
2931 363 3169 423 inﬂatum
3186 374 3243 423 et
3268 368 3323 426 iu
3348 368 3637 439 quemdam

140 530 149 535 ,
235 532 241 537 ,
320 468 449 522 scire
470 464 691 539 (ICor.,
725 466 855 529 V’lll,
888 464 967 536 2).
1008 465 1197 520 Nonne
1241 474 1294 520 et
1338 473 1462 519 tunc
1513 463 1565 517 in
1607 462 1793 517 faciem
1825 461 1923 514 ali-

2031 461 2325 526 incestum;
2369 461 2421 515 in
2451 460 2678 515 alterum
2708 461 2876 530 virga,
2909 461 2961 515 itt
2991 460 3218 515 alterum
3248 462 3513 515 sententia
3547 476 3638 515 ar-

321 559 475 628 cnjus
504 558 835 629 impingens?
864 556 993 625 Quis
1018 556 1185 621 enim,
1216 558 1407 625 inquit,
1437 564 1484 609 te
1503 554 1783 609 decernit?
1803 551 1924 619 quid
1946 553 1978 611 ,.‘
2030 565 2264 609 malum:
2297 555 2442 625 virga
2482 569 2640 624 quam
2703 554 2785 627 (5)
2818 553 3141 617 minabatur,
3184 557 3448 611 sententia
3476 571 3637 625 quam

319 662 486 706 autem
517 651 668 705 habes
712 651 847 720 quod
892 666 1001 704 non
1023 650 1300 721 accepisti?
1351 649 1412 703 Si
1448 658 1613 702 autem
1660 648 1921 715 accepisti,

319 744 444 813 quid
495 745 752 815 gloriaris,
808 744 954 815 quasi
997 759 1098 797 nou
1134 743 1385 811 acceperis
1429 740 1472 809 (I
1521 740 1665 807 Cor,
1708 740 1794 806 ιγ,
1830 738 1922 811 7)?

316 833 506 889 Nonne
549 844 604 891 et
635 835 756 889 illos
795 835 847 890 in
875 850 936 891 os
972 833 1167 890 caedit?
1194 832 1419 901 Quidam
1466 842 1643 887 autem
1693 833 1744 886 in
1788 847 1920 886 con-

316 926 539 984 scientia
570 943 737 998 tisque
765 940 903 983 nunc
932 927 1080 996 quasi
1113 925 1467 997 idolothytunt
1494 924 1681 980 edunt.
1709 924 1799 980 Sic
1827 940 1923 979 au-

318 1030 426 1075 tetu
470 1020 857 1090 delinquentes,
911 1017 1255 1090 percutienda
1298 1016 1655 1073 conscientias
1698 1017 1917 1070 fratrum

318 1117 577 1182 intirmas,
612 1116 662 1169 in
690 1114 959 1170 Christum
989 1113 1320 1182 delinquant.
1349 1110 1465 1166 .Iatn
1506 1125 1635 1165 vero
1664 1119 1716 1164 et
1748 1112 1921 1164 nomi-

315 1208 518 1262 natim:
570 1209 667 1260 Aut
716 1223 816 1261 non
859 1206 1099 1260 habemus
1139 1214 1434 1275 polcstatcm
1483 1203 1826 1258 manducandi
1873 1215 1919 1258 et

313 1300 535 1367 bibendi,
566 1310 613 1353 et
644 1299 876 1353 mulieres
901 1296 1331 1363 circumducendi,
1360 1297 1490 1350 sicut
1531 1306 1576 1350 et
1602 1296 1772 1351 cazieri
1788 1312 1917 1366 apo-

311 1394 452 1459 stoli,
484 1381 739 1460 etifratres
785 1391 992 1447 Domini
1029 1402 1075 1446 ct
1120 1390 1319 1459 Cephas
1359 1389 1404 1462 (Ι
1430 1390 1573 1457 ϐοτη
1607 1391 1700 1457 IX,
1743 1393 1800 1456 lt,
1828 1392 1916 1462 5)?

314 1488 385 1543 Et
415 1508 427 1543 :
461 1489 519 1544 Si
550 1487 725 1542 aliide
752 1498 996 1559 potestate
1027 1498 1191 1542 vestra
1206 1497 1602 1559 consequuntur,
1634 1504 1734 1542 non
1754 1488 1917 1558 magis

308 1598 401 1636 nos
432 1581 472 1653 (I
505 1581 645 1643 Con,
669 1580 737 1646 Χ,
770 1580 894 1653 1'2)?
921 1581 1097 1653 [Eque
1120 1590 1175 1637 et
1204 1582 1323 1637 illos
1339 1581 1591 1653 singulari
1615 1582 1755 1653 stylo
1782 1582 1911 1653 Iigit.

310 1671 593 1743 Projtirea
626 1674 712 1743 qui
738 1689 789 1727 sc
826 1682 970 1745 putat
994 1683 1149 1738 stare,
1175 1672 1340 1727 videat
1381 1690 1443 1727 ue
1481 1673 1632 1726 cadat
1680 1673 1723 1744 (Ι
1766 1672 1911 1738 Con,

2027 650 2418 720 exequebatur;
2454 650 2594 704 illam
2624 648 2801 705 adhuc
2828 659 3225 715 coruscantem,
3271 649 3410 704 hanc
3456 650 3635 704 statim

2028 740 2423 810 fulminantem,
2452 758 2556 813 qua
2585 741 2915 813 increpabat,
2935 757 3150 813 quaque
3179 742 3487 798 danniahat.
3516 741 3642 799 Cor-

2029 842 2245 903 tumque
2260 843 2343 890 est
2359 833 2550 889 exinde
2580 830 2900 904 increpitum
2924 834 3143 905 quidem
3165 835 3264 890 soh
3288 835 3639 891 intentatione

2026 924 2189 996 virga:
2219 927 2519 992 tremuisse,
2546 926 2856 982 damnatum
2887 940 3016 982 vero
3035 927 3136 982 sub
3159 929 3635 997 l'ept‘a'St‘ttlrttittttc

2026 1034 2199 1089 poena:
2239 1021 2477 1089 perisse:
2519 1020 2698 1075 statim
2749 1019 2840 1076 ille
2874 1020 3071 1076 timens
3113 1020 3321 1090 plagam
3362 1020 3515 1086 abiit,
3549 1020 3638 1074 ille

2026 1110 2180 1166 luens
2220 1125 2454 1180 pinnam.
2488 1112 2620 1165 Cum
2665 1110 2739 1166 ad
2762 1109 3069 1167 Corinthios
3109 1111 3353 1180 ejusdem
3405 1111 3636 1181 apostoli

2026 1201 2197 1257 litera:
2237 1203 2435 1257 iterant
2499 1204 2735 1271 veniam,
2802 1202 2863 1257 fit
2902 1200 2981 1273 (4)
3013 1203 3189 1273 plane,
3236 1202 3329 1258 sed
3375 1203 3635 1258 incertum

2023 1293 2131 1360 cui,
2155 1294 2275 1363 quia
2298 1308 2397 1349 nec
2418 1309 2646 1365 persona
2670 1308 2769 1350 nec
2791 1308 2978 1350 caussa
2992 1294 3363 1364 proscribitur.
3390 1295 3495 1350 ltrs
3514 1312 3635 1352 cum

2024 1383 2272 1440 sensibus
2301 1387 2596 1441 conteram.
2624 1387 2680 1442 Si
2710 1387 2947 1443 incestus
2973 1388 3282 1458 opponitur,
3308 1389 3506 1443 ibidem
3529 1389 3638 1445 erit

2021 1484 2076 1530 et
2104 1475 2334 1531 inﬂatos.
2367 1477 2510 1533 Sane
2539 1478 2726 1532 relatio
2772 1476 2852 1549 (5)
2890 1478 3021 1533 satis
3082 1477 3330 1547 habetur,
3374 1494 3498 1534 cum
3553 1481 3638 1536 in-

2022 1568 2179 1624 ﬂatus
2207 1568 2497 1640 increpitus
2525 1580 2628 1637 est,
2671 1571 2908 1627 incestos
2936 1586 3062 1627 vero
3090 1571 3377 1627 damnatus
3399 1581 3513 1629 c-t:
3548 1572 3635 1628 iu-

2020 1657 2146 1715 tlato
2178 1660 2490 1731 ignoscitur,
2531 1662 2624 1717 sed
2671 1663 2961 1733 increpito;
3009 1663 3218 1719 incesto
3263 1663 3633 1727 unn’videtur

309 1765 403 1829 ΧΙ,
434 1764 559 1837 id);
602 1776 658 1821 et
691 1784 704 1820 ς
730 1765 791 1821 Si
826 1766 938 1835 quis
989 1766 1328 1819 contentiosa;
1369 1765 1589 1832 videtur,
1630 1782 1722 1819 "ag
1764 1764 1916 1819 talem
1947 1761 1994 1820 B
2025 1751 2283 1823 ignotum,
2312 1763 2367 1809 ιιι
2382 1754 2656 1809 damnato.
2682 1755 3215 1826 eiignosccbatur,
3246 1757 3332 1812 CUI
3356 1756 3639 1812 ιΙυνιιιέιίο

311 1857 726 1912 consuetudinem
777 1873 876 1911 non
925 1856 1186 1921 habemus,
1236 1871 1395 1927 neque
1443 1855 1671 1911 Ecclesia
1714 1854 1917 1911 Domini

309 1950 355 2022 (l
383 1948 525 2017 Cor,
559 1948 649 2013 XI,
682 1949 787 2021 I6).
825 1949 940 2004 'l‘ali
979 1948 1215 2005 clausula
1248 1948 1532 2004 maledicto
1560 1948 1808 2004 detexta:
1857 1948 1919 2004 Si

301 2044 415 2112 quis
448 2059 549 2097 non
585 2054 721 2097 autat
755 2041 1030 2096 Dominum
1064 2042 1262 2104 Iesum,
1296 2043 1360 2096 sit
1383 2043 1677 2110 anathema,
1704 2041 1918 2097 Maran-

306 2137 429 2189 tttha
484 2135 524 2207 (ι
546 2135 688 2198 Cor.,
722 2134 860 2199 XVI,
898 2133 1014 2205 22),
1039 2133 1270 2203 aliquem
1294 2135 1475 2204 utique
1502 2134 1781 2204 percussit.
1810 2133 1916 2189 Sed

305 2224 423 2305 illic
451 2226 620 2295 magis
649 2225 804 2281 stabo
831 2224 917 2280 ubi
944 2225 1234 2295 Apostolus
1260 2225 1430 2295 magis
1461 2223 1655 2292 fervet,
1681 2224 1767 2279 uhi
1802 2224 1916 2295 ipse

304 2296 596 2373 fornicator
622 2316 740 2372 aliis
768 2333 979 2387 quoque
1009 2318 1279 2388 negotium
1308 2317 1467 2372 fecit:
1502 2317 1661 2382 Quasi
1677 2333 1790 2372 non
1819 2319 1915 2371 sint

302 2420 540 2464 reuturus
559 2408 627 2463 ad
654 2425 760 2476 vos,
790 2409 960 2479 inﬂati
985 2418 1101 2479 suit
1128 2409 1355 2479 quidem.
1397 2407 1609 2463 Veniam
1645 2418 1811 2463 autem
1842 2409 1914 2462 ci-

307 2426 540 2464 reuturus
559 2426 627 2463 aa
654 2426 760 2476 vos,
790 2426 959 2479 mltau
985 2426 1009 2463 s
1064 2426 1101 2462 ιι
1128 2426 1355 2479 qutaetu.
1402 2426 1609 2463 veniam
1645 2426 1811 2463 autem
1842 2426 1914 2462 ci-

307 2501 428 2565 tius,
448 2501 493 2555 si
519 2501 804 2572 permiserit
831 2426 1105 2565 Domiti,
1128 2509 1174 2554 et
1200 2515 1500 2571 cognoscam
1517 2515 1615 2554 non
1633 2515 1914 2554 sermonem

307 2608 481 2646 eorum
517 2594 602 2664 qui
631 2593 799 2663 inflati
819 2601 956 2659 sunt,
988 2591 1078 2646 sed
1105 2593 1333 2647 virtutem
1387 2590 1507 2646 Non
1536 2592 1668 2646 enim
1710 2592 1763 2645 iu
1802 2608 1911 2647 ser-

303 2699 453 2737 mone
477 2693 547 2737 est
575 2699 784 2754 regnum
816 2683 931 2745 Dei.
955 2683 1043 2737 sed
1074 2683 1124 2737 in
1156 2684 1354 2738 virtute.
1383 2681 1450 2737 Et
1497 2684 1619 2753 quid
1648 2678 1796 2738 i'ultis
1824 2698 1906 2737 ve-

304 2775 443 2829 niant
476 2776 544 2828 ad
570 2790 675 2839 vos,
705 2776 758 2828 in
794 2776 956 2846 virga,
988 2793 1053 2829 an
1085 2778 1153 2829 ἰιι⁸
1176 2775 1358 2846 spiritu
1390 2776 1653 2830 lenitatis?
1683 2775 1733 2849 (I
1763 2774 1906 2843 Cor.,

304 2866 395 2934 IV,
433 2868 518 2932 18,
550 2865 680 2938 2|)?
715 2867 851 2936 Quid
895 2868 1036 2923 enim
1078 2867 1326 2922 suberat?
1364 2868 1585 2923 Auditur
1613 2870 1663 2922 in
1692 2870 1826 2923 vobis
1856 2870 1909 2923 iu

303 2970 461 3013 totum
478 2959 769 3029 fornicatio,
785 2972 832 3015 et
847 2960 963 3014 talis
985 2959 1277 3031 fornicatio,
1304 2960 1469 3031 qualis
1492 2976 1580 3027 nec
1593 2961 1642 3014 in
1656 2961 1903 3032 gentibus,

300 3063 354 3106 ut
382 3068 589 3107 uxorem
620 3054 779 3122 patris
806 3054 885 3107 sui
906 3052 1016 3122 quis
1046 3051 1246 3108 habeat.
1280 3052 1343 3106 Et
1379 3068 1465 3106 vos
1501 3053 1668 3123 inﬂati
1696 3053 1834 3119 estis,
1856 3063 1906 3107 et

2024 1860 2093 1900 ett
2125 1860 2360 1902 maerore
2402 1848 2568 1902 nimio
2598 1848 2902 1913 timebatur,
2949 1847 3196 1904 devorari
3242 1848 3417 1904 adhuc
3462 1850 3637 1904 incre-

2023 1937 2165 2007 pitus
2210 1937 2629 2007 periclitabatur,
2676 1938 2930 1997 deficiens
2954 1941 3027 1994 ob
3051 1939 3525 1995 comminationem
3576 1952 3636 1996 et

2022 2044 2257 2085 moerens
2287 2029 2357 2084 ob
2378 2030 2824 2101 increpationetn;
2853 2030 3137 2087 damnatus
3160 2045 3289 2089 veto
3314 2041 3369 2087 et
3394 2034 3549 2103 culpa
3574 2043 3636 2090 et.

2020 2122 2305 2189 sententia,
2328 2120 2438 2192 jam
2461 2122 2747 2178 devoratus
2763 2122 3138 2193 deputabatur,
3161 2124 3250 2194 qui
3269 2139 3376 2179 non
3397 2139 3635 2181 interere

2022 2210 2264 2280 haberet,
2319 2211 2415 2268 sed
2445 2214 2553 2283 pati
2582 2212 2727 2284 quod
2761 2222 2886 2269 ante
2919 2213 3221 2283 paSsionem
3265 2228 3495 2270 nimi-ere
3549 2214 3632 2286 (ti)

2019 2304 2300 2374 potuisset.
2340 2302 2397 2360 Si
2464 2295 2663 2361 idcirco
2712 2305 3108 2377 ignoscebatur,
3150 2321 3221 2364 ne
3258 2307 3634 2363 fraudari-mur

2018 2412 2049 2451 a
2090 2395 2313 2464 Satana,
2370 2397 2421 2452 in
2471 2411 2538 2453 eo
2578 2398 2761 2469 utique
2800 2397 3180 2454 detrimentum
3229 2402 3633 2470 praecavebatur

2016 2488 2158 2559 quod
2189 2489 2425 2544 nondum
2450 2490 2708 2560 perisset:
2734 2490 2864 2545 nihil
2886 2491 2953 2546 de
2978 2500 3248 2548 transacto
3269 2503 3626 2563 pmcavetur,

2019 2580 2112 2635 sed
2144 2580 2211 2636 de
2241 2580 2418 2636 adhuc
2456 2581 2631 2636 salvo.
2664 2582 2952 2637 Damnatus
2994 2591 3194 2649 autem,
3222 2592 3281 2639 et
3316 2585 3532 2654 quidem
3572 2587 3627 2642 in

2016 2672 2421 2742 possessionem
2455 2672 2690 2741 Satanat,
2738 2674 2848 2743 jam
2898 2684 3022 2730 tunc
3070 2674 3302 2744 perierat
3346 2675 3623 2744 Ecclesizl',

2012 2780 2134 2820 cum
2178 2766 2282 2822 tale
2323 2765 2527 2822 facinus
2554 2766 2864 2831 admiserat,
2896 2765 3091 2822 nedum
3120 2780 3243 2822 cum
3289 2776 3343 2823 et
3389 2768 3458 2822 ab
3507 2768 3624 2840 ipsa

2011 2859 2335 2929 cjerabatur.
2387 2858 2669 2927 Quomodo
2716 2870 2990 2915 vereretur
3051 2859 3294 2916 fraudem
3325 2863 3432 2932 pati
3483 2863 3622 2933 ejus,

2010 2968 2169 3026 quem
2192 2954 2304 3024 jam
2334 2960 2388 3007 et
2411 2963 2655 3023 ereptum
2680 2952 2953 3017 amiserat,
2981 2962 3037 3008 et
3079 2952 3388 3009 damnatum
3428 2955 3626 3012 habere

2011 3064 2117 3103 non
2146 3028 2427 3118 potuerat?
2453 3045 2753 3111 Postremo,
2782 3045 2910 3116 quid
2928 3045 3165 3116 judicem
3191 3046 3467 3118 indulgere
3487 3062 3623 3103 cono

300 3160 404 3198 non
436 3144 635 3198 lumistis
666 3144 854 3224 potius,
881 3154 937 3198 ut
984 3146 1246 3216 auferatur
1273 3143 1336 3197 de
1368 3144 1532 3198 medio
1556 3154 1771 3199 vestrum
1815 3146 1902 3213 qui
1927 3146 1972 3209 C
2007 3139 2205 3204 veniet,
2236 3136 2378 3209 quod
2406 3137 2838 3208 pronuntiatione
2863 3136 3166 3194 deciderit?
3187 3153 3259 3194 an
3285 3140 3425 3210 quod
3456 3142 3624 3195 inter-

300 3237 408 3290 tale
435 3236 637 3308 facinus
658 3236 864 3291 admisit
900 3235 942 3308 (Ι
973 3236 1118 3303 Con,
1154 3235 1216 3303 V,
1249 3236 1302 3301 1,
1334 3233 1421 3306 2)!
1458 3236 1560 3291 Pro
1607 3252 1713 3307 quo
1754 3237 1907 3308 Iugo-2

300 3329 457 3385 rent?
484 3327 677 3399 Utique
705 3343 799 3398 pro
830 3337 1061 3384 mortuo.
1102 3328 1184 3383 Ad
1223 3343 1380 3397 quem
1407 3328 1684 3398 lugerent?
1713 3328 1908 3399 Utique

304 3421 374 3476 ad
408 3421 707 3476 Dominum.
741 3419 1022 3488 Quomodo
1063 3429 1119 3474 ιιι
1144 3420 1416 3475 auteratur
1459 3418 1576 3491 (55)
1618 3421 1687 3476 de
1731 3421 1909 3478 medio

312 3516 564 3571 illorum?
589 3513 705 3570 Non
733 3515 914 3585 utique
937 3523 992 3568 ut
1013 3511 1089 3585 (a)
1119 3523 1267 3568 extra
1291 3513 1584 3569 Ecclesium
1610 3514 1784 3580 detur;
1809 3517 1909 3571 hoc

305 3608 448 3664 enim
480 3621 629 3663 nona
657 3608 766 3661 Deo
796 3606 1175 3677 postularetur,
1192 3606 1331 3676 quod
1363 3607 1553 3662 eratin
1578 3607 1910 3676 priesidentis

304 3698 503 3763 ottieio,
537 3696 632 3753 sed
655 3707 710 3750 ut
732 3712 825 3766 per
849 3706 1077 3751 mortem
1106 3696 1242 3750 hanc
1265 3711 1477 3767 quoque
1503 3712 1840 3755 communem
1858 3708 1912 3755 et

307 3792 577 3863 propriam
599 3792 776 3846 carnis
796 3791 870 3861 (ιι)
890 3790 1075 3860 ipsius,
1094 3805 1212 3859 qua:
1221 3789 1332 3860 jam
1350 3790 1599 3858 cadaver,
1615 3807 1733 3861 qua:
1749 3806 1914 3862 eapu-

309 3885 418 3940 lum
453 3882 533 3957 (2)
552 3892 696 3940 esset
743 3880 1073 3936 innnunditia
1136 3882 1531 3952 irrccuperabih
1590 3883 1909 3953 taltidosum,

310 3978 520 4045 plenius
547 3975 614 4031 de
643 3974 875 4030 Ecclesia
906 3974 1127 4030 deberet
1151 3973 1366 4030 auferri.
1396 3974 1461 4029 Et
1481 3974 1621 4045 ideo,
1640 3978 1913 4049 qumnodo

312 4070 526 4124 interim
564 4068 734 4137 potuit
765 4066 983 4131 auferri,
1011 4064 1267 4135 judicavit
1309 4066 1610 4123 dedendum
1650 4070 1912 4139 ejusmodi

314 4164 526 4217 Satanan
557 4159 610 4213 in
640 4158 909 4213 interitum
936 4157 1130 4213 carnis.
1158 4156 1396 4213 Malediei
1425 4161 1566 4214 enim
1589 4175 1707 4216 eam
1726 4177 1911 4233 seque-

315 4257 493 4320 batur,
514 4265 632 4321 qua:
657 4249 869 4304 diabolo
883 4248 1279 4318 projiciebatur,
1314 4258 1369 4303 ιιι
1396 4261 1732 4307 sacramento
1752 4253 1916 4312 bene-

314 4342 563 4400 dictionis
591 4348 1046 4405 exauctoraretur,
1081 4353 1350 4407 nunquam
1382 4339 1432 4392 in
1463 4350 1634 4395 castra
1666 4343 1918 4401 Ecclesia:

316 4448 617 4494 reversura.
652 4422 1112 4507 \‘idemositaque
1149 4428 1251 4486 hoc
1282 4430 1333 4485 in
1365 4430 1483 4487 loco
1510 4431 1735 4490 divisam
1766 4437 1915 4507 Apo-

2012 3231 2283 3288 locrtione
2331 3230 2705 3302 suspenderit?
2743 3239 2800 3286 et
2831 3231 3016 3302 utique
3050 3246 3175 3288 eum
3217 3232 3488 3303 judicent,
3531 3235 3623 3305 qui

2013 3340 2120 3380 non
2160 3324 2300 3380 solet
2335 3340 2397 3379 ea
2426 3339 2545 3395 qua:
2593 3324 2879 3390 destruxit,
2921 3324 3277 3389 rcaaditicare,
3333 3342 3401 3383 ne
3446 3337 3622 3382 trans-

2011 3433 2227 3490 gressor
2269 3418 2547 3474 habeatur.
2574 3419 2684 3489 Age
2706 3420 2815 3488 jam
2847 3418 2893 3473 si
2920 3433 3027 3473 non
3047 3424 3128 3474 tot
3155 3433 3413 3489 personas
3451 3420 3622 3490 prima

2014 3511 2253 3584 Epistula
2284 3511 2674 3578 contristasset,
2714 3510 2760 3565 si
2804 3507 3077 3567 neminem
3113 3511 3484 3583 increpuisset,
3531 3528 3626 3568 ne-

2016 3600 2233 3660 minem"
2263 3603 2564 3670 terruisset,
2604 3603 2649 3658 si
2698 3602 2877 3658 solum
2931 3603 3193 3660 incestum
3239 3604 3543 3673 cecidisset,
3575 3606 3622 3660 si

2015 3699 2216 3753 nullum
2242 3697 2294 3752 in
2321 3711 2563 3759 caussam
2587 3695 2705 3766 ejus
2731 3697 2782 3751 iti
2808 3712 3059 3767 pavorem
3090 3698 3345 3764 misisset,
3376 3698 3619 3755 inflatum

2015 3798 2442 3870 consternasset;
2489 3804 2669 3845 nonne
2700 3788 2894 3845 melius
2936 3790 3287 3861 suspicareris
3314 3800 3369 3846 et
3409 3790 3620 3846 ﬁdelius

2016 3881 2489 3955 argumentareris,
2515 3880 2745 3951 aliquem
2779 3880 3316 3951 potiuslongealium
3345 3882 3482 3951 apud
3509 3881 3620 3937 Co-

2018 3974 2246 4031 rinthios
2277 3983 2404 4029 tunc
2427 3975 2478 4028 in
2509 3973 2696 4028 eadem
2721 3987 2909 4029 caussa
2942 3972 3125 4041 fuisse,
3160 3982 3218 4029 ut
3243 3973 3534 4043 increpitus
3564 3983 3623 4029 ct

2021 4067 2238 4124 territus
2265 4074 2317 4122 et
2338 4080 2571 4122 maerore
2595 4065 2705 4135 jam
2728 4065 2961 4129 saucius,
2983 4074 3261 4137 propterea
3278 4067 3622 4136 permittente

2020 4162 2236 4218 modulo
2266 4160 2469 4224 delicti,
2504 4160 2710 4215 veniam
2738 4171 2920 4229 postea
2963 4160 3188 4230 ceperit,
3229 4175 3386 4230 quam
3415 4170 3471 4214 ut
3498 4177 3618 4216 eam

2023 4256 2228 4312 incesto
2256 4253 2562 4309 foruicalori
2609 4252 3077 4323 interpretareris?
3105 4252 3215 4307 lloc
3250 4254 3393 4308 enim
3427 4253 3622 4324 legisse

2023 4347 2306 4408 debueras,
2339 4354 2393 4401 ct
2422 4346 2463 4401 si
2504 4360 2610 4399 non
2642 4343 2692 4397 in
2719 4343 2966 4414 epistola,
3000 4343 3094 4399 sed
3133 4343 3209 4415 (c)
3241 4344 3293 4398 in
3326 4346 3435 4414 ipsa
3467 4348 3617 4414 Apo-

2024 4439 2147 4495 stoli
2195 4445 2363 4504 secta,
2410 4451 2441 4492 a
2489 4435 2693 4507 pudore
2731 4434 2926 4492 clarius
2970 4449 3129 4505 quam
3176 4422 3315 4507 ston
3359 4435 3474 4506 ejus
3512 4435 3617 4491 im-

1533 4546 1914 4615 LILCTIONES
1953 4550 2371 4617 \‘ARIANTES.

380 4689 452 4757 (ι)
487 4685 739 4757 Quomodo
761 4681 1008 4733 auferatur
1032 4691 1168 4733 Pam.
1194 4706 1254 4717 —-
1288 4679 1361 4731 Ad
1397 4679 1675 4748 Dominum,
1720 4696 1773 4739 ut
1812 4706 1910 4756 qtto
1933 4697 1986 4757 1)

315 4750 848 4816 modotu-pr-
979 4808 1008 4816 ._
1099 4805 1111 4816 .
1317 4806 1349 4816 -.

382 4816 454 4873 (2)
489 4804 742 4875 Captivum
763 4804 867 4875 alii.
896 4834 952 4875 —_-
973 4805 1111 4868 Quod
1135 4806 1469 4870 corruptivum
1495 4809 1597 4862 Lat.

379 4868 453 4942 (5)
488 4868 592 4936 Qu'a
615 4871 774 4924 obert.
798 4868 949 4922 Semt.

2186 4689 2388 4762 §It.”i-‘l:
2421 4689 2559 4762 ιξθιλ
2616 4747 2650 4762 .-
2724 4750 2753 4762 ..

2082 4747 2153 4877 [5)
2186 4753 2277 4801 R‘ei
2298 4747 2421 4801 ratio
2442 4747 2587 4801 Ptim.
2616 4747 2787 4801 Reatio
2812 4747 2976 4801 Geten.

2082 4820 2131 4875 t6
2190 4815 2399 4865 Macrore
2421 4812 2583 4865 Geten.

1660 5006 2215 5068 COMMENTARIUS.

315 5134 321 5145 ‘
390 5124 466 5196 (a)
504 5120 976 5196 ExtraiEcclesiam
1003 5119 1166 5174 detur.
1184 5117 1338 5196 __Nihil
1363 5119 1448 5176 hic
1472 5120 1612 5196 aliud
1636 5137 1800 5196 quam
1824 5138 1917 5178 ex-

319 5191 751 5258 communicatio,
784 5192 896 5246 sive
923 5207 1135 5246 censura
1159 5191 1352 5264 divina,
1383 5202 1442 5247 ut
1470 5192 1606 5247 dixit
1634 5193 1771 5247 idem
1793 5209 1912 5264 cap.

319 5268 391 5324 59
415 5267 595 5338 Apol.,
632 5266 745 5338 hoc;
781 5273 883 5327 cst,
934 5278 1052 5316 cum
1079 5262 1410 5338 _th_nsdant
1450 5273 1673 5338 propter
1713 5262 1914 5322 scelera

319 5333 698 5392 communione
725 5335 944 5390 fratrum
974 5334 1184 5404 penitus
1218 5333 1569 5388 interdicitur.
1603 5334 1675 5390 De
1700 5350 1761 5389 ea
1789 5351 1917 5391 cen-

318 5423 443 5461 sura
471 5409 589 5463 Aet.
615 5407 679 5462 Ill
704 5406 914 5462 concilii
941 5404 1395 5459 Chalcedonensis
1426 5406 1476 5458 in
1503 5405 1580 5458 Iit.
1613 5405 1823 5460 concilii
1846 5407 1911 5462 ad

316 5473 664 5532 Dioscorum:
708 5481 879 5532 κελώει
908 5485 938 5537 ἠ
973 5483 1211 5530 ducisne.
1244 5480 1370 5542 ὑμῶν
1400 5483 1494 5536 τοῖς
1523 5483 1779 5545 ἱπιτιμιοις
1812 5483 1913 5541 τοῖς

320 5550 756 5620 ἰκιλησιιπωιοις-
785 5555 1065 5616 χρησώμεθα
1123 5546 1227 5620 κατ’
1253 5616 1264 5620 _
1290 5551 1452 5620 αὐτοῦ·
1511 5547 1710 5617 flagitat
1755 5550 1915 5620 pigtas

319 5626 507 5681 ucstra,
547 5620 622 5673 vel
651 5617 839 5673 mulcto
863 5620 914 5672 in
944 5634 1057 5671 eum
1086 5616 1424 5672 ecclesiastica
1453 5616 1673 5672 utantur.
1709 5616 1785 5673 Lis:
1814 5617 1912 5673 Pu.

318 5751 327 5759 θ
389 5684 467 5755 (Ιι)
490 5687 668 5761 Carnis
694 5688 873 5758 ipsius,
896 5705 1008 5754 quae
1023 5690 1135 5761 jam
1156 5686 1391 5761 cadaver,
1407 5704 1518 5758 qua:
1531 5690 1769 5761 capulum
1792 5700 1921 5761 esset

310 5757 639 5814 itt'mumlitia
679 5757 1056 5827 iri-ecuprrttbili
1101 5757 1640 5830 tabidosumrt’orpus
1664 5759 1921 5817 describit

2018 5125 2167 5194 quasi
2213 5122 2453 5193 vaginam
2494 5123 2691 5179 anima:
2728 5121 3215 5194 vilissimm,t‘mdis
3259 5123 3463 5194 scilicet
3508 5124 3614 5179 cri-

2020 5192 2222 5249 minum
2272 5192 2518 5265 sordibus
2547 5194 3005 5265 inquinatissitnm.
3039 5193 3248 5250 th.—-
3278 5192 3614 5251 lnnnunditia

2017 5264 2398 5335 irrecuperabili
2442 5264 2745 5321 tabidosum.
2795 5265 3265 5335 lrrecuperabilem
3324 5266 3612 5322 immundi-

2018 5338 2142 5391 tiam
2189 5336 2339 5394 dieit.
2384 5336 2524 5392 unde
2586 5338 2886 5405 recuperari
2919 5336 3047 5390 nihil
3079 5338 3284 5406 possit,
3318 5338 3609 5392 immundi-

2017 5409 2141 5462 tiam
2167 5407 2371 5463 scilicet
2393 5415 2507 5462 arte
2546 5407 2686 5463 nulla
2711 5407 3022 5465 curahtletn.
3078 5408 3170 5464 Sic
3218 5407 3375 5473 intra,
3419 5408 3505 5463 ubi
3541 5408 3613 5463 de

2016 5478 2181 5549 lepra:
2229 5477 2562 5550 immunditia
2616 5477 2859 5545 sanabili,
2901 5478 3332 5549 recuperationem
3372 5488 3419 5532 et
3448 5485 3612 5550 refor-

2020 5550 2289 5603 mationem
2316 5549 2468 5603 dixit.
2497 5549 2615 5606 lito.

2096 5618 2267 5691 (c)ln
2290 5620 2405 5691 ipsa
2430 5619 2661 5691 Apostoli
2688 5628 2842 5675 secta.
2870 5619 3083 5675 Sectam
3111 5634 3209 5689 pro
3233 5620 3475 5691 moribus
3507 5634 3607 5690 po-

2021 5689 2338 5758 suit.'Atque
2367 5690 2439 5745 ita
2463 5689 2795 5747 JttStinianus
2820 5691 2919 5746 sub
2945 5691 3103 5746 tinem
3133 5691 3267 5745 tituli
3294 5691 3357 5746 de
3386 5689 3608 5754 Leqatis.

2023 5761 2108 5815 ubi
2141 5762 2206 5817 de
2251 5761 2438 5833 legatis
2485 5760 2786 5832 probrosis:
2840 5760 3171 5833 llujusmodi,
3217 5763 3405 5834 inquit,
3449 5771 3608 5817 testa-
