4006 6280
364 366 510 425 1009

1682 367 1885 425 LIBER
1931 366 2019 423 DE
2043 319 2418 424 'PUDICITIA.

3523 368 3666 426 1010

363 501 641 557 pressum;
676 499 744 541 ne
773 485 975 543 scilicet
1001 485 1221 541 Paulum
1248 486 1550 552 apostolum
1589 484 1806 549 Christi,
1836 484 1961 538 doc-
1994 484 2042 544 A
2076 484 2208 549 Quia
2234 484 2524 539 inhabitnbo
2543 484 2596 539 in
2622 485 2775 552 vobis,
2810 493 2855 540 et
2882 484 3224 552 inambulttbo,
3251 493 3297 540 et
3321 500 3412 556 ego
3443 483 3579 538 Deus
3604 485 3669 538 il-

366 586 534 633 torem
586 581 861 634 nationum
914 580 965 634 in
1006 579 1109 634 tide
1151 588 1205 633 ct
1251 579 1492 644 veritate,
1537 593 1628 632 vas
1667 577 1966 641 electionis,

217 715 220 718 .
307 642 734 726 lEcclesim-um
796 670 1153 737 conditorem,
1213 684 1493 743 censorem
1542 668 1966 740 disciplinarum,

367 771 527 817 tanti:
562 763 792 818 levitatis
832 763 1102 829 inliceres,
1137 771 1194 817 ιιι
1232 770 1327 817 aut
1371 762 1704 818 damnaverit
1747 773 1968 826 temere,

367 869 524 925 quem
554 869 677 909 nios
707 863 854 910 esset
882 854 1255 921 absolulurus;
1295 863 1386 909 aut
1430 864 1629 910 temere
1659 854 1967 920 abSolvcrit,

374 947 533 1015 quem
563 961 667 1000 non
697 955 899 1000 temere
924 945 1253 1013 danmasset,
1293 948 1364 1001 ob
1389 946 1559 1001 solam
1592 947 1713 1001 licet
1744 945 1972 1001 fornica-

290 1092 298 1099 ,
371 1040 577 1094 tionem
610 1039 876 1110 simplicis
901 1040 1267 1110 impudicitiae.
1297 1041 1490 1096 nedum
1519 1043 1590 1096 ob
1611 1042 1838 1119 incestas
1870 1057 1970 1095 nu-

371 1132 528 1200 ptias.
559 1131 842 1203 etimpiam
874 1132 1163 1200 luxuriam,
1189 1133 1543 1190 ct‘libidinem
1566 1134 1960 1205 parricidalem,

368 1239 528 1293 quam
555 1239 652 1278 nec
675 1223 980 1280 nationibus
1000 1234 1300 1294 comparat,
1326 1241 1393 1280 ne
1414 1225 1785 1281 consuetudini
1808 1227 1972 1295 depu-

371 1327 595 1381 taretur;
627 1332 788 1388 quam
828 1317 1023 1373 absens
1057 1318 1342 1387 indicarat,
1372 1334 1439 1374 ne
1464 1320 1690 1390 spatium
1718 1335 1846 1376 reus
1888 1320 1973 1375 lu-

352 1420 637 1473 craretur;
669 1425 828 1476 quam
854 1409 1111 1467 advocata
1139 1412 1301 1466 etiam
1340 1412 1549 1467 Domini
1590 1412 1787 1468 virtute
1824 1413 1975 1469 dam-

373 1514 611 1566 naverat,
652 1518 719 1557 ne
748 1502 975 1558 humana
1011 1505 1277 1559 sententia
1307 1505 1598 1561 videretur.
1627 1505 1780 1561 Lusit
1819 1506 1978 1575 igitur

371 1594 518 1650 etde
542 1610 640 1649 suo
667 1597 883 1664 spiritu,
913 1607 962 1651 et
991 1597 1058 1652 de
1085 1597 1339 1653 Ecclesia:
1366 1599 1559 1669 angelo
1588 1598 1686 1671 (tt),
1711 1600 1846 1655 etde
1872 1601 1976 1654 vir-

373 1696 485 1743 tute
512 1688 744 1757 Domini,
762 1689 806 1745 si
827 1691 968 1761 quod
985 1690 1054 1748 de
1069 1692 1294 1748 consilio
1312 1706 1498 1749 eorum
1522 1694 1974 1763 pronuntiaverat,

372 1782 607 1836 rescidit.

978 1875 1205 1933 CAPUT
1254 1876 1375 1932 XVI

450 1968 507 2024 Si
539 1969 698 2023 etiam
726 1969 1003 2040 sequentia
1035 1968 1179 2024 illius
1201 1968 1451 2039 Epistolte
1476 1969 1540 2024 ad
1570 1968 1977 2026 intentationem

375 2059 617 2126 Apusttdi
639 2060 919 2124 extendas,
949 2074 1048 2116 nec
1096 2061 1206 2131 ipsa
1240 2062 1700 2131 comparabuntur
1746 2063 1814 2117 ad
1844 2064 1979 2117 obli-

379 2154 694 2209 temtiouem
724 2155 934 2218 incesti,
968 2169 1036 2209 ne
1073 2164 1128 2210 et
1174 2154 1258 2209 hic
1310 2155 1643 2210 suffundatur
1691 2156 1983 2225 Apostolus

377 2251 732 2318 poSteriorum
759 2247 1165 2319 incongruentia
1207 2263 1483 2305 sensuum.
1513 2249 1680 2317 Quale
1725 2259 1806 2304 est
1839 2250 1981 2304 enim

378 2347 437 2394 ιιι
456 2354 576 2395 cum
597 2339 829 2393 maxime
851 2339 1059 2395 incesto
1084 2338 1396 2396 fornicatori
1429 2340 1820 2409 postliminium
1871 2343 1981 2398 lar-

377 2430 520 2501 gitus
576 2431 956 2507 ceggiasticge
972 2432 1158 2504 pacis,
1204 2433 1384 2487 statim
1416 2433 1697 2502 ingesserit
1723 2432 1793 2488 de
1832 2448 1986 2489 aver-

379 2524 587 2579 satione
618 2523 1098 2589 innnumlitiarum,
1127 2525 1196 2581 de
1223 2527 1597 2595 amputatione
1628 2528 1979 2592 macularum,

379 2613 449 2668 de
477 2614 853 2671 exhortatione
888 2617 1382 2685 sanctimoniarum,
1413 2620 1563 2688 quasi
1606 2619 1736 2673 nihil
1764 2598 1983 2675 ctmlra-

381 2707 518 2761 rium
543 2706 705 2761 Paulo
729 2716 853 2763 ante
881 2708 1215 2765 decreverit?
1241 2713 1502 2782 Compara
1527 2711 1759 2784 denique
1775 2728 1842 2769 an
1870 2715 1986 2784 ejus

382 2798 506 2853 sitd
533 2813 691 2854 cere:
744 2798 1025 2872 Propterea
1068 2802 1303 2857 habentes
1351 2804 1766 2860 ministrationem
1814 2807 1982 2873 istam,

382 2893 657 2946 secundum
686 2893 823 2962 quod
852 2893 1250 2948 misericordiam
1272 2897 1525 2949 consecuti
1548 2914 1740 2963 sumus,
1774 2898 1873 2953 non
1900 2901 1988 2953 tle-

385 2982 603 3050 ﬁcimus.
636 2983 726 3036 sed
761 2983 1057 3038 abdicamus
1086 2987 1283 3039 occulta
1315 2986 1575 3042 dedecoris
1619 2988 1684 3059 (ll
1716 2989 1860 3059 Con,
1896 2993 1981 3058 Ν,

384 3072 532 3143 1,2);
562 3077 649 3145 qui
670 3091 775 3130 non
806 3075 1084 3132 dedecoris
1111 3088 1336 3144 tantum,
1366 3079 1460 3135 sed
1487 3088 1542 3134 ct
1568 3082 1785 3137 sceleris
1812 3087 1985 3139 mani-

387 3168 581 3223 lestum
597 3169 997 3245 dedamnaverit
1013 3170 1170 3244 (t)(b)
1190 3189 1282 3228 :au
1297 3173 1537 3242 ejusdem
1560 3176 1629 3231 sit
1642 3175 1987 3249 (‘2)excusare

387 3260 620 3329 aliquam
667 3262 1051 3332 impudicitiam
1080 3264 1167 3334 qui
1197 3265 1337 3321 inter
1366 3266 1549 3343 titulos
1587 3268 1827 3324 laborum
1858 3286 1985 3325 suo-
2013 3259 2058 3320 C

391 3365 532 3414 rum.
565 3364 685 3424 post
727 3352 1003 3424 angustias
1029 3365 1188 3426 atque
1225 3372 1521 3427 pressurus,
1556 3369 1676 3429 post
1710 3360 1906 3432 jejunia
1934 3372 1988 3417 et

391 3444 620 3515 vigilias,
648 3447 1018 3502 castimoniam
1042 3464 1253 3520 quoque
1284 3451 1583 3520 prtedicarlt
1620 3452 1687 3525 (ll
1723 3452 1866 3518 Cor.,
1898 3455 1987 3517 \‘l,

392 3537 451 3601 5.
474 3536 656 3609 scqq.);
680 3555 747 3593 an
764 3539 1002 3609 ejusdem
1028 3542 1097 3595 sit
1113 3541 1351 3612 recipere
1379 3544 1429 3598 in
1450 3547 1988 3603 communicationem

393 3630 655 3701 reprobus
678 3645 941 3701 quosque,
973 3632 1059 3702 qui
1086 3633 1311 3687 scribat:
1348 3633 1476 3701 Qntv
1501 3637 1634 3690 enim
1665 3638 1875 3693 societas
1897 3639 1990 3709 ju-

391 3722 544 3777 stitite
557 3732 602 3776 et
618 3723 872 3792 iniquitati
889 3723 915 3777 ?
941 3740 1055 3794 quae
1072 3735 1239 3779 autem
1256 3729 1646 3783 communicatio
1662 3730 1764 3784 luci
1785 3740 1830 3785 et
1859 3740 1993 3786 tene-

393 3816 524 3870 bris?
555 3815 684 3883 Quae
710 3818 1043 3871 consonantia
1064 3817 1262 3874 Christo
1291 3832 1338 3874 et
1368 3820 1573 3888 Belial;
1602 3833 1692 3877 aut
1726 3842 1838 3895 qua:
1866 3832 1991 3895 pars

394 3905 536 3974 ﬁdeli
574 3923 686 3960 cum
716 3907 951 3974 inﬁdeli?
980 3909 1077 3962 Aut
1122 3911 1234 3980 quis
1261 3929 1534 3968 consensus
1577 3917 1765 3985 templo
1807 3917 1900 3972 Dei
1949 3928 1995 3973 et

395 4000 549 4054 idolis
576 3999 737 4070 (Ibid.
765 4001 999 4072 H-lﬁ)?
1039 4003 1226 4060 Nonne
1266 4018 1581 4063 consmntcr
1608 4010 1793 4065 audire
1834 4011 1997 4068 debe-

398 4091 508 4147 bit:
547 4091 609 4146 Et
633 4095 902 4164 quomodo
948 4096 1208 4153 discernis
1246 4114 1365 4168 qua)
1412 4115 1572 4170 supra
1606 4103 1791 4160 incesti
1836 4107 1997 4163 resti-

404 4184 608 4239 tutione
668 4186 938 4255 junxisti?
1007 4189 1097 4244 illo
1147 4192 1288 4245 enim
1359 4205 1748 4263 concorporato
1814 4214 2003 4255 rursus

402 4274 682 4340 Ecclesiae,
735 4288 789 4332 et
842 4278 1044 4347 justitia
1103 4296 1224 4336 cum
1295 4283 1574 4354 iniquitate
1621 4289 1876 4354 sociatur,
1949 4302 2003 4347 et

404 4367 641 4423 tenebrae
704 4383 824 4423 cum
890 4371 1006 4427 luce
1055 4375 1470 4443 communicant,
1528 4388 1582 4432 et
1659 4381 1820 4438 Belial
1872 4399 2003 4440 con-

405 4469 563 4515 sonat
606 4458 842 4526 Christo,
891 4472 945 4517 ct
1002 4463 1229 4521 inlidelis
1278 4483 1399 4522 cum
1459 4468 1596 4526 lideli
1670 4488 2001 4531 sacrantcnta

403 4554 708 4624 participat.
761 4554 826 4609 Et
868 4554 1096 4611 viderint
1149 4558 1321 4626 idola,
1366 4560 1478 4632 ipse
1529 4566 1714 4635 templi
1785 4567 1874 4622 Dei
1927 4572 2003 4625 vi-

2038 653 2047 656 »
2073 578 2257 642 lorum,
2287 577 2428 631 etilli
2451 588 2599 632 erunt
2621 579 2743 631 mihi
2770 578 3009 649 papulas.
3042 575 3259 645 Propter
3284 578 3419 647 quod
3430 577 3671 631 discedite

2073 671 2136 725 de
2166 672 2328 725 medio
2357 688 2550 735 eorum,
2588 672 2914 739 scparamini,
2947 681 2991 724 et
3035 671 3349 724 immundum
3392 686 3454 724 ne
3485 672 3668 741 attige-

2071 762 2184 816 ritis
2216 761 2377 831 (Ibid.
2413 764 2463 826 t,
2510 743 2619 834 l7).
2674 762 2785 819 lloe
2813 777 3024 834 quoque
3064 763 3295 830 evolvis,
3336 763 3666 832 oApostolc,

2075 865 2132 910 ut
2152 873 2271 911 cum
2294 857 2522 911 maxime
2546 859 2659 927 ipse
2688 867 2832 911 tanto
2858 855 3310 911 immumlitiarum
3341 855 3530 925 gnrgiti
3548 854 3671 908 tua-

2076 968 2200 1006 nttm
2224 953 2408 1012 tradis,
2440 960 2493 1007 et
2517 951 2690 1006 adhuc
2718 951 3047 1022 superdicis:
3082 949 3336 1005 Habentes
3364 951 3519 1022 igitur
3539 966 3631 1019 pro
3650 979 3662 989 -

2075 1045 2362 1098 missibucm
2390 1044 2562 1111 istam,
2589 1044 2779 1110 dilecti,
2803 1043 3130 1100 emundemus
3156 1059 3244 1097 nos
3274 1041 3336 1096 ab
3362 1042 3501 1096 ωιιηί
3519 1042 3680 1108 inqui-

2077 1133 2310 1193 namento
2339 1138 2507 1192 carnis
2546 1148 2591 1192 et
2621 1139 2854 1206 spiritus,
2888 1137 3202 1208 per/ieientes
3248 1136 3596 1192 castimoniam
3624 1137 3676 1189 in

2078 1228 2175 1284 Dei
2227 1230 2304 1302 (5)
2361 1233 2536 1285 timore
2590 1230 2653 1301 (ll
2708 1228 3100 1300 Cor.,Vll,i).
3147 1229 3257 1284 Oro
3310 1239 3381 1294 te,
3406 1229 3494 1299 qui
3549 1228 3675 1283 talia

2081 1322 2243 1392 inﬁgit
2274 1322 2538 1377 mentibus
2568 1323 2788 1386 nostris,
2815 1329 3157 1377 revocaverat
3184 1319 3413 1391 aliquem
3440 1317 3678 1373 fornica-

2081 1426 2249 1493 torem
2276 1414 2326 1468 in
2362 1415 2683 1471 Ecclesium?
2726 1431 2792 1470 an
2825 1414 2944 1469 ideo
2972 1414 3176 1480 scribit,
3208 1429 3273 1468 ne
3302 1412 3393 1469 tibi
3423 1427 3564 1468 nunc
3588 1428 3678 1467 rc-

2083 1524 2302 1563 vocasse
2333 1507 2607 1563 videatur?
2640 1508 2782 1571 llrcc,
2825 1506 2982 1562 sicuti
3008 1515 3062 1562 et
3105 1506 3388 1576 prtetcritis
3418 1505 3680 1575 prmsm'i—

2080 1600 2228 1664 berc,
2278 1600 2345 1653 ita
2387 1608 2441 1653 et
2488 1599 2832 1668 sequentibus
2878 1597 3223 1668 prtcjudicare
3269 1596 3572 1661 debebunt;
3625 1595 3676 1649 in

2083 1693 2241 1748 linem
2286 1693 2426 1746 enim
2478 1691 2727 1762 Epistolzu
2771 1690 2982 1745 dicens:
3015 1688 3097 1743 Ne
3139 1706 3316 1745 rursus
3356 1707 3471 1743 cum
3501 1705 3679 1743 venero

2083 1786 2310 1840 humiliet
2354 1800 2432 1839 me
2463 1785 2618 1853 Deus,
2669 1794 2713 1838 et
2761 1784 2959 1855 lugeam
3000 1782 3188 1837 multos
3231 1798 3401 1836 eorum
3436 1782 3523 1852 qui
3565 1790 3684 1834 ante

2010 1873 2058 1932 Β
2087 1878 2419 1947 deliquerunt,
2466 1887 2510 1930 et
2542 1876 2883 1946 ptrnitentiam
2920 1892 3019 1929 non
3048 1884 3255 1945 egerunt
3280 1874 3433 1943 super
3466 1874 3685 1926 inimum

2084 1970 2210 2024 ditia
2247 1985 2398 2040 quant
2427 1967 2760 2031 admiserunt,
2790 1967 3123 2036 fornicatione
3147 1974 3194 2020 et
3221 1966 3412 2020 vilitate
3445 1963 3509 2034 (ll
3537 1961 3679 2026 Cor.,

2085 2063 2200 2125 XII,
2229 2060 2355 2133 2t);
2389 2077 2492 2115 una
2524 2061 2705 2131 utique
2733 2058 3069 2130 recipiendos
3097 2056 3389 2119 constituit,
3422 2055 3464 2109 si
3516 2050 3684 2126 premi-

2089 2160 2303 2211 tontiam
2347 2157 2589 2221 inissent,
2623 2169 2758 2224 quos
2812 2154 2863 2206 in
2913 2152 3146 2208 Ecclesia
3190 2152 3500 2205 inventurus
3544 2159 3682 2214 erat,

2088 2248 2182 2303 sed
2214 2248 2470 2319 lugendos
2501 2257 2553 2301 et
2597 2249 2714 2301 sine
2742 2245 2904 2301 dubio
2949 2242 3272 2314 ejiciendus,
3308 2241 3378 2315 (c)
3411 2250 3467 2296 ut
3512 2242 3686 2310 pten-

2091 2342 2306 2396 tentiam
2336 2339 2641 2409 perderent.
2674 2337 2744 2392 Et
2770 2348 3021 2391 Ctt‘lCl‘Ulll
3052 2350 3154 2389 non
3186 2332 3440 2403 competit
3474 2348 3594 2386 cum
3617 2330 3686 2384 tle

2090 2433 2572 2488 communicmiouc
2602 2429 2802 2502 aliquid
2851 2429 2935 2483 hic
2965 2426 3285 2504 gstendisse.
3330 2423 3417 2492 qui
3446 2437 3564 2478 eam
3599 2438 3689 2475 su-

2092 2540 2183 2594 pra
2212 2524 2313 2578 luci
2340 2533 2394 2577 et
2419 2523 2673 2617 tenebris,
2697 2522 2916 2593 justitite
2947 2529 2998 2574 et
3031 2516 3290 2586 iniquitati
3318 2525 3557 2585 negarat.
3582 2515 3686 2568 Sed

2091 2616 2335 2687 ignorant
2354 2610 2669 2687 Apostolnut
2691 2628 2878 2670 omnes
2905 2613 3011 2679 isti,
3040 2612 3127 2683 qui
3158 2610 3354 2681 aliquid
3383 2620 3567 2664 contra
3594 2625 3699 2665 oa-.

2091 2720 2262 2766 tttram
2333 2719 2491 2778 atque
2543 2708 2871 2780 propositum
2943 2705 3174 2759 henninis
3248 2705 3434 2772 ipsius,
3502 2712 3687 2756 contra

2092 2807 2312 2858 formam
2361 2814 2416 2857 et
2468 2803 2703 2873 regulum
2761 2800 3053 2856 doetrinam
3105 2798 3219 2867 ejus
3260 2797 3560 2864 intelligunt
3634 2805 3690 2849 ut

2089 2896 2386 2952 sanctitatis
2410 2895 2584 2949 omnis
2614 2893 2770 2946 etiam
2805 2907 2868 2945 es
2898 2890 3185 2959 semetipsa
3215 2889 3547 2956 magistrum.
3582 2888 3686 2939 imo

2093 2990 2332 3061 puritatis
2354 2988 2523 3041 nauus
2545 2995 2937 3041 exsecratur-em
2967 2993 3016 3037 et
3042 2981 3393 3051 exliiatorem.
3423 2988 3474 3033 et
3499 2978 3693 3048 ubique

2092 3087 2269 3150 talem,
2313 3083 2468 3138 citius
2502 3083 2725 3145 incesto,
2768 3082 2926 3149 quam
2956 3076 3039 3150 (ά)
3067 3076 3223 3133 alicui
3255 3073 3554 3129 humaniori
3598 3086 3693 3128 reo

2093 3177 2386 3235 Ecclesium
2422 3173 2717 3230 reddidisse
2740 3180 3049 3242 pra-sumat.

2659 3262 2889 3319 CAPUT
2938 3258 3076 3315 XVI.

2162 3363 2391 3418 NeceSse
2433 3369 2515 3421 est
2550 3359 2709 3429 igitur
2747 3371 2914 3426 usque
2954 3354 3059 3409 illis
3088 3351 3402 3423 Apostolum
3455 3348 3707 3415 ostendi;

2093 3472 2250 3530 quem
2268 3469 2367 3525 ego
2386 3463 2435 3508 et
2458 3454 2509 3507 in
2532 3451 2765 3509 secunda
2781 3448 3179 3505 Corinthiorum
3204 3446 3361 3501 talem
3382 3442 3688 3506 defendam,

2095 3549 2304 3619 qualem
2336 3548 2386 3600 in
2414 3545 2662 3601 euntibus
2692 3540 2861 3597 literis
2897 3539 3052 3604 novi,
3083 3537 3171 3607 qui
3193 3546 3247 3592 et
3277 3536 3328 3590 in
3362 3536 3551 3606 prima;
3578 3532 3691 3603 pri-

2098 3657 2216 3696 mus
2247 3640 2481 3694 tlilllllllll
2526 3636 2779 3705 templutn
2824 3633 2914 3687 Dei
2943 3630 3241 3686 dedicavit:
3275 3627 3393 3690 Non
3424 3625 3561 3680 scitis
3607 3640 3690 3678 vos

2098 3733 2340 3805 templum
2367 3731 2459 3785 Dei
2479 3746 2601 3794 esse,
2626 3736 2672 3782 et
2703 3728 2754 3781 in
2781 3725 2917 3780 vobis
2940 3723 3210 3777 Dominum
3231 3720 3459 3776 habitare
3479 3717 3521 3793 (Ι
3545 3717 3691 3784 Con,
3733 3791 3736 3795 .

2097 3826 2186 3890 Ill,
2240 3823 2371 3895 i6)?
2410 3822 2498 3892 qui
2551 3829 2604 3876 et
2652 3816 2852 3887 templo
2900 3814 3209 3876 sanciendo,
3263 3810 3695 3882 purificandoquo

2100 3918 2397 3973 aeditualcm
2430 3915 2457 3970 lt
2479 3929 2599 3985 gem
2627 3910 2877 3981 scripsit:
2916 3907 2979 3963 Si
3015 3908 3127 3979 quis
3153 3906 3395 3976 templum
3422 3902 3516 3956 Dei
3543 3901 3698 3958 citiu-

2100 4012 2243 4075 vcrit,
2262 4008 2450 4063 vitiabit
2474 4007 2616 4060 illum
2641 4003 2779 4057 Deus
2797 4017 2814 4055 :
2830 4000 3069 4070 templum
3096 3999 3226 4053 enim
3248 3997 3342 4051 Dei
3359 4002 3680 4051 sanctumost

2102 4104 2236 4177 quod
2274 4102 2389 4157 estis
2432 4116 2517 4154 vos
2550 4097 2708 4169 (Ibid.
2765 4096 2872 4164 l7).
2908 4099 3017 4164 Age
3054 4091 3164 4163 jam
3195 4092 3313 4161 quis
3356 4087 3578 4144 omnino
3616 4085 3698 4139 vi-

2105 4200 2289 4252 tiatum
2336 4178 2445 4249 Deo
2479 4188 2873 4259 redintegravit,
2921 4185 2972 4241 id
3001 4193 3085 4241 est
3122 4183 3362 4237 traditum
3394 4178 3607 4237 Saturne
3646 4178 3702 4232 in

2106 4290 2361 4345 interitum
2391 4287 2578 4350 carnis,
2607 4299 2728 4339 cum
2758 4282 2959 4338 idcirco
2992 4278 3380 4335 substruxcrit:
3428 4273 3595 4330 Nemo
3615 4288 3701 4328 se-

2108 4383 2259 4437 ducat
2302 4379 2618 4449 semetipsum
2645 4373 2805 4445 (Ibid.
2835 4373 2945 4445 l8).
2990 4371 3043 4428 id
3081 4380 3185 4437 est,
3218 4384 3375 4424 nemo
3413 4375 3706 4437 prmsumat
3736 4414 3762 4428 κ

2111 4476 2348 4529 vitiatum
2382 4472 2491 4526 Deo
2531 4465 2881 4535 redintegrari
2909 4464 3087 4520 denuo
3112 4475 3304 4532 posse;
3344 4457 3480 4514 sicut
3516 4471 3704 4513 rursus

2114 4571 2247 4621 inter
2276 4573 2491 4629 cetera,
2520 4563 2629 4616 imo
2657 4569 2711 4616 et
2736 4569 2859 4613 ante
2884 4564 3100 4621 caetera,
3128 4551 3367 4609 moechos
3391 4562 3443 4605 et
3472 4548 3705 4603 fornica-

406 4644 566 4699 tiator
603 4647 653 4701 in
703 4646 958 4717 templum
1019 4649 1109 4705 Dei
1155 4654 1426 4727 convenit.
1460 4654 1592 4710 Nam
1636 4667 1690 4712 et
1739 4660 1854 4715 hic:
1910 4660 2005 4717 Vos
2030 4645 2084 4707 1)
2114 4674 2255 4717 tores
2287 4666 2342 4714 et
2381 4656 2571 4711 molles
2604 4663 2656 4708 et
2701 4651 2900 4706 mascol
2925 4664 3056 4706 :rum
3091 4645 3465 4703 Concubitort‘s
3508 4657 3707 4713 negans

406 4739 560 4804 enim,
626 4739 816 4812 inquit,
867 4742 985 4796 estis
1036 4744 1277 4815 templum
1334 4744 1434 4801 Dei
1498 4748 1632 4814 vivi;
1672 4750 1793 4806 dicit
1845 4756 2008 4810 enim:

2112 4769 2331 4826 regnum
2380 4758 2781 4812 consecuturos,
2849 4742 3134 4813 pra-inisit:
3183 4738 3266 4794 Ne
3303 4737 3381 4812 (δ)
3432 4736 3716 4795 erraveritis

1653 4867 2033 4933 LECTlONES
2070 4870 2486 4932 VARIANTES.

499 4981 546 5038 l)
580 4978 992 5030 Prtedamnaverit
1007 4981 1106 5031 Lat.

528 5043 545 5106 )
580 5043 656 5095 Sit
675 5040 804 5095 abest
826 5056 858 5093 a
881 5045 1006 5094 Par.

2202 4990 2250 5053 3)
2286 4989 2425 5040 Fidei
2449 4985 2615 5037 Gelen.
2963 5041 2970 5048 _

2178 4993 2252 5117 ξι)
2287 5051 2391 5103 Nec
2416 5048 2561 5100 Rhea.
2585 5042 2778 5097 Obertlt.
2806 5043 2949 5104 Leop.

2208 5042 2252 5117 ι)
2287 5051 2391 5103 Nec
2416 5048 2561 5100 Rhea.
2585 5042 2778 5097 Obertlt.
2806 5043 2949 5104 Leop.

1752 5157 1757 5160 ’
1795 5152 2362 5214 COMMENTARIUS.

412 5250 693 5317 mentorum
733 5237 1283 5317 dispositionesvalere
1308 5253 1457 5317 secta
1472 5261 1699 5317 meorum
1728 5254 2011 5317 temporum

415 5328 515 5366 non
538 5312 767 5383 ,patitnr.
797 5312 1010 5368 Sectam
1038 5312 1201 5382 igitur
1234 5314 1480 5387 Apostuli
1526 5316 1656 5371 dicit
1681 5312 2014 5387 quod'paulo

416 5390 813 5455 pastinatnram
840 5394 1004 5455 atque
1048 5386 1375 5455 propositmn
1406 5387 1672 5455 Apostoli,
1702 5386 1928 5443 formam
1963 5397 2018 5442 et

415 5454 654 5521 regulam
681 5453 1060 5510 doctrinarum
1078 5453 1216 5526 ejus.
1240 5455 1331 5511 Sic
1356 5453 1547 5526 supra:
1577 5474 1639 5513 ex
1660 5462 1823 5529 forma
1859 5456 2017 5512 Petri.

1805 5529 1924 5583 Btc.

492 5596 567 5668 (ει)
621 5595 695 5650 De
717 5595 1219 5668 Ecclesitesangelo.
1262 5596 1541 5668 Tanquam
1588 5601 1814 5667 angelus
1840 5598 2027 5668 pra-sit

420 5666 924 5739 cmig'rcguionibus
957 5666 1240 5739 Ecclesia;
1277 5670 1378 5723 nisi
1402 5666 1554 5737 inalit
1579 5666 1700 5739 quis
1731 5666 1937 5724 referre
1961 5669 2025 5722 ad

423 5735 1216 5810 episcopum?Corinthiorum,
1264 5738 1452 5794 eadem
1503 5735 1683 5810 plu-nsi
1746 5756 1905 5810 quam
1965 5738 2031 5793 ad

423 5808 629 5878 sentem
671 5808 1037 5880 Ett'leekIng
1072 5810 1289 5878 angelos
1317 5808 1590 5867 scribit'B.
1621 5808 1861 5867 Joannes
1900 5824 2030 5880 apo-

421 5876 613 5948 stelus,
647 5879 880 5953 Apo.c_ll
912 5893 965 5935 et
995 5876 1079 5936 Ill.
1113 5876 1248 5935 Pint.

2184 5248 2339 5303 CAP.
2384 5246 2497 5301 XV.
2537 5274 2608 5285 —
2646 5236 3541 5314 (h)ﬂDedamnaverit.Sententiam
3564 5236 3720 5292 dam-

2117 5320 2351 5377 nationis
2391 5308 2717 5373 rescisseri'.
2738 5313 2880 5368 lnlra
2909 5314 3075 5379 dicet,
3105 5308 3477 5379 retlintegrarit,
3509 5324 3720 5364 concor-

2123 5399 2357 5463 poratunt
2394 5404 2566 5463 rursus
2602 5386 2858 5463 Ecclesitc.
2882 5383 3012 5463 βισ.

2197 5459 2270 5530 (c)
2302 5459 2368 5515 Ut
2398 5455 3053 5530 panitentiant_perderettt.
3084 5452 3302 5530 Absque
3332 5452 3434 5505 ulla
3466 5450 3725 5530 spetretl-

2128 5518 2318 5591 (lendas
2355 5518 2452 5584 sibi
2481 5542 2712 5598 unquam
2738 5518 3019 5598 Ecclesiae;
3042 5518 3437 5598 qualcssnpra
3472 5518 3605 5598 dixit
3639 5523 3728 5598 je-

2133 5589 2284 5670 junus
2315 5600 2453 5671 paris
2482 5589 2755 5670 lucri/mas,
2797 5611 2919 5671 qum
2945 5589 3086 5671 nihil
3102 5592 3332 5671 amplius
3351 5589 3729 5671 abdic'elesitu

2133 5659 2254 5731 sinu
2287 5659 2562 5735 relatura),
2590 5659 2750 5741 quant
2779 5659 3193 5741 publicationem
3223 5660 3519 5741 dedecoris.
3541 5659 3689 5741 [lion

2207 5743 2291 5816 (tl)
2333 5742 2495 5816 Alicui
2520 5728 2822 5816 lt'utitaitiori
2852 5752 2956 5793 reo.
3007 5735 3143 5816 Quid
3187 5732 3327 5804 quod
3370 5730 3628 5803 peccavit,
3679 5728 3732 5783 id

2084 5852 2089 5855 -
2142 5808 2389 5887 peccasse
2413 5812 2716 5867 humanitus
2739 5808 3000 5866 videatur.
3034 5808 3151 5863 lito.
