4006 6280
293 245 430 303 i011

1720 237 2181 297 TERTULLIANI

3456 227 3602 295 1012

298 359 343 431 (1
373 359 630 431 Cor.,Vi,
652 359 708 428 9,
736 359 848 431 l0),
868 357 1076 416 scilicet
1099 357 1147 416 si
1171 356 1487 430 putaveritis
1513 369 1606 412 eos
1634 368 1888 411 consecu-
1924 355 1975 413 Λ
2003 353 2277 410 timebitur
2299 366 2418 425 ane
2450 353 2775 425 ignoscetur.
2802 351 2873 409 Et
2897 350 3074 410 tamen
3103 351 3370 426 ignovisse
3397 368 3459 410 se
3480 367 3605 425 pro-

302 462 472 508 turos.
506 452 711 522 Quibus
734 463 909 508 autem
928 464 1155 523 regnum
1173 448 1444 517 adimimr,
1470 449 1650 518 utique
1677 462 1774 500 nec
1794 447 1899 500 vita

301 543 651 611 permittitur,
678 557 798 613 qua:
830 542 967 597 inest
984 556 1170 612 regno.
1198 540 1374 596 Etiam
1405 541 1686 611 ingerens:
1712 537 1818 593 Sed
1848 537 1903 592 in

302 634 409 688 ha'c
426 633 626 706 quidem
638 633 826 703 fuistis;
842 635 930 688 sed
958 633 1119 688 abluti
1131 632 1268 699 estis,
1282 631 1371 687 sed
1391 630 1693 700 sanctiﬁcati
1712 630 1829 685 estis
1849 629 1903 684 in

303 725 505 779 nomine
530 722 737 778 Domini
753 725 909 779 nostri
928 724 1052 778 Iesu
1065 723 1276 790 Christi,
1298 724 1407 779 etin
1423 724 1607 792 spiritu
1629 720 1722 775 Dei
1744 726 1904 783 nostri

302 816 465 888 (Ibid.
500 816 613 888 Η).
647 818 856 887 Quanto
884 816 1074 873 delicta
1107 816 1205 872 ista
1233 824 1355 870 ante
1383 816 1651 871 lavactum
1685 823 1904 883 accepto

233 911 443 977 “facit,
496 920 643 967 tanto
688 922 807 984 post
851 913 1118 968 lavacrum
1167 908 1553 969 irrcmissibilia
1595 907 1901 971 constituit;

298 1005 562 1076 siquidem
582 1006 757 1060 denuo
774 1003 915 1059 ablui
952 1017 1055 1059 non
1086 1002 1229 1059 licet.
1256 1006 1496 1073 Agnos-ce
1518 1009 1571 1059 et
1598 1002 1650 1056 in
1676 1016 1904 1072 sequen-

303 1098 444 1153 tilms
476 1096 720 1159 Paulum.
759 1097 1064 1152 columnam
1096 1095 1425 1151 inamabilem
1466 1093 1900 1165 disciplittartun:

299 1189 408 1245 Cibi
430 1190 608 1257 ventri,
624 1199 672 1244 et
698 1199 866 1244 uenter
885 1190 1046 1253 cibis;
1072 1188 1210 1245 Deus
1236 1197 1281 1242 et
1312 1186 1445 1241 hunc
1470 1196 1515 1241 et
1540 1186 1657 1242 illos
1678 1186 1905 1256 conﬁcit;

297 1298 481 1353 corpus
505 1289 674 1335 autem
700 1296 801 1336 non
831 1280 1176 1351 fornicationi,
1209 1279 1298 1334 sed
1326 1278 1437 1334 Deo
1460 1276 1622 1351 (Ibid.
1661 1277 1771 1350 15).
1798 1277 1907 1333 Fa-

297 1368 491 1420 ciamus
511 1365 653 1426 enim
682 1366 956 1429 hominem,
993 1365 1068 1420 ait
1110 1365 1271 1431 Deus,
1303 1366 1371 1419 ad
1396 1364 1668 1435 imaginem
1695 1375 1741 1419 et
1765 1366 1907 1420 sinti-

298 1456 563 1510 litudinem
590 1467 816 1511 nostrant
839 1472 857 1512 :
886 1467 932 1511 et
958 1457 1075 1528 fecit
1097 1456 1350 1511 hominem
1377 1455 1515 1510 Deus
1539 1456 1607 1510 ad
1633 1457 1908 1528 imaginem

298 1561 345 1604 et
365 1551 747 1605 similitudinem
786 1548 879 1610 Dei
908 1551 1025 1622 fecit
1055 1549 1199 1604 illum
1229 1548 1404 1621 (Gelu,
1438 1548 1478 1613 Ι,
1524 1548 1614 1613 26,
1646 1548 1761 1620 27).
1793 1546 1906 1603 Do-

299 1642 469 1697 minus
508 1640 708 1713 corpori
736 1640 779 1710 (Ι
809 1639 953 1706 Cor.,
998 1640 1087 1709 Vl,
1126 1638 1250 1712 13);
1296 1649 1341 1695 et
1367 1656 1531 1695 sermo
1569 1640 1736 1706 enim,
1786 1656 1906 1695 caro

2008 449 2185 503 liti-tur
2218 448 2544 503 murimonii
2588 462 2764 511 nsum,
2797 461 2903 502 non
2945 445 3275 516 imperasse:
3303 446 3416 502 vult
3458 447 3604 514 enim

2006 554 2192 607 enidos
2220 538 2321 593 sibi
2350 538 2629 594 adlttererc
2665 537 2828 610 (Ibid.
2860 536 2937 608 7).
2981 537 3038 594 Si
3067 546 3259 593 autem
3277 538 3421 593 licita
3454 539 3607 609 ignoo

2006 640 2246 697 scnntur,
2271 632 2447 687 illicita
2470 631 2559 701 qui
2584 631 2835 701 sperant?
2856 629 3096 700 Innuptis
3123 644 3336 702 quoque
3357 639 3408 687 et
3434 630 3607 690 viduis

2006 724 2203 780 bunum
2231 740 2353 781 es<e
2380 724 2510 780 dit-it
2543 724 2792 795 exetnplo
2820 723 2938 795 ejus
2966 738 3345 794 perseverare;
3394 724 3440 779 si
3481 740 3607 781 vero

2005 816 2319 881 deﬁcerent,
2348 818 2569 884 nubere,
2619 816 2739 888 quia
2791 826 2972 886 praeest
3036 814 3111 887 (Ξ)
3141 815 3326 870 nubere
3347 833 3496 887 quant
3528 818 3610 871 uri

2009 910 2167 983 (Ibid.
2203 911 2256 976 8,
2283 909 2362 983 9).
2390 909 2592 979 Quibus
2621 924 2718 965 oro
2744 908 3202 980 ignibusdeterius
3221 915 3307 965 est
3333 908 3451 964 uri?
3472 924 3609 965 con-

2007 1002 2372 1074 cupiscentia},
2417 1018 2485 1057 an
2535 1001 2746 1074 ρωιωῖ
2793 1002 3012 1071 Atquin,
3052 1001 3095 1056 si
3128 1000 3408 1057 l‘ornlcatio
3449 1001 3613 1058 habet

2008 1096 2238 1163 veniam,
2269 1112 2376 1151 non
2409 1094 2512 1150 urit
2533 1093 2959 1165 concupiscentia
2982 1093 3131 1163 ejus:
3163 1093 3400 1163 Apostoli
3429 1106 3611 1151 autem

2010 1187 2178 1259 magis
2204 1196 2286 1243 est
2316 1201 2489 1258 postue
2517 1186 2724 1258 ignibus
2758 1183 3060 1255 providere.
3090 1184 3240 1254 Quod
3271 1186 3316 1241 si
3345 1199 3499 1257 plena
3528 1196 3613 1241 est

2008 1294 2127 1350 quae
2156 1279 2283 1345 urit,
2321 1294 2451 1351 ergo
2480 1277 2688 1339 veniam
2736 1291 2840 1332 non
2894 1275 3054 1353 liabet
3102 1276 3403 1342 l'ornicatio,
3452 1292 3613 1348 quam

2010 1381 2189 1428 manet
2221 1386 2396 1442 [)(Blla.
2428 1370 2634 1425 Interea
2665 1377 2719 1425 et
2742 1367 3029 1424 divortium
3071 1368 3380 1438 prohibens,
3412 1382 3509 1438 pro
3546 1382 3613 1423 eo

2009 1474 2101 1521 aut
2135 1464 2409 1521 viduitatis
2455 1464 2933 1535 persevcrantiam,
2983 1471 3075 1517 aut
3122 1460 3613 1517 reconciliationem

2011 1558 2154 1629 pacis
2174 1556 2444 1613 dominico
2474 1567 2739 1626 praecepto
2758 1553 3017 1609 adversus
3036 1553 3319 1610 mtecbiam
3341 1560 3611 1624 procurat,

2008 1642 2131 1722 quia
2159 1650 2245 1721 qui
2264 1649 2509 1703 dimiserit
2530 1665 2737 1703 uxorem
2757 1659 2940 1717 printer
2959 1662 3194 1712 caussam
3218 1647 3461 1710 mellite,
3488 1645 3615 1716 facit

299 1738 466 1803 factus
490 1744 564 1790 est
597 1734 707 1808 (Io.
736 1734 780 1800 Ι,
816 1735 836 1789 i
860 1735 929 1804 ί).
989 1731 1130 1789 Deus
1158 1744 1326 1789 autem
1357 1741 1403 1788 et
1431 1730 1710 1787 Dominum
1737 1734 1901 1788 susci-

2017 1762 2118 1800 eam
2147 1743 2412 1807 nuechari;
2443 1752 2490 1799 et
2519 1743 2606 1819 qtti
2633 1741 2897 1796 dimissam
2938 1757 2971 1795 a
2997 1741 3105 1795 uiro
3134 1740 3291 1802 ducit,
3336 1739 3616 1795 moechatur

303 1829 448 1895 tavit,
495 1839 542 1883 et
570 1845 664 1883 nos
709 1828 967 1883 suscitabit
1006 1843 1096 1899 per
1121 1826 1350 1882 virtutem
1378 1842 1523 1881 suam
1553 1826 1598 1894 (Ι
1638 1826 1778 1894 Con,
1809 1825 1902 1896 Vl,

303 1921 427 1989 ii);
452 1930 666 1989 propter
683 1919 923 1991 corporis
949 1919 1149 1975 scilicet
1175 1933 1366 1973 nexum
1389 1933 1510 1973 cum
1535 1919 1647 1975 illo.
1668 1918 1736 1975 Et
1761 1917 1902 1974 ideo:

303 2012 427 2068 Non
471 2013 610 2069 scitis
655 2030 871 2087 corpora
907 2023 1071 2069 restra
1107 2012 1328 2068 membra
1356 2011 1546 2070 Christi
1591 2009 1751 2087 (Ibid.
1786 2012 1909 2085 15)?

300 2106 421 2178 quin
454 2116 508 2163 et
532 2106 778 2163 Christus
809 2107 900 2163 Dei
932 2106 1186 2177 templum
1216 2123 1230 2162 :
1263 2105 1487 2162 Evertite
1516 2106 1759 2177 templum
1785 2106 1901 2172 hoc,

300 2211 346 2255 et
377 2216 467 2272 ego
494 2199 625 2255 illud
644 2202 697 2255 in
722 2199 891 2255 triduo
910 2198 1214 2255 resuscitabo
1239 2197 1350 2271 (Io.
1377 2241 1391 2264 ,
1411 2198 1476 2264 ll,
1503 2197 1614 2270 19).
1656 2197 1909 2270 Auferens
1944 2218 1949 2221 '

311 2292 536 2347 membra
560 2291 768 2357 Christi,
800 2293 985 2362 faciam
1005 2293 1229 2346 membra
1248 2291 1584 2364 fornicariat?
1614 2289 1668 2345 Ν
1672 2307 1737 2346 οη
1768 2291 1910 2346 scitis

306 2388 444 2457 quod
470 2387 557 2456 qui
575 2385 926 2458 adglutinatur
950 2382 1264 2458 fornicarite,
1294 2399 1450 2437 unum
1469 2399 1655 2455 corpus
1675 2382 1910 2453 efficitur?

310 2480 476 2534 [Erunt
494 2478 623 2534 enim
648 2476 748 2532 duo
768 2477 821 2530 in
840 2492 991 2530 unant
1004 2464 1227 2531 curaeat.
1245 2475 1346 2541 Qui
1374 2484 1543 2528 autem
1562 2473 1911 2547 adglutinatur

310 2572 553 2635 Domino,
585 2586 716 2623 unus
743 2579 814 2623 est
838 2569 1071 2640 spiritus.
1099 2566 1280 2639 Fugite
1299 2566 1682 2640 fornicationem
1701 2567 1741 2639 (l
1763 2566 1908 2635 Cor.,

316 2664 407 2731 VI,
455 2662 668 2733 15-18).
703 2661 761 2717 Si
786 2660 1139 2717 revocabilem
1179 2660 1352 2727 \‘t‘llia,
1394 2661 1662 2731 quomodo
1691 2661 1908 2733 fugiant,

309 2754 554 2811 tntecbus
593 2755 771 2809 denuo
811 2751 1054 2809 iuturus?
1083 2738 1209 2808 nillil
1256 2751 1552 2825 proiecero,
1588 2753 1632 2809 si
1669 2768 1787 2810 eam
1832 2754 1911 2809 lu-

306 2862 473 2919 gero;
507 2862 668 2901 unum
709 2862 803 2901 ero
828 2860 1044 2915 corpus,
1072 2838 1161 2900 cui
1203 2845 1645 2902 communicando
1682 2845 1912 2918 adglutio

310 2939 496 2994 nabor.
525 2937 687 2994 Omne
705 2939 939 2993 delictum
953 2938 1090 3011 quod
1102 2938 1359 2995 admiserit
1381 2938 1548 3004 homo,
1569 2951 1711 2994 extra
1729 2956 1914 3012 corpus

313 3043 412 3095 est;
449 3032 538 3103 qui
557 3043 725 3087 autent
751 3032 1057 3103 fornicatur,
1083 3031 1135 3085 itt
1162 3047 1345 3103 corpus
1370 3045 1518 3086 suum
1548 3040 1720 3102 peccat
1748 3030 1910 3105 (Ibid.

2011 1836 2247 1911 (Matth,
2279 1835 2344 1901 V,
2376 1834 2489 1906 '52).
2517 1837 2727 1901 Quanta
2759 1833 2993 1889 remedia
3021 1832 3251 1903 Spiritus
3270 1832 3499 1888 Sanctus
3527 1832 3613 1887 in-

2008 1937 2231 1997 staurat,
2262 1945 2330 1985 ne
2357 1927 2408 1984 id
2447 1928 2651 1984 scilicet
2675 1926 2853 1982 denuo
2882 1925 3213 1990 admittatur,
3230 1923 3372 1994 quod
3409 1922 3613 1994 ignosci

2010 2022 2187 2079 denuo
2227 2038 2332 2078 tton
2372 2020 2513 2077 vult!
2557 2020 2675 2075 .lam
2703 2020 2747 2075 si
2788 2032 3166 2089 usquequaque
3194 2016 3451 2087 optimum
3481 2014 3616 2071 dicit

2010 2115 2203 2171 homini
2236 2115 2309 2191 sic
2355 2129 2464 2169 esse
2483 2128 2502 2167 :
2526 2110 2749 2167 Iunctus
2773 2127 2826 2166 es
2854 2111 3003 2165 uxori
3022 2152 3036 2175 ,
3079 2126 3141 2165 ne
3180 2104 3439 2180 qutesleris
3467 2108 3611 2163 solu-

2011 2207 2221 2274 tionem,
2274 2213 2333 2261 ut
2366 2203 2612 2281 tntncltize
2660 2204 2834 2259 locum
2885 2219 2989 2258 non
3041 2202 3158 2258 des.
3204 2201 3416 2257 Solutus
3454 2217 3506 2255 es
3550 2201 3614 2255 ab

2010 2315 2188 2365 uxore,
2234 2313 2296 2355 ue
2340 2297 2598 2368 quaesieris
2635 2311 2864 2360 uxorem,
2913 2306 2969 2350 ut
3020 2293 3473 2365 opportunitatem
3519 2292 3613 2348 tibi

2011 2406 2212 2449 serves.
2246 2390 2396 2459 Quod
2415 2401 2462 2445 et
2491 2391 2534 2445 si
2554 2389 2759 2445 duxeris
2784 2403 3016 2451 uxorem,
3048 2397 3092 2441 et
3120 2388 3164 2441 si
3191 2386 3420 2458 nupserit
3447 2385 3611 2457 uirgo,

2012 2500 2114 2539 non
2131 2495 2328 2555 peccat;
2353 2476 2643 2554 pressuram
2664 2491 2829 2534 tamen
2856 2479 3025 2534 carnis
3048 2477 3298 2533 habebunt
3318 2476 3616 2544 huiusmodi

2016 2577 2059 2649 (Ι
2083 2576 2228 2644 Car.,
2263 2575 2368 2642 Vll,
2395 2574 2467 2630 26
2494 2573 2607 2645 28).
2665 2572 2731 2628 Et
2769 2573 2855 2628 ltic
2886 2571 3139 2642 parcendo
3176 2569 3460 2642 permittit.
3492 2569 3613 2625 Cte-

2017 2680 2213 2735 tcrtun,
2247 2680 2458 2738 tempus
2488 2668 2540 2724 itt
2571 2667 2798 2722 collecto
2824 2664 3116 2726 εοιεειίιυὶι,
3149 2671 3205 2719 ut
3232 2673 3286 2718 ct
3313 2662 3400 2733 qui
3429 2660 3614 2717 habent

2015 2778 2218 2827 uxores,
2251 2762 2323 2815 sic
2348 2762 2448 2815 sint
2474 2770 2717 2830 tanquam
2739 2775 2840 2814 non
2866 2757 3104 2812 habentes
3136 2755 3298 2828 (Ibid.
3337 2753 3457 2826 29);
3482 2769 3616 2825 prte-

2017 2854 2130 2909 terit
2158 2854 2290 2909 enim
2316 2852 2518 2907 habitus
2545 2851 2699 2921 hujus
2729 2851 2908 2904 mundi
2933 2848 3095 2922 (Ibid.
3120 2849 3233 2919 31),
3261 2847 3370 2917 jam
3410 2846 3618 2902 scilicet

2019 2961 2123 3023 non
2154 2944 2540 3003 desiderantis:
2580 2942 2798 2998 Crescite
2823 2953 2867 2997 et
2912 2941 3323 3012 multiplicamini
3361 2939 3536 3011 (Cum,
3571 2938 3612 3005 Ι,

2016 3038 2131 3109 28).
2164 3038 2252 3094 Sic
2282 3038 2390 3092 vult
2414 3051 2511 3091 nos
2541 3046 2724 3106 praeter
2742 3035 3135 3105 sollicitudinem
3160 3035 3357 3109 degere,
3390 3034 3507 3103 quia
3535 3034 3616 3086 in-

315 3122 427 3196 18).
457 3124 535 3180 Ac
562 3138 628 3178 ne
648 3122 760 3185 hoc
801 3123 1000 3179 dictum
1030 3122 1081 3178 itt
1114 3122 1325 3179 licenti:
1366 3123 1726 3179 fornicationis
1765 3124 1912 3178 inva—
1939 3133 1984 3195 ο
2019 3108 2164 3202 impii
2193 3130 2257 3183 de
2280 3127 2503 3193 Domino
2530 3138 2725 3191 curent,
2753 3126 3006 3197 quomodo
3039 3108 3268 3197 placeant
3295 3123 3426 3189 Deo;
3465 3126 3617 3193 nupti

314 3218 491 3278 deres,
514 3223 570 3270 ut
592 3219 642 3271 in
672 3231 783 3271 rem
816 3224 983 3280 tuam,
1013 3232 1117 3271 non
1148 3216 1377 3277 Domini.
1407 3215 1719 3279 delictnrns,
1743 3214 1917 3272 aufert

317 3321 371 3366 te
398 3309 510 3376 tibi,
539 3318 590 3362 et
626 3307 860 3374 Christo,
894 3308 1032 3364 sicut
1060 3308 1418 3378 disposuerat,
1461 3307 1678 3378 adjicit:
1717 3306 1787 3361 Et
1815 3323 1917 3362 non

315 3408 434 3462 estis
458 3408 609 3462 vestri
626 3423 645 3471 ;
671 3408 848 3463 statim
879 3421 1194 3478 apponens:
1228 3405 1403 3477 Empti
1427 3406 1557 3461 enim
1587 3404 1704 3459 estis
1730 3403 1912 3475 pretio,

316 3499 572 3569 sanguine
597 3498 800 3554 scilicet
827 3498 1069 3563 Domini;
1092 3498 1376 3569 gloriﬁcate
1395 3507 1438 3551 et
1463 3496 1620 3550 tollite
1647 3494 1918 3550 Dominum

315 3593 370 3646 in
399 3606 611 3661 corpore
637 3601 801 3646 uestro
830 3589 990 3662 (Ibid.
1016 3591 1106 3659 19,
1126 3588 1243 3659 9.0).
1272 3589 1384 3645 Iloc
1404 3588 1493 3659 qui
1516 3587 1771 3659 praeripit,
1799 3587 1920 3643 vide

319 3700 385 3736 an
419 3682 678 3753 ignoverit
703 3682 751 3737 t-i
778 3685 866 3754 qui
888 3681 1230 3738 detlecoravit
1262 3680 1564 3745 Dominum,
1593 3690 1647 3735 et
1680 3680 1769 3750 qui
1805 3679 1916 3749 eje-

319 3773 455 3828 cerit
480 3789 605 3828 eum
632 3773 697 3828 de
734 3789 960 3845 corpore
994 3788 1113 3839 suo,
1155 3782 1209 3829 ct
1247 3772 1461 3845 quidem
1502 3788 1594 3845 per
1634 3771 1919 3827 incestum.

321 3866 377 3922 Si
418 3866 494 3921 vis
521 3881 735 3923 onmem
765 3867 1003 3923 notitiam
1036 3865 1276 3939 Apostoli
1306 3864 1542 3930 ebibere,
1574 3875 1630 3919 ut
1658 3863 1922 3935 intelligas

321 3969 516 4030 qutvttla
580 3960 755 4016 secuti
811 3974 1052 4016 censura:
1099 3958 1585 4039 omnem‘sylvam
1644 3955 1920 4013 libidinum

322 4056 511 4118 ctctlat,
566 4065 619 4108 et
661 4055 915 4121 eradicet,
958 4065 1012 4111 et
1053 4055 1384 4120 excaudicet,
1427 4070 1493 4123 ne
1538 4053 1825 4127 quidquam
1855 4052 1922 4109 de

326 4148 558 4203 reridivo
637 4148 717 4220 (I)
771 4147 1017 4203 fruticare
1073 4148 1362 4217 permittat,
1434 4146 1651 4218 adspice
1693 4147 1840 4219 illum
1892 4160 1922 4202 a

322 4241 463 4311 jnsla
495 4241 641 4312 fruge
672 4249 898 4306 ttatnrtr,
927 4258 955 4295 a
1000 4240 1321 4295 matrimonii
1354 4239 1473 4295 dico
1507 4254 1686 4310 ponto,
1720 4240 1923 4296 animas

322 4334 566 4404 jejunare
588 4334 911 4404 cupientem.
945 4332 1023 4388 De
1035 4332 1215 4404 quibus
1230 4343 1398 4387 autem
1423 4334 1715 4400 scripsistis,
1743 4335 1923 4391 bonunt

327 4437 396 4479 est
428 4425 621 4479 hontini
649 4424 909 4480 mulierem
939 4442 1041 4480 non
1067 4425 1355 4495 contingere
1379 4438 1397 4477 :
1423 4423 1511 4479 sed
1533 4434 1738 4493 prapter
1763 4426 1923 4494 forni-

326 4618 370 4662 et
399 4625 525 4664 uxor
540 4611 645 4664 viro
660 4609 877 4679 debitum
896 4607 1072 4663 reddat
1099 4605 1139 4678 (l
1166 4605 1305 4670 Con,
1327 4604 1440 4669 VII,
1477 4606 1495 4659 l
1511 4645 1527 4673 ,
1557 4605 1738 4680 seqq).
1757 4606 1925 4677 llnjus

332 4701 453 4757 boni
484 4700 700 4756 ﬁbulam
727 4699 844 4770 quis
869 4700 1018 4754 illttttt
1050 4697 1251 4754 nesciat
1292 4696 1514 4752 invitum
1544 4699 1928 4767 relaxasse,.ut

326 4796 663 4853 iurulentioui
708 4793 916 4849 obviam
965 4794 1115 4857 isset,
1168 4807 1325 4861 quam
1369 4791 1417 4845 si
1457 4793 1541 4845 cui
1587 4791 1799 4849 indulsit
1842 4795 1925 4850 vel

330 4889 587 4963 indu'get,
617 4888 801 4957 utique
824 4885 1104 4941 consilium
1138 4885 1359 4940 remedii
1389 4886 1469 4940 sui
1501 4884 1733 4957 infregit,
1762 4876 1815 4944 et
1842 4897 1923 4946 le-

329 4984 541 5039 nebitur
560 4983 671 5051 jam
700 4978 987 5035 {uenandis
1012 4978 1352 5035 continentia:
1376 4972 1658 5052 conjugiis,
1691 4980 1737 5035 si
1769 4981 1928 5039 furni-

326 5076 486 5140 catio,
511 5075 580 5131 ob
598 5089 758 5146 quam
781 5071 1175 5145 permittuntur,
1204 5085 1310 5128 non
1335 5071 1624 5136 timebitur;
1647 5089 1752 5128 nan
1780 5075 1920 5130 enim

2020 3239 2136 3280 t'ero
2166 3223 2229 3277 de
2271 3222 2463 3277 ntundo
2491 3218 2787 3292 recogitenl,
2824 3222 3077 3289 quomodo
3103 3220 3339 3290 placeant
3379 3218 3618 3288 conjugio

2022 3316 2063 3389 (l
2110 3316 2254 3382 (Iota,
2294 3315 2406 3380 VII,
2450 3313 2665 3386 52-54).
2711 3314 2799 3369 Sic
2861 3313 3052 3369 melius
3091 3311 3265 3367 facere
3316 3312 3622 3380 pronuntiat

2023 3409 2240 3482 vit-ginis
2264 3416 2720 3469 conservatorem,
2746 3421 2904 3476 quam
2930 3400 3267 3475 erogatorem
3300 3402 3461 3476 (Ibid.
3490 3401 3616 3474 40);

2023 3504 2099 3559 sic
2117 3511 2170 3557 et
2189 3500 2334 3557 illam
2355 3499 2643 3559 beatiorem
2665 3497 2903 3569 decernit
2922 3512 3063 3567 qum,
3082 3496 3280 3551 amisso
3305 3493 3439 3562 viro,
3461 3493 3620 3549 tidem

2024 3596 2262 3671 ingressa
2294 3591 2390 3667 (η),
2419 3591 2683 3646 amaverit
2714 3589 3056 3645 occasionem
3104 3586 3409 3650 viduitatis;
3430 3585 3509 3640 sic
3537 3582 3618 3656 (5)

2025 3685 2137 3741 btec
2158 3684 2334 3740 omnia
2363 3682 2703 3739 continentia:
2730 3679 2950 3736 consilia
2973 3688 3029 3732 ut
3043 3677 3223 3737 divina
3253 3675 3616 3733 commendat:

2031 3776 2181 3843 Puta,
2207 3775 2395 3845 inquit,
2415 3783 2459 3828 et
2478 3790 2572 3845 ego
2589 3772 2824 3845 spiritum
2847 3770 2939 3826 Dei
2960 3772 3118 3825 habeo
3140 3768 3351 3843 (Ibid.).
3374 3768 3502 3837 Quis
3522 3769 3624 3824 iste

2025 3880 2104 3927 est
2127 3878 2365 3925 assertor
2391 3867 2778 3922 audacissimus
2800 3864 3361 3934 omnisimpudicitiae,
3387 3863 3624 3919 merebo-

2024 3980 2142 4020 rutn
2175 3971 2228 4018 et
2259 3960 2639 4018 fornicatorum
2669 3970 2723 4015 et
2747 3952 3081 4014 incestarum
3106 3958 3262 4029 plane
3284 3956 3623 4012 fidelissimus

2026 4057 2334 4122 advocatus,
2361 4054 2555 4124 quibus
2588 4052 2911 4108 Itonorandis
2945 4052 3177 4121 suscepit
3209 4051 3344 4106 banc
3378 4062 3623 4106 caussam

2026 4150 2283 4206 adversus
2303 4149 2559 4221 Spiritum
2578 4146 2854 4212 Sanctum,
2880 4157 2935 4201 ttt
2949 4145 3139 4202 falsum
3158 4145 3520 4201 testimonium
3540 4159 3627 4200 reo

2026 4243 2152 4300 citet
2181 4242 2249 4296 de
2281 4241 2526 4311 apostolo
2554 4240 2704 4309 ejus?
2738 4240 2879 4295 Nihil
2912 4240 3016 4294 tale
3046 4239 3239 4293 Paulus
3262 4238 3499 4303 indulsit,
3533 4238 3627 4310 qui

2029 4346 2193 4392 totam
2217 4334 2395 4390 carnis
2419 4334 2791 4391 necessitatem
2820 4333 2888 4388 de
2912 4333 3092 4404 probis
3112 4332 3274 4387 etiam
3301 4330 3468 4386 titulis
3491 4331 3628 4387 obli-

3623 250 3639 257 κ

2029 4439 2205 4488 terare
2224 4426 2465 4485 conatur.
2498 4426 2742 4499 Indulget
2768 4441 2897 4482 sane
2937 4440 3042 4480 non
3069 4424 3349 4491 adulteria,
3391 4422 3484 4480 sed
3528 4438 3629 4479 nu—
3700 4434 3709 4437 ‘

325 4519 573 4573 cntionem
612 4517 951 4588 unusquisque
974 4531 1184 4570 uxorem
1209 4530 1357 4569 suatn
1384 4513 1594 4577 habeat;
1633 4515 1709 4573 vir
1749 4516 1919 4584 uxori,
1947 4526 2000 4586 1)
2027 4524 2192 4595 ptias;
2227 4522 2392 4592 parcit
2422 4536 2552 4577 sane
2574 4519 2949 4585 matrimoniis,
2970 4532 3079 4573 non
3106 4518 3335 4589 stupris:
3367 4525 3534 4573 tentat
3558 4530 3629 4572 ne
3682 4566 3691 4575 ,

2030 4627 2233 4671 natura:
2256 4612 2470 4685 quidem
2493 4612 2793 4683 ignoscere,
2822 4625 2888 4665 ne
2907 4610 3079 4680 culpte
3103 4608 3424 4672 blandiatur;
3453 4607 3631 4665 studet

2028 4721 2370 4778 compescere
2382 4705 2766 4763 benedictionis
2778 4702 3143 4765 concubitum,
3158 4716 3226 4758 ne
3239 4700 3629 4759 maledictionis

2028 4808 2331 4857 excusetur.
2354 4797 2465 4853 Hoc
2476 4797 2523 4852 ei
2541 4797 3072 4866 supererat,'carnem
3093 4794 3218 4849 vela
3235 4792 3481 4849 sordibus
3499 4808 3627 4861 pur-

2027 4906 2185 4962 gare;
2215 4906 2243 4943 a
2273 4889 2493 4945 maculis
2522 4889 2665 4944 enim
2694 4903 2799 4943 non
2831 4898 3024 4957 potest.
3055 4884 3160 4942 Sed
3187 4894 3271 4942 est
3296 4885 3402 4942 hoc
3428 4885 3629 4942 soleat-

2030 4997 2098 5038 ne
2138 4982 2404 5053 perversis
2429 4989 2483 5036 et
2506 4979 2683 5035 idimis
2712 4988 2768 5035 et
2800 4962 3084 5044 litereticis,
3114 4978 3224 5048 jam
3263 4988 3318 5034 et
3361 4978 3628 5048 psyebicis

2028 5075 2314 5143 universis,
2337 5074 2561 5146 alicujus
2590 5072 2807 5145 capituli
2832 5072 3079 5145 ancipitis
3106 5071 3409 5139 occasione,
3439 5070 3629 5128 adv-ero

1524 5189 1904 5253 LECTIONES
1941 5193 2355 5267 VARIANTES.

390 5311 408 5364 l
416 5308 465 5364 1)
497 5307 723 5358 Reciduo
740 5305 1079 5360 0bert.'SemI.

390 5369 466 5431 (2)
501 5369 711 5421 Prtestat
736 5370 840 5420 Lat.

2095 5311 2169 5376 (5)
2203 5311 2254 5362 Si
2282 5309 2476 5364 Oberth.
2503 5308 2653 5362 Sentl.
2819 5359 2828 5369 ,
3022 5342 3025 5347 .
3510 5304 3541 5321 ι

774 5484 777 5487 η
1618 5458 1623 5465 ’
1697 5477 2255 5553 COMMENTARIUS,

404 5582 560 5666 QAP.
593 5587 732 5666 XV}.
781 5621 833 5635 -
875 5597 948 5666 (a)
977 5592 1162 5650 Fidem
1180 5593 1429 5666 ingressa.
1455 5593 1927 5666 Montanittat'l‘cr—

334 5658 609 5735 illili‘atIUS,
646 5661 726 5718 sic
762 5658 1054 5735 reprobans
1081 5658 1299 5735 nuptias
1322 5664 1441 5733 ejus
1462 5680 1579 5732 qute
1615 5664 1772 5719 vidua
1803 5673 1927 5734 post

336 5727 458 5787 lidei
488 5731 784 5800 ingressum
814 5727 951 5799 facta
980 5746 1083 5795 est.
1111 5727 1265 5798 Hunc
1289 5727 1410 5794 esse
1429 5727 1645 5795 sensum
1675 5727 1926 5791 Auctoris

2030 5602 2173 5666 patet
2200 5609 2265 5652 ex
2290 5593 2441 5651 libris
2466 5595 2530 5649 de
2553 5592 2772 5649 Exhort.
2804 5591 2947 5650 Crist.
2978 5602 3025 5650 et
3058 5592 3123 5651 de
3152 5591 3363 5719 Honog.
3397 5592 3527 5650 Enn.
3561 5609 3630 5652 ex

2542 5696 2553 5707 ι
3348 5681 3443 5719 u.

2542 5696 2553 5707 υ
3306 5681 3443 5726 ΡΑΙ.
