4006 6280
284 367 319 559 ἓ

353 256 496 314 1013

1662 272 1675 339 ς
1686 266 1892 325 LIBER
1934 267 2021 327 DE
2060 266 2423 329 PUDlCl'l‘lA.

3524 256 3663 335 t0tt

348 383 440 424 sus
494 373 789 431 exercitum
834 376 1218 433 sententiarum
1267 365 1605 436 instrumenti
1650 381 1811 449 totius
1859 396 1948 436 ar-
1977 383 2029 442 Α
2055 382 2162 453 lege
2188 382 2543 455 delinquentiaa
2568 392 2615 456 et
2644 385 2822 442 mortis
2849 385 3050 458 (Rom,
3076 384 3310 461 Vlll,2).
3342 386 3490 445 Licet
3511 389 3658 445 enim

342 466 502 518 mari.

933 605 1159 663 CAPUT
1197 604 1366 662 XVII.

420 731 659 788 Provoca
701 732 766 788 ad
797 736 1141 805 apostolicam
1188 738 1394 805 aciem;
1438 738 1654 809 adSpiee
1682 740 1943 811 Epistulas

345 822 461 892 cjus
487 840 501 888 ;
532 840 718 880 omnes
751 841 846 896 pro
879 828 1162 896 pudicitia,
1189 844 1293 899 pro
1317 833 1587 896 castitate,
1623 847 1718 902 pro
1745 833 1945 889 sancti-

347 923 452 968 tate
484 917 840 985 pratundunt,
871 934 1058 974 onmcs
1088 919 1137 973 in
1162 920 1384 975 luxuriae
1414 933 1466 978 et
1496 923 1725 978 lascivia:
1746 933 1799 979 ct
1826 923 1943 979 libi-

343 1004 481 1059 diuis
505 1008 710 1078 negotia
743 1009 1062 1079 iaculantur.
1092 1010 1229 1079 Quid
1257 1012 1488 1085 denique
1516 1024 1569 1070 et
1595 1012 1943 1071 Thessaloni-

343 1099 591 1154 ecusihus
616 1100 842 1155 scribit?
881 1101 1157 1156 Advocatio
1185 1105 1320 1158 enim
1346 1115 1520 1160 nostra
1549 1123 1650 1161 non
1695 1124 1758 1162 ea:
1789 1108 1941 1163 sedu-

343 1192 528 1261 ctione,
558 1208 650 1246 nec
688 1209 751 1247 ea:
789 1194 1112 1249 immunditia
1151 1195 1198 1268 (Ι
1228 1194 1428 1262 Thess.,
1461 1197 1539 1267 ll,
1569 1198 1658 1269 5);
1688 1209 1783 1255 et:
1820 1200 1945 1256 llwc

343 1297 413 1339 est
458 1287 695 1341 voluntas
742 1286 860 1356 Dei,
901 1289 1237 1344 sanctimonia
1282 1300 1467 1359 vestra,
1498 1291 1749 1346 abstinere
1784 1309 1879 1348 vos.
1912 1310 1946 1349 a

345 1377 702 1448 fornicatione,
733 1379 862 1432 scire
886 1373 1293 1451 unumquemque
1319 1397 1402 1436 vas
1435 1399 1584 1436 suum
1613 1383 1869 1453 possidere
1891 1386 1945 1440 in

341 1470 678 1524 sanctimonia
712 1479 757 1525 et
787 1471 998 1537 honore,
1030 1489 1130 1526 non
1174 1473 1229 1527 in
1273 1473 1481 1549 libidine
1500 1477 1941 1546 concupiscentiae,

340 1563 468 1618 sicut
497 1566 724 1621 nationes
751 1582 864 1636 qua:
891 1564 1056 1621 Deum
1093 1569 1329 1638 ignorant
1381 1569 1424 1641 (l
1451 1568 1652 1637 Thess,
1682 1569 1768 1637 IV,
1798 1571 1942 1643 5-5).

340 1657 476 1733 Quid
525 1658 726 1716 Galatu:
782 1662 1003 1732 legunt?
1062 1661 1340 1736 Manifesta
1394 1673 1510 1718 sunt
1550 1681 1707 1735 opera
1754 1666 1942 1720 carnis.

2050 487 2114 527 ex
2148 484 2295 545 parte
2322 490 2390 530 ex
2415 474 2692 532 Judaismo
2724 476 3000 548 disputare
3024 478 3286 546 videatur,
3317 479 3412 536 sed
3457 481 3509 537 in
3558 496 3657 537 nos

2050 564 2227 635 dirigit
2278 566 2637 638 integritatem
2693 579 2746 625 et
2800 569 3185 642 plenitudinem
3231 572 3655 644 disciplinarum,

2049 660 2753 730 propterquoslaborantes
2793 664 2845 718 in
2894 662 3010 734 lege
3061 681 3153 736 per
3193 680 3409 722 carnem
3462 669 3652 723 miserit
3713 704 3716 708 .

2053 747 2195 804 Deus
2242 750 2406 818 ﬁlium
2432 769 2582 806 suum
2603 754 2656 807 in
2681 753 3067 809 similitudinem
3091 757 3259 812 carnis
3278 758 3653 829 dclinquentiw,

2049 846 2102 896 et
2149 856 2355 915 prapter
2396 847 2794 915 delinquentium
2841 851 3156 906 damnaverit
3186 853 3579 923 delinquentium
3605 856 3659 908 iu

2047 950 2200 989 carne
2227 948 2318 1001 ;ut
2335 941 2424 1009 jus
2446 941 2592 1013 legis,
2626 942 2815 1015 inquit,
2846 944 3140 1015 impleretur
3166 946 3216 999 in
3247 946 3408 1012 nobis,
3440 948 3524 1017 qui
3559 964 3660 1001 non

2046 1029 2337 1084 secundum
2375 1049 2598 1097 carnem,
2630 1036 2719 1088 sed
2765 1035 3041 1090 secundum
3085 1037 3322 1106 spiritum
3352 1039 3656 1094 incedimus.

2051 1118 2153 1186 Qui
2201 1122 2334 1177 enim
2381 1125 2660 1180 secundum
2683 1143 2887 1181 carnem
2940 1128 3198 1195 incedunt,
3239 1146 3298 1185 ea
3326 1147 3441 1200 qua:
3480 1133 3652 1188 carnis

2048 1222 2165 1267 sunt
2191 1214 2397 1286 sapiunt
2424 1231 2445 1281 ;
2494 1228 2542 1271 et
2592 1219 2679 1289 qui
2721 1220 2998 1274 secundum
3026 1221 3278 1291 spiritum,
3309 1240 3370 1278 ea
3396 1241 3510 1296 qua:
3540 1235 3659 1279 sunt

2047 1306 2256 1379 spiritus
2305 1307 2489 1382 (Ibid.,
2534 1310 2666 1380 5-5).
2728 1310 2948 1367 Sensum
2995 1326 3171 1371 autent
3239 1318 3407 1371 carnis
3449 1328 3660 1371 mortem

2048 1398 2348 1456 adﬁrmavit
2390 1402 2510 1458 esse
2534 1402 2719 1476 (lbid.,
2750 1402 2826 1476 6).
2859 1404 3063 1461 Dehinc
3087 1416 3141 1461 et
3170 1407 3496 1463 inimicitiam
3524 1419 3579 1463 et
3607 1412 3658 1464 in

2053 1489 2240 1558 Deum,
2289 1501 2344 1546 et
2395 1508 2488 1549 eos
2538 1494 2630 1565 qui
2673 1505 2798 1550 sunt
2856 1496 2907 1550 in
2955 1510 3140 1565 carne,
3193 1497 3351 1553 idest
3405 1499 3456 1552 in
3499 1514 3659 1554 sensu

2049 1584 2246 1652 carnis,
2278 1584 2386 1641 Deo
2419 1582 2628 1656 placere
2653 1603 2756 1642 non
2788 1603 2946 1658 posse
2988 1588 3176 1663 (Ibid.,
3208 1590 3283 1661 7).
3322 1591 3386 1646 Et
3417 1610 3428 1642 :
3479 1591 3540 1648 Si
3579 1609 3673 1663 se-r

2049 1679 2273 1732 cundum
2317 1694 2520 1734 carnem
2556 1682 2739 1747 vivitis,
2789 1683 2976 1754 inquit,
3012 1687 3245 1756 futurum
3279 1694 3430 1739 estut
3471 1687 3660 1741 moria-

339 1749 593 1818 Qnaznam
643 1751 794 1806 ista?
851 1750 928 1824 (a)
979 1752 1034 1807 ln
1079 1755 1264 1824 primis
1312 1756 1487 1823 posuit
1534 1757 1941 1828 fornicationem,

2052 1769 2174 1823 mini
2199 1767 2383 1843 (Ibid.,
2418 1768 2525 1842 15).
2553 1768 2686 1840 Quid
2711 1749 2887 1828 autem
2924 1749 3272 1845 intelligimus
3310 1776 3488 1831 carnis
3532 1792 3656 1833 st'n-

336 1842 730 1908 inmunditiam,
761 1844 1040 1912 lasciviam,
1072 1861 1185 1912 qua:
1217 1846 1440 1917 prtetlico
1477 1847 1612 1902 vobis
1653 1848 1783 1902 sicut
1811 1864 1944 1920 pra:-

336 1934 463 1999 dixi,
491 1936 625 2006 quod
653 1937 742 2005 qui
770 1937 897 1991 talia
925 1947 1102 2006 agunt,
1132 1955 1344 2010 regnum
1373 1938 1470 1994 Dei
1502 1957 1603 1994 non
1627 1949 1744 1996 sunt
1767 1957 1934 1997 conse-

334 2030 502 2083 cutnri
550 2029 843 2084 Ittvreditate
894 2030 1083 2101 (σαι,
1121 2030 1180 2097 ν,
1218 2031 1343 2102 19).
1380 2033 1608 2089 Romani
1640 2049 1766 2089 vero
1816 2035 1942 2106 quid

335 2125 505 2196 magis
527 2110 761 2192 discunt,
780 2140 938 2197 quam
977 2141 1081 2180 non
1108 2118 1483 2198 derelinquere
1515 2122 1795 2184 Dominum
1827 2140 1944 2200 post

336 2216 541 2271 iidem?
584 2216 723 2282 Quid
761 2234 878 2289 ergo
922 2218 1147 2273 dicemus
1217 2221 1247 2273 2
1288 2222 1718 2291 perseverabimus
1768 2219 1846 2295 (l)
1892 2224 1946 2277 in

335 2308 698 2378 (lclinqucntia,
733 2322 785 2364 ut
820 2322 1022 2381 superet
1052 2312 1218 2383 gratia
1245 2315 1270 2367 ?
1300 2312 1463 2368 Absit.
1510 2313 1608 2382 Qui
1640 2316 1826 2369 mortui
1852 2332 1940 2370 su-

332 2417 445 2454 mus
476 2403 851 2474 tlelinquentite,
892 2406 1143 2473 quomodo
1189 2407 1406 2461 vivemus
1436 2408 1489 2460 in
1530 2424 1588 2462 ea
1615 2408 1780 2463 adhuc
1803 2408 1830 2463 .9
1865 2409 1943 2463 An
1992 2421 2009 2427 ‘

332 2494 599 2565 ignoratis,
643 2496 781 2565 quod
819 2497 906 2566 qui
954 2497 1096 2551 tincti
1140 2514 1313 2551 sumus
1350 2499 1404 2552 in
1446 2496 1647 2553 Christo
1691 2499 1836 2573 .lesu,
1892 2500 1944 2555 in

332 2600 544 2641 mortem
578 2590 690 2657 eius
729 2605 904 2643 sumus
946 2590 1134 2645 tincti?
1173 2590 1464 2662 Consepulti
1492 2608 1611 2663 ergo
1651 2592 1732 2646 illi
1769 2609 1944 2649 sumus

332 2696 426 2753 per
461 2681 766 2751 baptismum
795 2684 846 2736 in
886 2691 1098 2737 mortem
1122 2700 1141 2739 :
1170 2699 1224 2738 ut
1254 2686 1382 2739 sicut
1412 2685 1644 2741 Christus
1671 2689 1946 2743 resurrexit

333 2790 367 2827 a
402 2776 636 2838 mortuis,
677 2776 746 2828 ita
790 2784 834 2829 et
872 2791 962 2830 nos
1006 2778 1060 2831 in
1108 2777 1328 2832 novitate
1356 2778 1472 2832 vita:
1513 2774 1824 2834 incedantus.
1884 2778 1946 2835 Si

334 2863 469 2919 enim
517 2866 803 2936 consepulti
832 2864 912 2940 (εξ)
949 2884 1120 2922 sumus
1169 2869 1649 2927 simulacroanortis
1676 2870 1785 2940 eius
1810 2911 1823 2933 .
1854 2872 1945 2926 sed

333 2972 383 3016 et
408 2965 792 3019 resurrectionis
819 2966 1027 3031 erimus,
1060 2967 1156 3020 hoc
1200 2968 1413 3021 scientes
1452 2965 1589 3037 quod
1631 2976 1768 3022 vetus
1794 2967 1944 3022 homo

337 3067 507 3112 noster
542 3060 775 3127 con/imus
814 3069 883 3113 cst
932 3061 1030 3114 illi.
1084 3059 1145 3115 Si
1185 3069 1351 3114 autmn
1402 3058 1590 3115 mortui
1613 3077 1786 3115 sumus
1830 3044 1977 3115 cum.

2046 1874 2163 1916 sum
2189 1870 2246 1917 et
2267 1863 2443 1917 carnis
2468 1862 2648 1927 vitam,
2679 1864 2778 1919 nisi
2808 1864 3179 1936 quodcumque
3213 1866 3372 1935 pudet
3409 1883 3653 1937 pronun-

2049 1953 2216 2008 tiare?
2248 1963 2440 2009 caetera
2481 1957 2621 2010 enim
2658 1958 2838 2012 carnis
2881 1968 2933 2012 et
2972 1959 3261 2028 Apostolus
3303 1961 3653 2015 nominasset.

2049 2043 2278 2099 Proinde
2306 2054 2361 2100 et
2387 2044 2635 2117 Ephesiis
2665 2046 2884 2118 pristina
2917 2061 3191 2119 reputans,
3221 2050 3289 2105 de
3320 2051 3498 2105 futuro
3545 2066 3654 2106 mo-

2048 2143 2173 2190 net:
2204 2134 2270 2190 la
2297 2136 2477 2208 quibus
2502 2130 2553 2192 et
2590 2155 2682 2194 nos
2717 2141 3000 2194 conrersati
3035 2157 3230 2207 sumus,
3272 2142 3515 2212 facientes
3537 2159 3657 2196 con-

2045 2229 2384 2297 cupiscentias
2407 2238 2453 2284 et
2483 2230 2763 2302 voluptates
2780 2233 2949 2286 carnis
2977 2230 3219 2306 (Ephes.,
3245 2231 3310 2297 ll,
3343 2232 3420 2307 5).
3444 2233 3659 2289 Notans

2046 2319 2276 2393 denique
2307 2322 2426 2377 illos
2451 2322 2543 2393 qui
2569 2337 2628 2379 se
2654 2332 2957 2395 negassent,
2981 2325 3186 2380 scilicet
3214 2324 3554 2393 christianos,
3593 2341 3659 2379 eo

2047 2412 2188 2485 quod
2210 2429 2270 2469 se
2320 2412 2666 2469 tradidissent
2706 2415 2757 2470 in
2781 2416 3144 2486 operationem
3171 2416 3518 2472 ilttmttltditizt:
3538 2433 3660 2471 om-

2048 2506 2130 2561 nis
2149 2522 2162 2559 :
2181 2505 2279 2560 Vos
2305 2507 2688 2579 autem,inqnit,
2711 2524 2812 2563 non
2834 2509 2907 2563 sic
2923 2508 3173 2563 didicistis
3191 2507 3444 2563 Christum
3467 2508 3657 2580 (Eph.,

2046 2598 2138 2666 IV,
2164 2598 2302 2673 20.).
2335 2599 2404 2656 Et
2429 2600 2618 2656 iterum
2645 2601 2721 2656 sic
2745 2601 2878 2657 dicit
2907 2619 2918 2655 :
2947 2601 3050 2670 Qui
3090 2599 3383 2672 furubatur,
3402 2604 3517 2673 jam
3553 2619 3656 2656 non

2046 2697 2246 2763 furetur
2275 2692 2462 2765 (Ibid.,
2492 2693 2696 2766 26-28).
2741 2693 2848 2751 Sed
2871 2705 2928 2750 ct
2951 2696 3042 2766 qui
3073 2695 3447 2751 tutncltahatnr
3477 2695 3659 2749 hacte-

2049 2801 2167 2853 nus,
2201 2803 2307 2842 non
2325 2785 2641 2853 mtechetur;
2672 2797 2724 2844 et
2745 2789 2836 2859 qui
2857 2788 3218 2843 fornicabatnr
3245 2787 3525 2853 hactenus,
3548 2803 3654 2842 non

2049 2880 2361 2937 fornicetnr.
2402 2880 2700 2951 Adjecisset
2726 2882 2867 2936 enim
2894 2891 2948 2936 et
2987 2883 3120 2947 haec,
3157 2881 3198 2934 si
3227 2881 3420 2935 talibus
3444 2882 3655 2935 veniam

2048 2971 2322 3045 porrigere
2367 2982 2715 3038 consuesset,
2748 2972 2828 3028 vel
2882 2973 3077 3044 porrigi
3123 2972 3339 3027 omnino
3379 2972 3658 3035 voluisset,

2048 3063 2138 3135 qui
2168 3080 2265 3121 nec
2290 3065 2454 3120 verbo
2499 3064 2657 3134 pollui
2698 3064 2883 3119 volens
2921 3082 2935 3119 :
2976 3062 3173 3128 Omnis,
3228 3063 3429 3134 inquit,
3480 3079 3647 3118 sermo

334 3149 561 3216 Cirris-to,
591 3152 843 3207 credimus
870 3153 1006 3223 quod
1033 3165 1077 3209 et
1107 3155 1424 3209 convivemus
1450 3171 1566 3229 cum
1588 3154 1699 3220 illo,
1732 3153 1943 3209 scientes
1969 3158 2013 3221 Ο
2048 3157 2209 3227 turpis
2253 3172 2355 3210 non
2402 3155 2641 3228 procedat
2672 3171 2736 3209 ea;
2763 3171 2849 3209 ore
2883 3163 3044 3209 vestro
3091 3151 3277 3228 (Ιῡίάί,
3318 3153 3434 3224 29).
3471 3154 3597 3209 ltcm
3636 3173 3649 3208 :

335 3245 474 3313 quod
504 3244 732 3300 Christus
757 3248 1027 3302 suscitatus
1054 3266 1088 3303 a
1115 3248 1347 3311 mortuis,
1386 3249 1494 3314 iam
1534 3264 1634 3303 non
1673 3248 1940 3316 moriatur,

337 3351 478 3389 mors
503 3352 601 3390 non
624 3338 737 3406 jam
764 3338 1053 3393 dominetur
1077 3340 1206 3411 ejus.
1258 3339 1408 3407 Quod
1447 3340 1582 3395 enim
1611 3348 1839 3394 mortuus
1869 3349 1944 3394 est

338 3428 712 3500 delinquentite,
744 3439 973 3487 mortuus
1003 3441 1075 3486 est
1103 3432 1274 3497 semel,
1304 3433 1442 3502 quod
1467 3442 1634 3486 autent
1664 3431 1801 3499 vivit,
1835 3429 1942 3485 Deo

338 3523 477 3577 vivit.
509 3521 590 3576 ltu
617 3534 663 3576 et
689 3532 920 3585 reputate
947 3524 1272 3594 vosmetipsos
1302 3532 1527 3580 mortuos
1555 3522 1762 3594 quidem
1782 3525 1945 3581 deliu-

338 3616 578 3686 quentitr,
600 3617 816 3672 viventes
829 3625 997 3670 autem
1022 3615 1128 3670 Deo
1150 3632 1239 3686 per
1259 3615 1512 3672 Christum
1532 3616 1709 3672 Jesunt
1736 3615 1940 3687 (Rom.,

340 3706 430 3774 Vl,
471 3708 643 3778 l-tl).
676 3708 837 3779 Igitur
862 3708 1026 3764 semel
1057 3708 1272 3764 Christo
1300 3716 1532 3773 mortuo,
1568 3724 1728 3765 nemo
1771 3718 1944 3781 potest

340 3809 461 3870 post
501 3800 582 3873 (5)
616 3800 887 3857 Christum
943 3809 1186 3857 mortuus
1223 3788 1628 3872 dcl‘inqucntim,
1671 3813 1726 3858 et
1770 3803 1942 3858 maxi-

339 3910 427 3950 me
477 3904 659 3958 tantar,
708 3895 1072 3950 reviviscere:
1115 3904 1205 3949 aut
1256 3895 1299 3950 si
1350 3896 1516 3965 possit
1564 3894 1843 3952 fornicatio
1890 3891 1945 3953 et

337 3987 571 4043 mmchia
593 3986 769 4054 denuo
800 3986 1032 4051 admitti,
1064 3988 1257 4056 poterit
1283 3996 1336 4042 et
1362 3987 1606 4043 Chrisms
1630 3987 1806 4044 denuo
1832 4002 1944 4043 mo-

262 4072 269 4077 ⁷
337 4080 406 4133 ri.
430 4078 600 4133 Instat
636 4087 812 4133 autem
844 4079 1154 4148 Apostolus,
1192 4077 1481 4148 prohibens
1521 4095 1732 4151 regnare
1781 4080 1945 4136 delin-

338 4170 601 4240 quentium
656 4172 707 4224 in
741 4187 954 4239 corpore
983 4181 1154 4224 nostro
1196 4171 1395 4226 mortali
1425 4170 1621 4243 (lbid.,
1651 4171 1762 4244 12),
1794 4175 1946 4243 cujus

337 4244 704 4317 inlirmitatem
754 4265 931 4317 carnis
984 4271 1222 4316 noverat.
1281 4261 1425 4317 Sicut
1489 4265 1619 4318 enint
1651 4265 1945 4321 exln‘buistis

337 4358 566 4410 membra
594 4364 753 4410 vestra
781 4355 977 4425 [hortulo
1021 4356 1355 4409 immunditite
1381 4368 1426 4410 et
1456 4358 1708 4425 iniquitati
1736 4360 1804 4413 ad
1851 4359 1948 4415 ini-

337 4449 602 4521 quitatem,
635 4449 706 4502 ita
742 4458 786 4502 et
830 4464 962 4503 nunc
1009 4449 1235 4504 exhibete
1280 4466 1342 4504 ea
1389 4451 1587 4521 famula
1621 4452 1842 4522 justitia:
1892 4452 1947 4507 in

2049 3247 2344 3305 Fornicatio
2388 3257 2554 3303 autem
2592 3257 2639 3302 et
2685 3248 3009 3302 immunditia
3043 3247 3206 3301 onmis
3255 3263 3318 3301 ne
3361 3247 3652 3301 ttOlttlttt’ltU’

2045 3341 2246 3414 quidem
2276 3340 2408 3397 inter
2436 3355 2523 3395 vos
2545 3380 2561 3408 ,
2590 3341 2721 3395 sicut
2763 3339 2903 3395 decet
2948 3347 3149 3393 sanctos
3193 3338 3213 3413 (
3238 3348 3383 3393 tanto
3414 3339 3564 3392 abest
3595 3348 3652 3391 ut

2046 3441 2330 3489 excusetur
2355 3430 2399 3505 ),
2427 3433 2522 3487 hoc
2549 3432 2761 3486 scientes
2790 3431 2927 3504 quod
2951 3430 3116 3485 omnis
3145 3432 3424 3503 fornicator
3444 3442 3531 3484 aut
3561 3432 3649 3483 im-

2047 3525 2267 3579 mundus
2288 3540 2389 3578 non
2415 3523 2595 3578 habeat
2623 3522 2717 3577 Dei
2743 3539 2971 3594 regnum.
2999 3520 3166 3576 Nemo
3196 3538 3283 3576 vos
3308 3522 3513 3577 seducut
3538 3522 3651 3574 ina-

2047 3617 2194 3674 nibus
2220 3619 2400 3673 verbis.
2433 3615 2654 3685 Propter
2696 3613 2790 3670 hoc
2825 3615 2957 3671 venit
2989 3615 3068 3669 ira
3098 3613 3197 3669 Dei
3222 3630 3375 3685 super
3411 3614 3545 3683 filios
3575 3616 3647 3665 iu-

2045 3709 2359 3765 credulitatis
2406 3706 2612 3782 (Eph.,
2646 3694 2709 3776 V,
2744 3705 2924 3779 5-5).
2969 3704 3098 3774 Quis
3148 3705 3353 3761 seducit
3406 3704 3650 3759 inanibus

2046 3802 2225 3858 verbis
2246 3843 2258 3866 ,
2287 3802 2385 3857 nisi
2424 3800 2513 3873 qui
2539 3799 2888 3856 concinnatur
2920 3798 3287 3853 remissibilem
3337 3812 3457 3853 esse
3511 3813 3649 3854 ιιιω-

2047 3893 2266 3949 chiain?
2299 3907 2402 3947 non
2444 3892 2656 3947 intuens
2686 3890 2846 3946 etiam
2877 3888 3221 3945 fundamenta
3252 3888 3368 3958 ejus
3409 3889 3476 3943 ah
3506 3890 3652 3960 Apo-

2048 3985 2183 4041 stolo
2225 3983 2453 4049 el'l‘ossa;
2496 3999 2617 4038 cum
2646 3981 2931 4038 ebrietates
2970 3990 3024 4036 et
3050 3981 3466 4036 comessationes
3495 3995 3646 4036 com-

2052 4078 2239 4149 pescit,
2288 4077 2425 4133 sicut
2468 4084 2524 4131 et
2576 4075 2663 4130 hic
2704 4093 2719 4130 :
2770 4072 2840 4128 Et
2898 4072 3053 4130 nolite
3094 4066 3334 4130 inebriari
3386 4073 3535 4139 vino,
3597 4074 3649 4128 in

2049 4191 2149 4244 quo
2183 4182 2255 4227 est
2290 4171 2496 4226 luxuria
2542 4167 2753 4243 (lbid.,
2797 4160 2926 4239 18
2979 4168 3315 4224 Demonstrat
3363 4176 3418 4223 ct
3464 4165 3651 4226 Colos—

2051 4265 2331 4328 sensihus,
2381 4279 2501 4334 qua:
2567 4262 2790 4316 membra
2845 4260 3148 4329 morti/iceat
3212 4275 3365 4328 super
3415 4268 3647 4325 terram,

2050 4357 2456 4430 fornicationem,
2499 4354 2875 4411 inmutnditium
2902 4393 2916 4418 ,
2959 4352 3255 4413 libidinem,
3296 4349 3654 4421 concupiscen-

2051 4451 2174 4505 tiunt
2203 4449 2412 4515 malum,
2441 4457 2489 4503 et
2516 4447 2883 4517 turpiloquium
2911 4444 3165 4516 (Coloss,
3192 4443 3273 4507 lll,
3300 4444 3375 4514 5).
3404 4443 3653 4498 Concede

337 4542 728 4600 sanctimoniam
756 4540 947 4608 (lbid.,
972 4540 1092 4613 15).
1124 4540 1280 4608 Nam,
1308 4541 1407 4599 etsi
1438 4542 1665 4607 habitare
1684 4544 1870 4599 bonum
1897 4546 2029 4611 inD
2051 4544 2160 4616 jam
2212 4551 2290 4597 tot
2315 4557 2376 4597 ac
2425 4540 2621 4597 talibus
2674 4539 2956 4595 sententiis
3009 4552 3170 4592 nmnn
3219 4534 3344 4591 illud
3389 4534 3528 4605 quod
3577 4546 3656 4590 te-

337 4652 492 4691 carne
541 4650 639 4690 sua
686 4632 704 4705 (
740 4632 921 4698 ltom.,
951 4632 1066 4698 νυ,
1098 4633 1207 4705 13)
1239 4633 1470 4705 negavit,
1511 4632 1608 4689 sed
1650 4634 1944 4691 secundum

340 4729 512 4799 legem
570 4728 742 4783 literae
777 4727 828 4780 in
869 4741 969 4795 qua
1012 4725 1152 4791 fuit;
1202 4727 1494 4782 secundum
1548 4736 1725 4783 autem
1776 4729 1948 4801 legem

338 4824 582 4895 spiritus,
613 4823 700 4878 cui
747 4822 845 4876 nos
872 4820 1126 4885 adnectit,
1177 4821 1456 4877 liheratah
1483 4821 1792 4897 inﬁrmitate
1834 4838 1962 4895 car:

340 4915 425 4972 nis
452 4931 472 4972 :
501 4914 613 4970 Lex
648 4913 804 4980 enim,
852 4912 1043 4983 inquit,
1088 4913 1300 4984 spiritus
1326 4913 1441 4968 vita:
1488 4915 1780 4969 manumisit
1832 4926 1880 4970 te
1920 4933 1953 4971 a

2057 4651 2153 4692 nes
2186 4654 2198 4689 :
2233 4633 2308 4709 (b)
2338 4650 2502 4707 pauca
2532 4633 2713 4690 multis
2737 4676 2750 4700 ,
2782 4632 2940 4687 dubia
2971 4630 3135 4686 certis
3158 4671 3172 4697 ,
3215 4628 3441 4705 obscura
3480 4628 3652 4682 mani-

2057 4727 2209 4784 feStis
2231 4726 2634 4782 adumbrantur.
2670 4724 2888 4781 Etiamsi
2946 4737 3043 4791 pro
3071 4730 3221 4777 certo
3246 4720 3536 4790 Apostolus
3560 4718 3639 4773 Co

2054 4819 2253 4877 rinthio
2283 4820 2355 4876 illi
2401 4819 2807 4874 fornicationem
2837 4817 3114 4883 donasset,
3157 4824 3301 4871 esset
3338 4812 3481 4870 aliud
3512 4814 3654 4882 quod

2058 4912 2222 4969 semel
2251 4921 2435 4969 contra
2479 4912 2776 4967 institutum
2805 4897 2971 4966 suum
3014 4924 3110 4980 pro
3155 4908 3360 4964 ratione
3402 4906 3661 4976 temporis

1575 5005 1960 5067 LECTIONES
2000 5003 2407 5066 VARIANTES.

434 5100 481 5161 l)
514 5099 842 5153 Perferemns
863 5096 1025 5149 Geten.

431 5163 481 5229 Ξ)
516 5163 711 5216 Consati
737 5158 891 5214 Rhea.
917 5158 1112 5212 obertlt.
1138 5160 1265 5225 Le0p

2125 5098 2198 5161 (ὅ)
2232 5098 2352 5150 Post
2372 5097 2503 5149 abest
2524 5109 2555 5148 a
2578 5095 2729 5148 Seml.

1716 5244 2278 5305 COMMENTARIUS.

415 5364 572 5437 CAP.
603 5362 772 5437 XVII.
803 5361 962 5437 —(a)
1006 5362 1068 5417 In
1116 5363 1293 5437 primis
1344 5362 1513 5437 posuit
1560 5363 1966 5437 fornicationem.

346 5434 740 5491 Fnt‘nicatiouis
783 5431 1122 5506 gravitatem;
1141 5431 1533 5506 hicdexpendit,
1560 5431 1969 5503 maximumque

345 5508 549 5576 dictum
579 5507 769 5575 prohat
790 5503 863 5561 ex
892 5504 1169 5576 Apostolo.
1221 5504 1338 5570 Quo
1367 5503 1614 5576 nimirum
1666 5506 1974 5561 testimonio

344 5574 744 5633 convincuntur
765 5578 799 5631 ii
828 5576 918 5648 qui
941 5574 1059 5630 eam
1105 5589 1132 5628 a
1162 5584 1391 5648 peccato
1412 5574 1673 5648 eximunt,
1704 5585 1759 5629 nt
1785 5578 1974 5648 morbo

345 5660 403 5701 et
431 5649 563 5701 vitio
583 5663 684 5700 suo
728 5644 1116 5717 obsequantur.
1148 5646 1249 5713 Qui
1294 5644 1485 5717 quavis
1527 5645 1648 5699 data
1691 5646 1975 5703 occasione

347 5717 478 5775 illud
513 5716 739 5785 probare
757 5714 1005 5784 conatur,
1035 5714 1325 5788 multiplici
1345 5725 1398 5772 et
1424 5724 1642 5771 ventosa
1677 5717 1975 5788 verborum

347 5788 686 5855 circuitione,
720 5803 895 5860 neque
956 5798 1160 5845 tantum
1193 5787 1353 5857 laici,
1386 5801 1567 5843 verum
1618 5787 1778 5847 etiam
1810 5787 1977 5866 (quod

2077 5359 2458 5436 pudetdicere)
2489 5359 2746 5436 episcopi.
2790 5356 3067 5415 Neminem
3114 5354 3201 5410 hic
3256 5354 3490 5411 indicare
3512 5353 3672 5424 jubet

2074 5430 2355 5491 modestia.
2387 5432 2464 5488 Le
2501 5430 2599 5487 Pu.
2682 5430 2691 5432 ἡ

2148 5504 2225 5578 (1))
2249 5504 2447 5578 Pauca
2471 5502 2665 5578 multis,
2705 5497 2858 5554 dubia
2904 5498 3071 5578 certis,
3121 5497 3336 5552 obscura
3370 5504 3675 5578 .mantjestts

2077 5567 2476 5648 adittitbrantur.
2501 5571 2858 5648 O_i_l’uscantnr,
2882 5568 3244 5648 occultantur,
3271 5578 3326 5624 ut
3362 5567 3473 5638 jam
3506 5567 3670 5648 pauca

2078 5645 2416 5721 prartnultis,
2445 5643 2605 5699 dubia
2636 5657 2745 5721 prae
2767 5641 2947 5721 certis,
2981 5639 3209 5695 obscura
3240 5656 3348 5710 pne
3378 5637 3673 5693 manifestu-

2082 5712 2304 5775 ininime
2330 5712 2694 5787 compareant.
2829 5712 2925 5768 Pa.
