4006 6280
115 1314 307 1357 mm

116 1335 331 1357 ηψπ...

361 309 502 367 1015

1778 294 2246 355 TERTULLIANI

3526 297 3669 357 I016

363 423 563 480 fureret
590 424 689 497 (a).
721 421 1063 480 Circumcidit
1093 419 1435 477 Timotheum
1460 420 1654 484 solum,
1687 426 1742 474 et
1784 425 1959 472 tamen
1988 416 2041 476 Λ
2067 414 2208 468 enim
2246 423 2351 469 tam
2377 412 2721 485 conjunctum
2745 414 2769 468 ?
2793 412 2835 487 ),
2876 424 2965 469 aut
3008 416 3278 486 fraudator
3319 417 3482 491 (quid
3525 420 3669 474 enim

362 517 581 573 abstulit
612 516 1099 592 circumcisionem.

926 605 1157 664 CAPUT
1197 606 1384 662 XVIII.

432 700 536 757 Sed
591 700 743 767 lucc,
793 700 984 771 inquit,
1033 699 1099 755 ad
1149 698 1576 754 interdictionem
1623 695 1963 768 pertinebunt

360 793 535 847 omnis
564 792 904 863 impudicitia:
935 790 1009 865 (b)
1046 800 1101 848 et
1143 790 1502 847 addictionem
1544 789 1719 843 omnis
1764 786 1963 858 pudici-

362 887 471 948 ti:r,
514 884 665 939 salvo
706 894 882 939 tamen
916 885 1034 939 loco
1064 884 1265 950 venite,
1294 899 1415 953 qua:
1447 886 1552 937 non
1588 881 1765 936 statim
1806 880 1964 936 dene-

359 986 533 1045 gatur,
575 976 618 1031 si
662 975 856 1032 delicta
899 976 1242 1041 damnantur,
1274 973 1491 1045 quando
1531 973 1704 1029 venite
1750 981 1961 1044 tempus

359 1084 481 1122 cum
510 1069 850 1123 tiatunatione
878 1076 1164 1123 concurrat
1188 1082 1348 1138 quant
1391 1066 1644 1122 excludit.
1698 1064 1965 1136 Sequeba-

351 1172 450 1215 tur
499 1170 550 1215 et
596 1161 695 1214 hoc
737 1159 1027 1233 Psychicos
1064 1174 1273 1231 sapere.
1297 1169 1353 1215 et
1397 1159 1518 1215 ideo
1570 1162 1961 1215 reservavimns

359 1249 482 1303 huic
511 1248 648 1315 loco,
679 1264 800 1319 qua:
829 1258 1013 1318 aperte
1037 1250 1103 1303 ad
1132 1248 1672 1304 communicationem
1701 1247 1958 1303 ecclesia-

354 1339 541 1394 Stieam
571 1340 777 1394 caussis
816 1340 1078 1409 ejusmodi
1122 1340 1420 1411 negantiam
1461 1342 1621 1396 etiam
1667 1340 1960 1411 antiquitus

354 1444 543 1485 eans~a
593 1440 736 1486 sunt.
797 1430 925 1485 Nam
973 1441 1027 1485 et
1077 1431 1129 1486 in
1174 1432 1477 1487 Proverbiis
1523 1432 1799 1498 Salomon,
1841 1448 1960 1502 qua:

359 1522 647 1585 Parozutias
700 1524 962 1591 dicimus,
1010 1525 1315 1595 specialiter
1358 1524 1427 1579 de
1454 1524 1666 1580 mtecho
1697 1538 1958 1595 nusquam

356 1617 653 1687 cxpiabili:
715 1617 941 1672 Moechus
979 1626 1186 1685 autem,
1234 1601 1448 1689 inquit,
1492 1634 1581 1687 per
1626 1619 1958 1690 indigentiam

356 1725 600 1764 sensuum
643 1709 973 1777 perditionem
1022 1712 1208 1765 animm
1255 1728 1362 1766 sum
1383 1712 1597 1777 acquirit
1620 1757 1631 1775 ,
1664 1712 1864 1767 dolores
1909 1723 1957 1767 et

2067 514 2172 560 tam
2198 506 2548 577 prapioquuttt
2576 507 2657 579 ?),
2681 517 2736 563 et
2762 517 2976 572 caetera,
3030 526 3145 563 cum
3187 511 3371 565 talibus
3400 529 3463 567 ne
3504 516 3672 569 cibum

2064 598 2268 668 quidem
2301 614 2525 661 sumere.
2570 599 2765 656 nedum
2822 599 3235 656 Eucharistiam.
3284 601 3544 673 Modicum
3590 589 3958 679 (3).Zuchamt

2064 696 2267 751 scilicet
2290 701 2596 768 fenuentum
2626 708 2786 753 totam
2806 699 2988 767 desipit
3014 700 3419 771 conspersionem
3448 700 3500 775 (l
3525 700 3670 770 Cor.,

2067 785 2132 851 ν.
2165 788 2222 855 9,
2254 788 2406 862 seq.).
2434 790 2564 846 Item
2594 790 2663 845 ad
2690 789 3064 847 Timotheum:
3122 791 3315 847 Manus
3344 795 3536 848 nemini
3573 796 3676 847 cito

2063 878 2320 950 imponas,
2346 898 2506 952 neque
2532 883 2873 937 comntunices
2898 882 3097 935 delictis
3122 881 3342 953 alienis(
3367 882 3389 936 I
3415 883 3569 949 Tim.,
3604 883 3671 948 γ,

2063 968 2179 1041 22).
2228 970 2355 1027 Item
2400 971 2468 1026 ad
2505 968 2823 1043 Ephesios:
2870 972 3050 1027 Nolite
3092 990 3212 1044 ergo
3256 975 3527 1045 participes
3567 992 3677 1031 esse

2062 1076 2268 1130 eorum;
2298 1064 2467 1136 fuistis
2494 1065 2628 1118 enim
2654 1065 2932 1134 aliquando
2959 1065 3175 1120 tenebra:
3199 1066 3217 1132 (
3233 1064 3397 1137 Eplt.,
3425 1067 3486 1132 ν,
3520 1067 3574 1132 7,
3591 1065 3671 1137 8).

2066 1153 2130 1208 Et
2173 1153 2347 1210 adhuc
2390 1155 2659 1225 pressius:
2693 1154 2871 1211 Nolite
2909 1158 3285 1211 communicare
3327 1159 3562 1228 aperibus
3602 1160 3679 1212 in-

2062 1245 2333 1313 fructuosis
2358 1247 2700 1313 tenebrarum,
2749 1249 2852 1302 into
2896 1259 2942 1303 et
2982 1249 3221 1303 revincite
3253 1265 3311 1303 ea
3340 1266 3359 1304 :
3391 1265 3505 1319 qua:
3539 1250 3677 1305 enim

2062 1337 2114 1390 in
2144 1336 2339 1392 occulto
2387 1338 2450 1392 ab
2487 1340 2558 1394 eis
2603 1340 2757 1409 fiunt,
2788 1350 2936 1410 turpe
2983 1349 3057 1394 est
3090 1341 3285 1396 edicere
3332 1339 3527 1412 (lbid.,
3559 1340 3674 1412 II).

2062 1428 2200 1497 Quid
2229 1430 2434 1500 turpius
2459 1431 2849 1501 impudicitiis?
2880 1432 2936 1487 Si
2961 1438 3139 1487 autem
3157 1442 3210 1486 et
3236 1431 3306 1487 ab
3332 1432 3504 1487 otiose
3528 1432 3679 1487 ince-

2063 1522 2224 1580 dente
2303 1523 2471 1580 fratre
2548 1523 2826 1582 denuntiat
2903 1524 3123 1581 subduci
3176 1525 3677 1581 Thessalonicensi-

2065 1614 2163 1668 Iuts
2185 1616 2202 1679 (
2224 1614 2267 1669 Il
2300 1615 2500 1680 Tltess.,
2534 1615 2617 1682 iII,
2654 1617 2735 1687 6),
2766 1627 2965 1686 quanto
2989 1617 3156 1687 magis
3181 1627 3235 1672 et
3264 1633 3292 1671 a
3315 1618 3678 1673 fornicatore?

2063 1706 2188 1762 Iizne
2237 1708 2378 1763 enim
2429 1709 2728 1765 consultata
2756 1709 2837 1783 (tl)
2861 1719 2987 1765 sunt
3011 1710 3207 1766 Christi
3236 1710 3528 1767 Ecclesium
3556 1711 3682 1765 diti.

355 1800 799 1857 deltonestaliones
823 1803 1051 1857 sustinet.
1077 1801 1371 1873 Ignominia
1398 1816 1565 1857 autem
1594 1805 1703 1875 ejus
1724 1821 1823 1858 non
1850 1805 1965 1858 abo-
1993 1803 2040 1862 B
2067 1798 2264 1870 gentis,
2308 1801 2395 1870 qui
2424 1817 2477 1855 se
2498 1817 2594 1873 pro
2610 1817 2669 1855 ea
2691 1802 2903 1855 tradidit
2929 1804 3003 1855 uti
3027 1817 3139 1856 eam
3168 1803 3472 1872 sanctiﬁcet,
3502 1818 3683 1857 cunm-

355 1892 536 1947 lebitur
562 1894 613 1947 in
642 1909 826 1947 (rvunt.
882 1892 1048 1949 Plena
1088 1894 1220 1949 enim
1249 1895 1347 1949 zeli
1385 1896 1670 1967 indignatio
1708 1897 1815 1950 viro
1860 1913 1963 1951 non

355 1994 527 2053 parcet
572 1985 624 2039 in
668 1985 750 2039 die
794 1986 982 2055 iudicii
1032 1984 1240 2057 (Prom,
1274 1986 1361 2052 VI,
1391 1986 1601 2059 52-56).
1659 1987 1770 2043 Iloc
1808 1988 1852 2043 si
1893 1988 1961 2044 de

355 2079 572 2133 ethnieo
602 2080 870 2149 putaveris
895 2078 1116 2147 dictum,
1147 2089 1294 2135 certe
1321 2080 1388 2137 de
1433 2080 1679 2136 Iidclibtts
1711 2081 1822 2151 jam
1865 2097 1963 2138 au-

355 2171 482 2225 disti
536 2172 606 2244 (τ)
638 2188 732 2242 per
759 2188 967 2228 cassum
993 2174 1105 2245 (I):
1136 2172 1382 2228 Excedite
1405 2174 1468 2229 de
1490 2176 1655 2230 medio
1684 2192 1881 2240 eorum,
1914 2184 1961 2231 et

349 2266 682 2334 separamiui,
717 2275 761 2320 et
808 2266 1124 2320 immundum
1172 2283 1234 2320 ne
1276 2266 1538 2338 tetigeritis
1586 2265 1665 2336 (ΙΙ
1691 2267 1835 2335 Con,
1866 2267 1956 2335 VI,

352 2358 467 2428 17).
514 2357 687 2412 IIalies
713 2358 891 2412 statim
923 2358 972 2412 in
1006 2357 1231 2412 Psalmis
1273 2357 1471 2411 beatum
1514 2359 1677 2413 virum
1725 2360 1814 2428 qui
1857 2377 1958 2414 non

347 2449 527 2502 abierit
555 2449 606 2502 in
641 2450 856 2502 concilio
885 2449 1179 2517 impior'mn,
1212 2458 1260 2503 et
1296 2451 1348 2503 in
1388 2449 1467 2503 via
1497 2460 1820 2520 peccatorum
1858 2468 1960 2507 non

348 2541 563 2606 steterit,
587 2551 635 2595 et
661 2541 713 2594 in
740 2541 981 2594 cathedra
1011 2543 1309 2611 pestilentia:
1335 2558 1434 2596 non
1460 2544 1645 2598 sederit
1690 2542 1862 2612 (Psal.
1916 2545 1957 2613 I,

350 2632 377 2685 1
402 2630 441 2700 ).
473 2630 637 2701 Cujus
655 2639 709 2685 et
736 2642 919 2701 postea
948 2648 1049 2686 vos
1080 2649 1093 2685 :
1130 2631 1246 2687 Non
1272 2617 1381 2688 sedi
1410 2651 1520 2688 cmn
1554 2651 1789 2691 consessu
1816 2638 1962 2692 vani-

350 2723 491 2787 tatis,
520 2734 567 2777 et
596 2739 709 2777 cum
750 2724 919 2790 inique
940 2726 1202 2797 agentibus
1228 2743 1330 2780 non
1358 2724 1576 2782 introibo
1603 2726 1683 2800 (d)
1711 2728 1847 2802 (hoc
1890 2730 1961 2786 de

348 2816 579 2871 ecclesia
624 2816 761 2872 male
789 2816 1099 2891 agentium)
1143 2828 1190 2873 et
1233 2836 1348 2873 cum
1393 2820 1563 2890 impiis
1605 2838 1706 2876 non
1731 2821 1913 2877 sedebo
1939 2839 1959 2878 :

349 2911 424 2966 et.
455 2906 634 2963 lavabo
663 2925 776 2963 cum
800 2910 1147 2965 innocentibus
1169 2928 1348 2965 manus
1370 2928 1526 2972 meas.
1554 2923 1600 2968 et
1627 2913 1790 2968 altare
1817 2924 1960 2968 tuum

348 3001 706 3069 circumdabo,
743 3002 959 3057 Domine
986 3003 1004 3075 (
1029 3001 1175 3059 Psal.
1210 3003 1378 3071 XXX,
1406 3006 1461 3072 4,
1494 3004 1573 3079 5),
1605 3004 1676 3079 (r)
1720 3015 1776 3060 ttt
1812 3007 1959 3061 solus

251 3100 264 3113 ‘
344 3096 532 3164 plures
566 3093 666 3167 (ἓ),
708 3097 960 3167 quoniam
1008 3097 1245 3168 quidem,
1274 3115 1389 3153 cum
1424 3108 1597 3154 sancto
1624 3109 1832 3154 sanctus
1860 3101 1959 3154 eris

349 3199 397 3243 et
436 3205 550 3242 cum
587 3191 741 3243 electo
777 3190 960 3243 electus
1000 3190 1099 3245 eris
1123 3232 1136 3256 ,
1166 3201 1220 3246 et
1254 3183 1373 3246 'cum
1416 3209 1647 3261 perverso
1688 3209 1953 3263 perversae
1976 3191 2021 3255 C
2054 3191 2134 3247 sui
2162 3190 2325 3246 etiam
2372 3201 2492 3261 post
2521 3190 2679 3246 fidem
2736 3192 2917 3262 lapsis,
2952 3192 3022 3247 ita
3073 3190 3153 3261 (8)
3204 3189 3487 3261 Apostolus
3535 3189 3683 3244 diee-

347 3282 449 3333 eris
485 3279 682 3351 (l’sal.,
710 3280 874 3347 XVII,
899 3282 1015 3354 26).
1048 3281 1118 3338 Et
1143 3283 1307 3341 alibi:
1342 3284 1605 3340 Peccatori
1637 3297 1804 3341 autem
1832 3289 1955 3342 dicit

356 3374 639 3428 Dominus:
671 3373 741 3429 Ut
782 3374 905 3445 quid
934 3383 989 3429 tu
1026 3377 1238 3445 exponis
1271 3376 1663 3446 justiﬁcatioues
1707 3396 1863 3445 meas,
1909 3392 1955 3434 et

352 3465 570 3518 assumis
609 3473 958 3519 testamentum
1002 3483 1167 3520 meum
1207 3484 1298 3538 per
1334 3484 1392 3522 os
1419 3469 1609 3523 tuum?
1642 3468 1707 3525 Si
1752 3472 1955 3527 videbas

354 3560 522 3627 [arent
547 3597 562 3619 ,
603 3559 840 3617 currebas
870 3574 984 3612 cum
1017 3575 1109 3626 eo,
1139 3568 1185 3612 et
1226 3577 1341 3615 cum
1384 3561 1630 3617 adulteris
1670 3564 1950 3634 portionem

355 3660 497 3700 tuam
548 3650 768 3718 ponebas
798 3648 818 3723 (
845 3647 988 3704 Psal.
1014 3648 1199 3718 XLIX,
1232 3651 1318 3717 16,
1336 3652 1488 3725 seq.).
1529 3640 1661 3709 Hinc
1684 3656 1843 3725 igitur
1873 3658 1953 3712 iu-

352 3740 614 3795 I'ormatus
634 3748 688 3795 et
706 3743 1021 3811 Apostolus:
1053 3742 1271 3814 Scripsi,
1302 3744 1491 3815 inquit,
1519 3747 1657 3800 vobis
1686 3748 1737 3801 in
1758 3747 1954 3819 Episto-

270 3851 281 3855 ν
351 3834 425 3895 Ia,
452 3848 552 3885 non
575 3834 887 3886 commisceri
914 3821 1323 3903 fornicatoribus,
1350 3852 1451 3891 non
1481 3839 1650 3907 utique
1678 3840 1954 3909 fornicato-

352 3925 492 3980 ribus
521 3926 675 3996 hujus
700 3927 895 3984 mundi.
925 3935 978 3981 et
1003 3926 1206 4000 reliqua
1237 3946 1251 3984 :
1292 3926 1561 3996 therum,
1585 3930 1846 4000 oportebat
1866 3948 1953 3986 vos

352 4018 489 4071 exire
514 4016 577 4069 de
597 4020 783 4072 mundo
808 4034 826 4072 :
851 4036 985 4073 nunc
1024 4030 1194 4074 autem
1220 4021 1385 4075 scribo
1409 4023 1546 4077 vobis
1570 4065 1585 4088 ,
1613 4024 1657 4077 si
1680 4024 1769 4094 qui
1794 4025 1952 4092 frater

355 4112 648 4165 nominatur
685 4113 737 4165 in
787 4113 923 4167 vobis
968 4115 1269 4184 fornicator,
1317 4124 1405 4170 aut
1464 4116 1737 4171 idololatra
1784 4119 1947 4191 (quid

2067 1896 2197 1948 dans
2237 1895 2443 1949 lavacro
2488 1911 2636 1967 aqua:
2669 1896 2723 1950 in
2774 1896 2958 1963 verbo,
2989 1906 3041 1950 ut
3064 1897 3211 1951 sistat
3253 1897 3349 1950 sibi
3397 1895 3683 1950 Ecclesium

2064 1987 2366 2058 gloriosam,
2410 2002 2511 2042 non
2542 1987 2808 2042 habentem
2836 1988 3089 2044 maculam
3126 1997 3215 2042 aut
3249 2005 3451 2058 rugam,
3496 1989 3684 2058 utique

2069 2089 2188 2147 post
2216 2079 2512 2147 lavacrum,
2554 2079 2644 2134 sed
2672 2080 2738 2134 sit
2773 2089 2957 2134 sancta
2973 2089 3018 2133 et
3046 2080 3155 2133 sine
3193 2079 3467 2150 approbrio
3487 2079 3680 2153 (Eph.,

2067 2170 2146 2235 V,
2187 2170 2431 2241 25-27),
2475 2170 2668 2226 exinde
2720 2170 2926 2226 scilicet
2978 2168 3049 2244 (Ι)
3103 2172 3220 2225 sine
3270 2186 3400 2241 ruga
3448 2182 3686 2226 vetusta-

2065 2264 2134 2318 tis
2177 2263 2260 2337 (5)
2287 2307 2301 2328 ,
2334 2274 2390 2318 ιιι
2412 2265 2585 2335 virgo,
2628 2265 2743 2319 sine
2770 2264 2974 2320 macula
3007 2265 3397 2331 fornicationis,
3427 2276 3485 2321 ut
3510 2282 3679 2336 spon-

2064 2370 2145 2420 sa.
2177 2359 2294 2413 sine
2323 2358 2519 2427 probro
2547 2358 2796 2424 vilitatis,
2826 2367 2882 2412 ut
2903 2359 3209 2413 emundata.
3242 2357 3379 2425 Quid
3422 2357 3501 2429 (6)
3531 2361 3577 2412 si
3629 2368 3688 2414 et

2066 2450 2153 2506 hic
2182 2451 2510 2521 respondere
2536 2452 2810 2522 concipias
2840 2451 3004 2506 adimi
3034 2453 3248 2523 quidem
3282 2444 3676 2523 peccatoribus,

2066 2545 2147 2598 vel
2180 2544 2413 2599 maxime
2437 2559 2600 2601 carne
2624 2544 2855 2615 pollutis,
2891 2546 3454 2609 communicationem,
3483 2542 3575 2599 sed
3609 2544 3680 2599 atl

2068 2650 2305 2706 prtcsens
2334 2637 2738 2701 restituendam,
2771 2637 2974 2692 scilicet
2999 2652 3064 2692 ex
3097 2638 3426 2706 poenitentia:
3453 2635 3682 2703 ambitu,

2065 2731 2359 2787 secundum
2385 2731 2529 2786 illam
2568 2730 2907 2787 clementiam
2944 2731 3036 2785 Dei
3068 2746 3171 2802 qua
3200 2733 3403 2785 mavult
3428 2742 3681 2799 peccato-

2066 2823 2141 2877 ris
2173 2822 2541 2892 pmnitentiam
2574 2837 2734 2892 quam
2765 2822 3252 2897 mortem(Ezeclt.,
3279 2822 3535 2887 XXXIII,
3564 2821 3683 2894 tl)?

2066 2914 2168 2968 hoc
2223 2914 2365 2969 enim
2408 2913 2812 2970 fundamentum
2884 2915 3156 2985 opinionis
3230 2924 3421 2969 vestra:
3486 2928 3683 2984 usque-

2061 3019 2275 3077 quaque
2316 3005 2634 3076 pulsandum
2681 3015 2799 3064 est.
2856 3007 3091 3062 Dicimus
3131 3004 3328 3076 itaque,
3380 3005 3681 3061 clementia:

2064 3099 2257 3154 divime
2282 3099 2329 3153 si
2364 3099 2436 3154 ita
2473 3112 2594 3154 esse
2637 3100 2984 3167 competisset
3035 3099 3114 3171 (7)
3165 3097 3678 3154 demonstrationem

2060 3292 2183 3340 ret:
2233 3282 2408 3338 Nolite
2456 3284 2837 3339 communicare
2887 3284 3120 3354 cperibus
3179 3283 3530 3349 tenebrarum,
3574 3277 3678 3336 nisi

2060 3377 2426 3448 pmnitentiam
2459 3379 2707 3448 egerint;
2753 3386 2846 3432 et:
2880 3376 3007 3430 Cum
3054 3377 3239 3431 talibus
3263 3392 3326 3431 ne
3353 3378 3521 3430 cibum
3560 3377 3651 3445 qui
3664 3409 3679 3419 -

2058 3470 2172 3524 dem
2195 3485 2414 3534 sumere,
2434 3469 2533 3523 nisi
2555 3479 2900 3540 posteaquam
2924 3469 3120 3538 caligas
3145 3468 3366 3523 fratrum
3388 3467 3677 3523 volutando

2057 3560 2411 3626 deterserint;
2441 3571 2494 3616 et
2525 3577 2540 3617 :
2576 3560 2676 3628 Qui
2721 3561 2963 3629 templum
3019 3559 3112 3615 Dei
3159 3561 3434 3623 vitiaverit,
3479 3559 3678 3613 vitiabit

2055 3656 2201 3710 illum
2238 3654 2394 3720 Deus,
2424 3655 2522 3710 nisi
2555 3654 2793 3709 otnnium
2824 3653 3070 3707 focorum
3102 3653 3312 3707 cineres
3348 3653 3400 3705 in
3433 3650 3676 3705 Ecclesia

2056 3748 2125 3804 de
2150 3747 2325 3818 capite
2353 3738 2452 3802 suo
2493 3761 2702 3802 excussr
2718 3745 2827 3801 rit:
2860 3744 3124 3800 debuerat
3166 3744 3309 3799 enim
3350 3759 3471 3813 qua:
3521 3744 3677 3795 dant-

2057 3851 2276 3898 naverat
2305 3840 2532 3911 proinde
2550 3840 2960 3901 determinasse,
2994 3838 3244 3908 quoni-un
3271 3835 3350 3908 (9)
3367 3835 3675 3907 usqueUO)

2054 3946 2110 3991 et
2138 3934 2239 3989 sub
2269 3932 2576 3989 conditione
2599 3932 2945 3996 damnasset,
2979 3930 3023 3984 si
3055 3929 3338 3999 temporali
3379 3937 3435 3984 et
3480 3926 3643 3981 condi
3663 3954 3677 3966 ο

2056 4028 2260 4091 tiouali,
2290 4036 2345 4083 et
2377 4042 2481 4081 tton
2515 4036 2768 4096 perpetua
2796 4024 3081 4080 severitate
3110 4022 3435 4077 damnasset.
3470 4023 3671 4093 Porro,

2055 4135 2176 4177 cum
2218 4120 2271 4174 ia
2308 4119 2558 4175 omnibus
2604 4116 2853 4189 Epistolis
2879 4126 2934 4172 et
2963 4124 3084 4187 post
3111 4114 3271 4171 fidem
3299 4115 3456 4170 talem
3489 4116 3677 4186 prohi-

1587 4206 1966 4271 LECTIONES
2005 4211 2427 4270 VARIAN'I‘ES.

417 4297 497 4393 l9.
527 4297 1111 4393 Εἳὶιῖἰῗξὲἓὶξῖῗέλέῗῗᾶ·
1136 4297 1683 4393 ΕὲξιῗιξξδὶῗῗηἨΞῖἔδ
1706 4301 1859 4353 δίἠί·

421 4360 497 4483 (2)
533 4359 591 4408 Et
613 4359 801 4409 similes
821 4359 991 4424 plures
1007 4367 1121 4409 παι.
1143 4359 1337 4410 scilicet
1360 4374 1508 4411 voces
1526 4361 1669 4424 Le0p.

442 4424 496 4479 3‘,
529 4421 878 4473 liueharistiam
903 4422 1142 4471 medicam
1158 4422 1346 4473 scilicet
1370 4422 1525 4473 Fran.

422 4485 493 4547 (ι)
529 4483 758 4535 Consulto
784 4486 945 4537 Obert.
969 4484 1112 4547 Leop.

420 4550 494 4609 (Ii)
530 4547 768 4597 Vanitatis
788 4548 891 4599 Lat.
918 4548 1139 4599 veritatis
1161 4547 1314 4597 Fran.

423 4613 496 4672 (6)
534 4610 673 4670 Quod
697 4612 819 4661 Ven.

1964 4431 2035 4492 .D

2124 4305 2199 4369 (7)
2236 4301 2321 4369 Sic
2342 4301 2567 4369 emendat
2592 4304 2692 4353 Lat.
2723 4301 2775 4352 Si
2803 4302 2869 4352 ita
2892 4301 3211 4363 competisset
3245 4300 3350 4351 dari
3391 4303 3673 4355 restitutio-

2058 4367 2173 4417 nem
2197 4368 2299 4417 suis
2322 4367 2494 4416 etiam.

2121 4429 2196 4551 (3)
2240 4430 2336 4479 Aut
2362 4429 2467 4478 Lat.

2180 4497 2197 4551 )
2231 4490 2449 4551 Quonam

2124 4486 2206 4605 (9)"
2231 4490 2449 4551 Quonam
2471 4486 2830 4540 Obertlt.Seml.
2853 4488 2996 4552 Leop.

2124 4555 2169 4619 (I
2207 4553 2226 4619 )
2267 4552 2433 4617 Usque
2457 4550 2586 4603 abest
2605 4566 2637 4602 a
2666 4561 2781 4601 rea.

1729 4718 2294 4782 COMMENTARIUS.

431 4810 502 4879 (a)
546 4808 650 4864 Pro
685 4808 879 4880 ratione
916 4808 1155 4878 temporis
1179 4850 1194 4873 ,
1226 4815 1329 4864 etc.
1380 4808 1667 4880 Perperam
1723 4811 1951 4870 afﬁrmat

359 4881 568 4956 veniam
604 4879 871 4956 corinthio
911 4893 1250 4956 concessam,
1298 4881 1343 4935 si
1367 4879 1712 4956 admittamus
1756 4885 1805 4939 id
1856 4901 1954 4956 pro

359 4954 564 5006 ratione
608 4950 865 5020 temporis
906 4950 1144 5016 factum,
1190 4951 1329 5006 sicut
1366 4953 1830 5011 circumcisiouem
1858 4950 1955 5012 ’Τὶ-

360 5022 598 5087 tuothei;
630 5022 758 5076 nihil
788 5022 929 5076 enim
962 5022 1157 5075 habent
1193 5022 1332 5077 inter
1373 5039 1431 5078 se
1456 5040 1758 5081 eonnnuue.
1817 5028 1953 5083 Pan.

428 5093 581 5168 QAP.
611 5090 797 5149 XVIII.
819 5121 890 5133 -—-
909 5091 986 5164 (h)
1029 5090 1463 5168 E_t_addictionem
1490 5098 1653 5168 omnis
1676 5099 1955 5168 pudicitiae.

360 5166 571 5220 Addicit
603 5173 816 5237 pra-tor,
850 5163 970 5220 cum
993 5163 1118 5235 quid
1155 5166 1612 5240 propriumalicui
1645 5163 1765 5224 esse
1782 5169 1954 5240 jubet.

558 5292 565 5299 .
1428 5239 1545 5294 llic.

433 5308 507 5379 (c)
538 5305 641 5381 Per
663 5320 887 5381 cassum.
912 5305 1155 5381 Latinius
1176 5350 1191 5375 ,
1226 5326 1316 5380 per
1343 5309 1571 5375 Esaiam,
1592 5310 1745 5365 valde
1770 5311 1958 5381 proba-

361 5376 452 5433 hili
483 5376 936 5450 conjecturamisi
969 5377 1119 5441 illud,
1150 5376 1481 5450 percussum,
1511 5393 1750 5448 veterum
1773 5376 1956 5437 'exem-

357 5450 587 5572 ?I:tl‘llllll
610 5448 946 5575 Iauctoritate
1010 5448 1377 5520 conﬁrmetur,
1426 5462 1483 5509 ιιι
1506 5454 1569 5508 sit
1618 5454 1671 5507 in
1715 5467 1951 5522 cassum,

383 5532 575 5575 rustra.
664 5535 728 5575 to.

383 5532 575 5575 I‘IISII‘iI.
611 5532 728 5575 “I6.

435 5592 513 5663 (ti)
556 5590 669 5645 Hoc
707 5591 771 5645 de
807 5591 1014 5666 ecclesia
1052 5594 1186 5666 male
1206 5596 1483 5666 agentium.
1529 5595 1698 5650 Citata
1756 5594 1950 5650 Psalmi

354 5662 516 5717 verba
558 5671 770 5737 torquet
812 5662 864 5737 i_n
908 5662 1194 5734 Psychicos
1223 5662 1368 5721 suos.
1404 5669 1575 5737 Atque
1627 5668 1726 5721 hoc
1772 5668 1951 5723 colore

351 5747 504 5807 suam
532 5737 600 5807 ait
631 5734 872 5807 Ecclesia
903 5737 1259 5807 secessionem
1287 5734 1550 5807 pnetvxit.
1611 5737 1730 5793 Iltc.
1787 5753 1801 5764 ·

423 5805 499 5877 (cl
541 5806 608 5865 Ut
630 5806 770 5864 solus
814 5803 1004 5875 plures.
1040 5803 1591 5882 Iteruuupersn'iugit
1617 5806 1938 5875 Catholicos;

2057 4828 2111 4874 et
2137 4817 2367 4873 schisma
2397 4831 2551 4873 suum
2582 4816 2890 4872 consolatur
2911 4856 2924 4879 ,
2957 4814 3107 4885 quasi
3155 4816 3270 4883 ipse
3310 4815 3457 4870 solus
3479 4814 3483 4815 ⁷
3505 4818 3668 4874 ἰιιηο·

2058 4891 2232 4944 centia
2261 4904 2354 4944 sua
2382 4889 2589 4944 cinctus
2617 4890 2783 4943 instar
2807 4888 3035 4957 plurium
3057 4885 3128 4940 sit
3154 4886 3293 4955 apud
3321 4887 3508 4941 Deutu.
3540 4889 3668 4956 Quo

2059 4975 2219 5014 sensu
2268 4959 2402 5014 dixit
2448 4961 2578 5014 alias
2608 4974 2711 5030 non
2760 4958 2961 5030 semel,
2999 4957 3291 5013 Ecclesium
3322 4972 3442 5013 esse
3475 4960 3525 5013 in
3552 4976 3667 5014 ιιιιο

2060 5041 2116 5086 et
2158 5033 2356 5095 altero;
2401 5032 2480 5085 sic
2520 5032 2695 5101 itaque
2723 5044 2801 5093 se,
2855 5029 2989 5101 licet
3021 5043 3142 5101 cum
3183 5030 3378 5101 paucis
3428 5038 3480 5101 et
3534 5031 3665 5085 licet

2060 5102 2255 5165 solum,
2283 5100 2647 5165 nihilominus,
2692 5117 2844 5170 :lgqtttt
2865 5116 2927 5152 ac
2951 5100 3000 5170 si
3026 5100 3222 5170 plures,
3254 5100 3422 5154 altare
3450 5100 3664 5157 Domini

2061 5173 2539 5227 circumdaturum.
2584 5171 2650 5226 Et
2698 5170 2777 5226 sic
2797 5171 2933 5240 apud
2980 5169 3364 5224 'I'heodoritnm
3414 5170 3663 5227 Liberius

2065 5242 2224 5312 Episc
2313 5242 2467 5297 Rom.
2542 5243 2888 5296 altercatione
2961 5241 3218 5295 adversus
3282 5240 3661 5299 Cottstautiunt

2058 5313 2198 5439 C55.
2226 5319 2339 5439 εῃοῦ
2369 5318 2449 5369 διὰ
2484 5324 2537 5371 τό
2578 5314 2699 5368 ciui
2724 5336 2782 5381 με
2806 5315 2943 5383 μόνον
2978 5317 3004 5367 ὁ
3031 5327 3117 5374 τῆς
3147 5322 3343 5374 πίστεως
3367 5320 3661 5370 ἐλαττοῦται

2059 5390 2085 5435 λ
2145 5412 2209 5439 ac.
2290 5402 2357 5439 IG.

2059 5390 2209 5446 λᾶγας.
2244 5390 2357 5440 Ιίιις.

2090 5388 2209 5527 61(66-
2400 5473 2529 5527 ruga
2552 5457 2822 5527 vettdtatis.
2857 5453 2968 5519 H00
2986 5456 3147 5527 cui")!
3175 5454 3433 5527 adversm
3447 5453 3657 5511 cmm"

2061 5523 2210 5591 licos,
2227 5527 2395 5596 quide
2419 5523 2512 5581 sua
2544 5524 3077 5581 vetuStateadversns
3099 5523 3331 5578 Montani
3360 5527 3656 5585 novitate...

2061 5595 2381 5668 pugnabant,
2416 5606 2472 5652 nt
2500 5598 2899 5652 observavimus
2943 5610 3121 5668 supra,
3167 5609 3263 5668 eos
3291 5596 3447 5668 igitur
3466 5595 3655 5666 Septi-

2057 5666 2194 5723 mius
2218 5669 2455 5738 agnoscit
2487 5670 2691 5740 priores
2718 5677 2773 5723 et
2796 5666 3132 5731 vetustiores,
3164 5666 3259 5721 sed
3285 5666 3457 5735 arguit
3488 5684 3656 5739 rugas

2057 5740 2350 5796 vetustatis.
2374 5739 2491 5796 Ilio.

2055 5740 2350 5797 vetustatis.
2374 5740 2491 5796 Illo.
