4006 6280
14 2149 317 2253 {nemo

328 284 500 352 ton

1671 290 1877 348 LIBER
1918 290 2005 348 DE
2052 288 2417 349 PUDICITIA.

3515 288 3660 348 1018

355 406 472 466 beat
498 408 726 474 admitti,
756 417 811 465 et
839 409 1130 467 admissum
1171 423 1198 461 a
1245 395 1729 464 communicatione
1773 407 1951 461 detru.
1985 406 2038 466 Λ
2066 415 2163 468 rat,
2195 406 2246 459 in
2276 386 2571 461 Ecclesium
2610 402 2837 460 latenter
2866 402 3266 471 introducebat,
3291 411 3347 460 et
3372 404 3564 460 merito
3594 402 3662 458 ad

356 505 466 568 dat,
501 504 619 558 sine
646 518 743 573 spe
767 502 1088 558 conditionis
1123 501 1283 555 ullius
1319 509 1412 555 aut
1451 500 1731 571 temporis,
1758 506 1958 554 nostras

358 597 528 667 magis
555 578 835 650 sententize
863 595 1074 650 adsistit
1100 608 1218 648 eam
1256 593 1620 662 paenitentiam
1666 591 1961 647 ostendens

361 688 643 743 Dotninunt
677 687 858 751 malle,
890 702 1011 757 qua:
1036 694 1162 740 ante
1190 683 1370 749 tidem,
1402 699 1522 755 qua:
1548 694 1672 739 ante
1698 683 1959 753 baptisma

359 790 532 833 morte
554 778 851 849 peccaturis
876 779 1053 848 potior
1081 775 1340 830 habeatur
1362 816 1376 841 ,
1402 776 1570 831 semel
1599 774 1836 831 diluendi
1868 789 1962 843 per

358 871 555 926 Christi
607 871 868 941 gratiam,
925 870 1088 926 semel
1138 883 1239 940 pro
1275 868 1507 939 peccatis
1551 868 1747 923 nostris
1790 878 1995 924 murtei

361 962 535 1017 functi.
578 961 710 1016 Nam
738 963 841 1017 hoc
865 960 1025 1015 etiam
1057 961 1108 1015 in
1139 974 1232 1013 sua
1262 972 1489 1029 persona
1527 958 1814 1025 Apostolus
1852 965 1961 1013 sta-

365 1060 480 1110 tuit.
511 1053 819 1109 Adﬁrmans
863 1052 1005 1108 enim
1062 1051 1336 1106 Christum
1376 1049 1443 1105 ad
1496 1050 1597 1105 hoc
1644 1050 1857 1112 venisse,
1909 1057 1964 1103 ut

361 1157 648 1216 peccatores
670 1145 838 1199 salvos
865 1145 1075 1212 faceret.
1115 1159 1328 1211 quarunt
1376 1143 1570 1212 primus
1605 1142 1714 1212 ipse
1762 1142 1960 1213 fuisset,

360 1238 485 1308 quid
517 1239 740 1308 adjicit?
768 1237 836 1291 Et
878 1236 1280 1291 misericordiam
1309 1252 1423 1290 sum
1466 1244 1762 1289 consecutus
1782 1276 1798 1298 ,
1836 1250 1963 1301 quo-

360 1332 498 1385 niam
543 1332 781 1403 ignorans
836 1332 931 1401 feci
985 1330 1337 1385 incredulitate
1393 1325 1835 1401 (lTint.,I,16).
1887 1327 1963 1383 Ita

361 1424 643 1478 clementia
684 1424 773 1478 illa
822 1423 916 1479 Dei
942 1422 961 1488 ,’
1005 1422 1254 1478 malentis
1300 1422 1667 1492 poenitentiam
1714 1431 1962 1492 peccato-

360 1514 437 1569 ris
482 1530 640 1584 quant
668 1524 916 1580 mortem,
964 1514 1030 1568 ad
1084 1515 1390 1583 ignorantes
1448 1512 1624 1568 adhuc
1684 1521 1741 1568 et
1790 1511 1965 1567 adhuc

360 1607 664 1662 incredulos
719 1616 968 1677 spectat,
1006 1622 1250 1677 ,quorum
1303 1620 1491 1662 caussa
1564 1594 1960 1662 liberandorum

361 1697 568 1753 v‘enerit
621 1698 905 1763 Christus,
955 1713 1060 1753 non
1119 1699 1207 1769 qui
1244 1698 1355 1768 jam
1414 1698 1580 1753 Deum
1633 1698 1849 1764 norint,
1910 1706 1965 1752 ct

2063 500 2428 570 paenitentiam
2479 499 2721 569 urgebat.
2761 498 2859 554 Cui
2890 499 3032 554 enim
3062 498 3281 553 dubiutn
3327 507 3410 553 est
3453 499 3665 558 lucreti-

2053 604 2183 645 ~cum
2212 591 2542 646 institutione
2568 590 2885 662 deceptum,
2927 592 3143 661 cognito
3173 590 3510 661 postmodum
3534 607 3664 646 casu

2063 689 2115 735 ct
2137 681 2448 751 pmnitentia
2472 681 2684 750 expiato
2706 722 2723 747 ,
2770 690 2825 735 et
2851 682 3059 736 veniam
3096 681 3350 752 consequi
3371 723 3388 749 ,
3429 690 3483 736 et
3504 680 3580 754 (lt)
3609 683 3664 738 itt

2066 772 2358 829 Ecclesiam
2384 774 2595 844 redigi?
2640 773 2791 831 Unde
2820 784 2875 830 ct
2912 774 3051 844 apud
3083 789 3179 831 nos
3210 784 3266 829 ttt
3288 776 3503 830 ethnicu
3531 791 3660 846 par,

2066 866 2175 920 imo
2204 873 2258 920 et
2294 880 2455 938 super
2495 866 2769 923 ethnicum
2813 868 3096 924 haereticus
3139 867 3213 942 (ὁ)
3254 869 3415 925 etiam
3447 883 3541 940 per
3567 870 3664 926 ba.

2066 956 2259 1026 ptisuta
2288 958 2527 1012 veritatis
2550 955 2622 1031 (c)
2648 966 2876 1029 utroque
2903 959 3118 1016 homine
3167 957 3252 1033 ('2)
3294 971 3548 1031 purgatus
3570 962 3665 1017 ad-

2066 1045 2312 1103 mittitur.
2340 1051 2447 1102 Aut
2480 1048 2524 1103 si
2555 1058 2739 1104 certus
2767 1065 2825 1105 es
2846 1051 3122 1106 mulierem
3153 1051 3336 1119 illaut,
3368 1063 3485 1123 post
3506 1053 3662 1109 tidem

2065 1138 2241 1194 vivam
2266 1182 2281 1205 ,
2331 1140 2382 1195 in
2417 1139 2645 1197 hatresin
2693 1151 2873 1212 postea
2901 1144 3239 1214 exspirasse,
3281 1154 3333 1199 ut
3372 1160 3476 1200 non
3512 1147 3665 1217 quasi

2067 1229 2336 1286 haereticus
2357 1272 2372 1295 ,
2406 1232 2499 1287 sed
2527 1232 2676 1303 quasi
2703 1233 2843 1290 lidcli
2873 1236 3155 1304 peccatrici
3177 1278 3191 1299 ,
3220 1237 3432 1291 veniam
3461 1252 3524 1293 ex
3553 1252 3666 1308 pm-

2066 1321 2286 1377 nitentia
2316 1323 2556 1383 vindices
2592 1323 2694 1399 (5),
2728 1322 2806 1397 (ιι)
2835 1342 2966 1382 sane
3007 1336 3130 1398 agat
3153 1327 3544 1398 pmnitentiam,
3567 1330 3663 1386 sed

2067 1412 2120 1468 itt
2154 1413 2314 1470 ﬁnem
2338 1416 2603 1484 nttecltiae,
2637 1432 2744 1473 non
2772 1427 2950 1474 tamen
2981 1430 3033 1475 et
3065 1420 3449 1476 restitutionem
3471 1437 3664 1480 conse-

2066 1515 2275 1564 cutura.
2317 1508 2443 1565 Hmc
2471 1510 2614 1566 enim
2645 1512 2748 1567 erit
2774 1513 3116 1583 ptenitentia,
3156 1530 3315 1585 quam
3344 1525 3399 1571 et
3439 1530 3537 1571 nos
3565 1515 3664 1571 de-

2067 1597 2180 1653 beri
2209 1599 2424 1669 quidem
2464 1603 2804 1672 agnoscimus
2832 1604 3001 1658 multo
3024 1606 3191 1676 magis
3215 1647 3228 1670 ,
3277 1605 3370 1663 sed
3413 1606 3481 1661 de
3511 1608 3662 1661 venia

2069 1689 2177 1745 Deo
2205 1706 2558 1748 reservamus.
2596 1694 2832 1765 Denique
2852 1711 2913 1751 ea
2941 1696 3291 1770 Apocalypsis
3314 1699 3364 1752 in
3398 1700 3664 1768 posteriu-

359 1800 749 1845 sacramentum
797 1791 1082 1846 didicerint
1151 1791 1297 1847 ﬁdei.
1364 1790 1516 1858 Quod
1570 1791 1616 1845 si
1675 1791 1959 1847 clementia
1990 1794 2039 1853 Β
2071 1780 2215 1835 ribus
2246 1783 2596 1852 ltropudiosos
2626 1795 2675 1842 et
2707 1786 3078 1852 fornicatores,
3105 1790 3240 1844 sicut
3272 1789 3485 1846 timidos
3510 1800 3563 1845 et
3584 1791 3665 1845 itt-

360 1882 455 1937 Dei
523 1882 888 1952 ignorantibus
963 1881 1139 1938 adhuc
1207 1892 1262 1938 et
1310 1881 1612 1939 infidelibus
1679 1883 1959 1951 competit,

360 1974 545 2044 utique
601 1982 656 2029 et
707 1975 1021 2045 paenitentia
1077 1974 1143 2029 ad
1197 1990 1257 2031 se
1304 1975 1640 2031 clementiam
1712 1975 1898 2032 invitat
1943 2017 1960 2042 ,

360 2064 505 2120 salva
547 2066 632 2121 illa
671 2065 1003 2136 poenitentiae
1038 2066 1219 2136 specie
1250 2074 1370 2135 post
1408 2065 1595 2133 tidem,
1627 2081 1747 2136 qua“:
1769 2076 1859 2121 aut
1887 2066 1963 2123 le-

361 2157 599 2213 vioribus
628 2157 838 2214 delictis
862 2159 1070 2214 veniam
1098 2157 1168 2212 ab
1187 2159 1441 2228 episcopo
1466 2158 1721 2228 consequi
1745 2158 1963 2229 poterit,

362 2259 448 2304 aut
478 2248 771 2320 majoribus
795 2259 849 2306 et
874 2249 1332 2305 irremissibilibus
1359 2264 1389 2303 a
1419 2250 1529 2306 Deo
1555 2249 1693 2305 solo.

858 2407 861 2410 ν
954 2340 1181 2398 CAPUT
1219 2340 1362 2398 XIX.

432 2433 536 2488 Sed
566 2448 796 2502 quonam
838 2448 1006 2503 usque
1039 2434 1105 2489 dc
1134 2433 1334 2505 Paulo,
1369 2433 1584 2505 quando
1608 2434 1770 2490 etiam
1799 2433 1961 2490 Joan-

362 2543 460 2583 nes
489 2529 832 2600 nescioquid
859 2529 1087 2585 diversa:
1115 2528 1262 2598 .parti
1300 2527 1660 2599 supplaudere
1691 2528 1961 2584 videatur?

362 2622 512 2690 quasi
563 2620 617 2674 in
659 2618 980 2690 Apocalypsi
1022 2619 1302 2674 manifeste
1347 2620 1681 2675 fornicationi
1724 2620 1962 2690 posuerit

365 2712 691 2782 pmnitentim
715 2712 990 2776 auxilium,
1026 2710 1112 2765 ubi
1138 2710 1204 2765 ad
1232 2712 1480 2781 angelum
1511 2710 1959 2783 Tltyatirenorunt

363 2804 581 2873 spiritus
610 2803 824 2858 mandat
856 2803 1055 2858 habere
1084 2816 1145 2858 se
1167 2801 1429 2859 adversus
1452 2816 1575 2858 eum
1594 2844 1609 2868 ,
1640 2802 1781 2873 quod
1813 2811 1958 2858 tene-

364 2904 446 2949 ret
475 2895 732 2949 mulierem
786 2896 865 2969 (l)
891 2894 1120 2961 Jezabel,
1159 2910 1273 2965 qua:
1322 2910 1377 2948 se
1412 2894 1691 2964 prapheten
1716 2895 1869 2960 dicit,
1913 2904 1961 2949 et

363 2989 504 3042 docet
530 2997 678 3055 atque
696 2987 1079 3042 seducitservos
1106 3002 1243 3040 meos
1261 2985 1330 3039 ad
1355 2986 1717 3056 [ornicandunt
1738 2996 1782 3041 et
1809 2987 1979 3041 eden-.

362 3080 484 3134 dum
517 3082 579 3135 de
602 3080 919 3150 idolothytis.
958 3079 1024 3134 Et
1054 3079 1270 3150 largitus
1311 3095 1426 3133 sunt
1465 3078 1543 3132 illi
1572 3079 1811 3149 temporis
1839 3094 1960 3148 spa-

2065 1874 2314 1930 credulos
2344 1887 2399 1931 et
2425 1876 2718 1941 homicidas
2748 1889 2804 1933 et
2833 1879 3103 1937 veneﬁcos
3141 1891 3197 1936 et
3226 1881 3562 1949 idololatras,
3592 1883 3663 1956 (e)

2065 1968 2154 2038 qui
2218 1967 2322 2023 tale
2376 1968 2502 2039 quid
2534 1969 2586 2025 in
2622 1970 2726 2026 lide
2764 1969 2964 2026 fuerint
2990 1971 3113 2044 (l),
3159 1974 3211 2028 itt
3240 1982 3486 2045 stagnum
3530 1974 3665 2044 ignis

2064 2058 2181 2112 sine
2207 2058 3344 2140 tilla_c_onditionalidamnationedecrevit.
3376 2064 3492 2120 Non
3519 2066 3663 2121 enim

2065 2149 2134 2205 de
2161 2152 2388 2208 ethnicis
2409 2153 2676 2209 videbitur
2695 2170 2882 2226 sapere
2912 2171 3033 2211 eum
3057 2156 3124 2212 de
3153 2157 3398 2233 ﬁdelibus
3431 2173 3666 2230 pronun-

2067 2245 2210 2300 tiarit
2239 2263 2252 2300 :
2281 2246 2385 2314 Qui
2417 2247 2624 2301 vicerint
2648 2289 2663 2312 ,
2705 2248 3000 2303 Ittereditate
3033 2248 3285 2304 habebunt
3316 2250 3414 2304 ista
3455 2249 3557 2324 (5),
3610 2261 3667 2307 et

2065 2352 2151 2391 ero
2179 2337 2283 2391 illis
2305 2336 2462 2404 Deus,
2495 2348 2542 2394 et
2562 2339 2643 2394 illi
2668 2340 2797 2393 ntihi
2820 2340 2874 2394 in
2899 2340 3077 2409 ﬁlios;
3109 2351 3164 2396 et
3192 2343 3261 2396 ita
3289 2343 3624 2412 subjunxerit
3648 2362 3663 2399 :

2067 2426 2280 2484 Tintidis
2312 2439 2481 2485 autent
2510 2440 2557 2485 et
2594 2430 2871 2486 incredulis
2895 2443 2942 2485 et
2972 2429 3042 2505 (f)
3079 2432 3406 2502 propudiosis
3433 2444 3477 2486 et
3507 2436 3666 2505 [orni-

2064 2519 2317 2575 catorilms
2342 2528 2386 2574 et
2421 2520 2686 2575 homicidis
2710 2536 2755 2575 et
2791 2523 3026 2593 veneﬁcis
3045 2533 3089 2576 ct
3104 2523 3394 2578 idololatris
3415 2526 3666 2595 particula

2438 2131 2665 2138 mm

2064 2611 2118 2666 in
2152 2623 2330 2684 stagno
2372 2615 2504 2685 ignis
2543 2624 2590 2670 et
2630 2616 2932 2685 sulphuris,
2980 2616 3116 2685 quod
3156 2626 3229 2670 est
3268 2634 3403 2671 mors
3444 2621 3685 2690 secunda

2065 2708 2275 2780 (Apoc,
2295 2708 2440 2774 XXI,
2464 2708 2575 2783 78).
2605 2710 2693 2766 Sic
2717 2721 2771 2765 et
2791 2726 2977 2766 rursus
3002 2728 3017 2765 :
3044 2711 3188 2766 Beati
3206 2713 3292 2783 qui
3313 2729 3376 2767 ea:
3400 2714 3668 2783 prtereptis

2063 2796 2242 2868 agunt,
2276 2812 2328 2853 ut
2354 2801 2407 2854 in
2427 2801 2623 2872 lignum
2647 2803 2762 2856 vita:
2789 2803 3006 2857 habeant
3033 2813 3334 2873 potestatem
3357 2846 3369 2863 ,
3404 2804 3523 2867 etin
3550 2818 3669 2874 por-

2065 2901 2143 2946 tus
2167 2893 2234 2946 ad
2259 2893 2618 2947 introeundum
2647 2894 2699 2947 in
2726 2904 2955 2948 sanctam
2985 2895 3259 2949 civitatem.
3294 2894 3449 2950 Canis
3467 2938 3480 2960 ,
3502 2906 3668 2950 'veue-

2066 2983 2193 3053 [iens
2213 3027 2227 3051 ,
2262 2986 2563 3056 fornicator,
2591 2986 2881 3051 honticida,
2912 2988 3051 3057 {oras
3083 2984 3103 3059 (
3126 2980 3284 3057 Apoc.
3306 3029 3321 3053 ,
3350 2986 3526 3054 XXII,
3561 2989 3628 3044 M
3648 3031 3664 3054 .

2069 3077 2134 3133 15
2161 3076 2215 3149 );
2248 3079 2430 3149 utique
2454 3079 2547 3149 qui
2577 3093 2682 3133 non
2710 3095 2776 3133 ex
2809 3080 3086 3149 praeceptis
3108 3088 3268 3150 agant
3300 3098 3312 3135 τ
3344 3079 3554 3135 illorum
3584 3091 3668 3136 est

365 3175 513 3238 tium,
545 3184 600 3228 ut
627 3176 970 3245 paenitentiam
997 3176 1179 3239 iniret,
1213 3190 1304 3228 nec
1330 3172 1436 3228 vult
1466 3189 1576 3229 eam
1601 3173 1731 3227 inire
1758 3176 1960 3227 nomine
1985 3182 2030 3246 ρ
2066 3171 2208 3226 enim
2255 3170 2398 3227 foras
2435 3171 2549 3227 dari
2597 3172 2684 3243 qtti
2734 3172 2877 3227 intus
2913 3171 3145 3227 luerunt.
3191 3172 3457 3228 (lucrum
3489 3215 3504 3238 ,
3544 3174 3667 3241 quid

364 3264 736 3333 fornicationis.
768 3265 898 3332 Ecce
923 3265 1054 3320 dabo
1077 3282 1188 3320 eam
1213 3266 1267 3320 in
1295 3266 1476 3321 lectum
1497 3307 1510 3328 ,
1534 3275 1581 3320 et
1603 3266 1820 3320 moechos
1848 3266 1958 3336 ejus

364 3375 480 3421 cunt
504 3359 617 3427 ipsa
638 3359 689 3413 in
714 3359 992 3413 maximam
1021 3374 1329 3428 pressuram,
1358 3358 1457 3412 nisi
1478 3357 1824 3429 paenitentiam
1845 3372 1959 3427 ege-

362 3452 465 3506 rint
495 3466 705 3521 operum
729 3451 839 3521 ejus
869 3448 1067 3523 (Apoc.
1099 3448 1162 3513 II,
1191 3448 1418 3521 20.22).
1448 3450 1592 3506 Bene
1612 3457 1789 3503 autem
1816 3447 1958 3519 quod

361 3542 633 3612 Apostolis
667 3551 723 3596 et
762 3541 881 3595 lidei
910 3550 965 3597 et
990 3540 1283 3611 disciplinae
1313 3542 1508 3612 regulis
1536 3541 1808 3597 convenit.
1841 3540 1963 3594 Sive

334 3635 495 3687 .rnint
514 3650 628 3704 ego,
653 3633 841 3705 inquit,
867 3633 969 3687 sive
991 3633 1092 3702 illi,
1116 3633 1188 3687 sic
1214 3634 1551 3703 prazdicamus
1578 3632 1643 3704 (ll
1665 3630 1810 3698 Con,
1842 3630 1958 3695 XV,

365 3726 454 3796 ll)
508 3725 696 3782 Tatius
725 3727 903 3794 itaque
942 3726 1262 3780 sacramenti
1304 3726 1527 3781 interest
1569 3723 1695 3779 nihil
1737 3721 1961 3779 credere

359 3821 428 3872 ah
468 3817 672 3874 Joanne
708 3831 1055 3883 concessum,
1103 3816 1242 3888 quod
1270 3831 1299 3870 a
1329 3816 1492 3870 Paulo
1521 3815 1591 3870 sit
1615 3814 1957 3884 denegatum.

362 3910 509 3963 llaue
535 3908 888 3981 aequalitatem
913 3907 1144 3978 Spiritus
1156 3908 1335 3962 Sancti
1363 3908 1452 3978 qui
1481 3904 1869 3969 observaverit,
1891 3903 1958 3959 ab

361 4003 477 4071 ipso
503 4001 863 4057 deduceturin
890 4016 1083 4058 sensus
1103 4001 1242 4071 ejus.
1267 4001 1583 4056 llzereticatn
1612 4000 1753 4055 enim
1784 3998 1959 4055 lmini-

361 4109 508 4159 nam,
539 4108 658 4165 quae
674 4092 815 4164 quod
840 4093 1102 4151 didicerat
1121 4109 1152 4149 a
1179 4093 1452 4150 Nicolaitis
1477 4093 1672 4149 ducere
1698 4106 1954 4161 suscepe-

2062 3266 2189 3319 nn'hi
2216 3280 2301 3320 eos
2327 3265 2413 3336 qui
2437 3265 2560 3336 {aris
2585 3276 2703 3320 sunt
2715 3265 2985 3338 judicare(
3011 3266 3027 3320 Ι
3054 3265 3198 3332 Cor.,
3232 3266 3299 3326 V.
3331 3266 3398 3321 12
3425 3265 3488 3339 )?
3525 3282 3664 3337 przc-

2063 3368 2321 3414 cesserat.
2357 3359 2430 3414 lle
2459 3359 2683 3428 epistola
2715 3374 2927 3429 quoque
2955 3356 3175 3414 Joannis
3203 3369 3431 3435 (ml
3456 3359 3658 3415 statim.
3696 3395 3738 3404 --

2064 3451 2273 3507 Dictum
2312 3459 2437 3506 est:
2471 3451 2697 3521 Sanguis
2739 3449 2865 3505 Filii
2888 3452 2996 3515 eius
3025 3451 3265 3505 emundat
3295 3468 3386 3505 nos
3429 3452 3491 3505 ab
3527 3454 3689 3507 omni"

2066 3544 2250 3598 delicto
2289 3542 2540 3616 (IJoan.
2566 3543 2607 3608 l,
2638 3544 2668 3599 7
2697 3542 2736 3616 ).
2789 3542 3015 3612 Semper
3056 3535 3189 3610 ergo
3231 3551 3287 3596 et
3327 3544 3665 3598 omnifariam

2065 3636 2479 3704 delinquemus,
2511 3637 2556 3691 si
2587 3651 2799 3706 semper
2823 3636 2968 3690 etab
3007 3636 3154 3691 omni
3183 3635 3377 3692 delicto
3405 3636 3667 3692 emnndat

2065 3742 2163 3784 nos
2186 3728 2307 3796 ille;
2340 3736 2432 3783 aut
2450 3727 2498 3784 si
2526 3742 2631 3782 non
2661 3741 2894 3798 semper,
2926 3741 3031 3781 non
3058 3727 3216 3782 etiam
3246 3737 3366 3797 post
3387 3727 3576 3793 ﬁdem;
3610 3738 3666 3783 et

2064 3819 2109 3873 si
2150 3835 2254 3874 non
2298 3821 2366 3874 ab
2399 3819 2549 3875 omni
2586 3819 2818 3883 delicto,
2863 3834 2967 3873 non
3007 3819 3168 3873 etiam
3216 3834 3243 3870 a
3294 3820 3661 3875 fornicatione.

2065 3910 2218 3968 Unde
2244 3921 2423 3966 autem
2444 3925 2668 3967 exorsus
2689 3908 2803 3965 est!
2828 3909 3030 3964 Lttntett
3057 3909 3366 3980 przetlixcrat
3399 3910 3586 3973 Deum,
3610 3919 3666 3964 et

2064 4003 2313 4060 tenebras
2341 4019 2445 4057 non
2475 4016 2596 4057 esse
2629 4002 2680 4057 itt
2710 4002 2799 4056 illo
2824 4041 2837 4064 ,
2869 4006 2925 4056 et
2954 4001 3168 4056 mentiri
3214 4016 3311 4057 nos
3339 4002 3382 4056 si
3421 4001 3663 4057 dicantns

2063 4112 2161 4152 nos
2204 4094 2635 4155 communionem
2685 4094 2883 4150 habere
2919 4110 3042 4149 cum
3078 4109 3183 4163 co,
3230 4108 3285 4152 et
3330 4095 3380 4150 in
3427 4096 3663 4151 tenebris

1572 4232 1950 4291 LECTIONE’S
1990 4233 2077 4291 VA
2087 4233 2410 4291 RIANTES.

420 4374 496 4436 (l)
529 4377 669 4436 Quod
693 4374 873 4426 mulier
895 4374 1101 4427 Iezabel
1120 4374 1286 4428 Paris.

420 4376 460 4433 (Ι
529 4377 669 4436 Quod
693 4374 873 4426 mulier
895 4375 1008 4425 Jeza

526 4439 732 4512 Nomine
754 4441 883 4489 Jun.
904 4439 1008 4489 Lat.

420 4503 473 4562 (ιτ
528 4501 755 4553 Vtudtcet
771 4500 923 4553 Seml.
950 4500 1008 4553 Ol

420 4500 493 4564 (5)
528 4501 755 4553 Vindicet
771 4500 923 4553 Seml.
950 4500 1146 4553 Oberlh.

1984 4483 2039 4543 D

2123 4371 2201 4498 (4;
2234 4372 2406 4423 Fuerit
2425 4373 2585 4444 .Fran.

2150 4437 2179 4484 ὅ
2237 4435 2585 4486 Ηιειθθάιιιιιθω

2150 4435 2201 4489 ὅ)
2237 4435 2657 4486 Haereditatem...
2680 4435 2821 4487 istam
2839 4439 2964 4489 Par.

1731 4601 2293 4661 COMMENTARIUS.

427 4722 577 4797 CAP.
599 4722 740 4797 XIX.
763 4752 836 4766 —-
957 4722 1025 4797 I_n
1054 4721 1335 4797 Ecclesium
1350 4722 1542 4797 redigi.
1577 4719 1631 4776 In
1657 4720 1949 4797 Ecclesium

355 4795 604 4849 redactus
633 4795 828 4851 dicitur
853 4786 936 4848 cui
964 4793 1205 4849 Ecclesia
1233 4786 1495 4862 redditur,
1529 4793 1631 4848 hoc
1662 4800 1746 4848 est
1772 4786 1950 4847 eccle-

355 4867 583 4921 siasticae
613 4868 759 4935 pacis
787 4864 1222 4920 communicatio.
1253 4864 1376 4921 th.

428 4935 507 5007 (ιι)
561 4934 665 4990 Per
707 4936 959 5007 baptisma
1003 4936 1246 4990 veritatis.
1299 4936 1406 4990 Etsi
1442 4942 1600 5007 recte
1659 4934 1954 5007 hmretieunt

356 5003 670 5062 institutione
695 5003 976 5075 deceptum,
996 5007 1196 5077 cognito
1219 5006 1533 5076 postmodum
1551 5022 1674 5060 casu
1706 5014 1754 5060 et
1786 5003 1952 5077 pleni-

356 5079 512 5131 tcntia
539 5079 782 5149 expiata,
812 5073 1009 5149 veniant
1045 5073 1279 5146 consequi
1320 5087 1545 5142 asserat,
1580 5085 1767 5149 tamen
1806 5073 1956 5130 addit

357 5166 444 5219 per
483 5147 737 5219 baptisma
769 5148 990 5203 veritatis
1015 5157 1305 5219 purgatum,
1332 5156 1491 5219 atque
1528 5147 1733 5219 atleo‘...
1764 5161 1953 5219 seque-

357 5215 510 5273 Inttttt'
550 5215 743 5275 eorum
784 5215 1024 5273 errorem
1074 5215 1163 5288 qiti
1212 5215 1494 5274 hmreticos
1536 5219 1602 5273 ad
1652 5215 1950 5273 Ecclesium

355 5291 632 5345 venientes
653 5289 1000 5360 baptizandus
1024 5290 1297 5359 putabant.
1333 5289 1466 5360 Pati.

428 5363 502 5430 (c)
536 5356 762 5433 Utroque
792 5361 995 5415 homine
1026 5356 1300 5433 purgatus.
1342 5359 1474 5433 Nam
1505 5358 1711 5433 ethnici
1745 5359 1813 5412 ab
1844 5356 1953 5413 ha:-

356 5427 539 5488 ret'ic'is
568 5427 817 5502 baptizati
838 5475 853 5499 ,
895 5447 990 5501 pro
1025 5427 1253 5502 ethnicis
1282 5429 1652 5502 habebantur,
1697 5427 1799 5502 hoc
1825 5440 1901 5482 est
1932 5470 1945 5494 ,

354 5519 517 5572 super
552 5499 824 5558 eth'nicum
866 5499 1155 5557 h'rreticis.
1206 5501 1385 5572 Itaque
1430 5501 1482 5554 itt
1525 5499 1948 5572 orthodoxoruut

358 5570 650 5628 Ecclesium
676 5574 838 5644 recipi
860 5573 905 5627 si
936 5572 1289 5642 postularent,
1319 5570 1492 5625 denuo
1524 5570 1946 5644 baptizabantur,

354 5645 424 5700 ita
457 5655 510 5696 ιιι
538 5644 753 5699 homine
790 5640 1015 5715 iitroque
1057 5651 1440 5715 purgarentur,
1480 5640 1695 5696 ethnico
1741 5641 1831 5694 illo
1861 5655 1951 5693 ve-

355 5717 476 5778 teri,
505 5724 555 5768 et
583 5715 907 5785 superducta
930 5713 1205 5770 haeretica.
1237 5713 1356 5785 th.

426 5784 505 5859 (d)
535 5780 676 5843 Sane
693 5796 813 5858 agat
835 5786 1199 5858 paenitentiam,
1228 5784 1317 5840 sed
1336 5785 1387 5839 in
1408 5783 1558 5854 ﬁnem
1585 5780 1832 5838 nuechite.
1860 5780 1952 5837 Sic

2057 4728 2180 4791 agat
2211 4719 2578 4791 paenitentiam
2601 4760 2617 4781 .
2665 4729 2724 4776 ut
2754 4739 2780 4772 ει
2823 4722 3053 4778 moechis
3084 4732 3257 4780 cesset
3285 4739 3300 4779 :
3331 4704 3564 4790 etenim,
3604 4737 3665 4781 ut
3732 4746 3733 4753 η

2059 4790 2228 4864 supra
2246 4790 2410 4864 dixit,
2439 4791 2651 4864 cessatio
2681 4791 2851 4864 delicti
2870 4794 3022 4849 radio:
3048 4806 3119 4850 est
3147 4795 3320 4850 veniae.
3365 4795 3531 4864 llujus
3567 4812 3662 4850 au-

2062 4860 2169 4935 tem
2200 4860 2380 4917 delicti
2414 4862 2630 4935 (veniant
2663 4877 2691 4935 a
2729 4863 2836 4917 Deo
2875 4866 3195 4931 Sperandam
3226 4880 3348 4920 esse
3376 4860 3459 4919 ait
3481 4866 3662 4935 Septi-

2060 4933 2218 4996 mius,
2250 4947 2354 4988 non
2379 4934 2446 4989 ab
2480 4932 2739 4999 Ecclesia,
2768 4935 2839 4987 ttti
2860 4950 2956 4989 nec
2988 4936 3324 5000 idololatria),
3357 4951 3455 4991 nec
3484 4932 3662 4991 homi-

2059 5003 2205 5058 cidii.
2243 5004 2354 5058 lloc
2381 5013 2488 5058 tam
2518 5004 2704 5073 rigide,
2733 5013 2789 5056 ut
2817 5007 3027 5060 mtecho
3057 5008 3148 5061 illo
3174 5019 3324 5063 extra
3360 5005 3660 5064 Ecclesium

2062 5076 2319 5143 proiecto,
2354 5074 2738 5128 ﬁdi-lcs'ca'teri
2760 5073 3097 5144 disciplinam
3130 5078 3358 5134 habeant
3391 5094 3493 5132 non
3521 5094 3658 5133 ina:-

2058 5144 2274 5200 cltandi.
2321 5145 2413 5200 Sic
2451 5144 2593 5199 enim
2626 5145 2739 5215 ipse
2778 5148 3017 5216 Apostoli
3048 5148 3655 5273 vcrbaﬂiinterpretatur.

3264 5235 3332 5273 te.
3452 5270 3453 5273 η

3264 5235 3332 5275 IG.
3452 5270 3453 5273 η

2131 5285 2205 5360 (e)
2238 5284 2338 5351 Qui
2366 5286 2477 5360 tale
2515 5289 2637 5357 quid
2664 5290 2716 5343 in
2749 5291 2849 5355 ﬁde
2889 5290 3097 5360 fuerint.
3139 5289 3250 5344 Iloc
3281 5299 3394 5355 est,
3429 5290 3520 5359 qui
3553 5290 3659 5346 tale

2056 5355 2194 5430 quid
2216 5365 2337 5430 post.
2366 5355 2687 5430 baptismum
2719 5355 3076 5430 peccaverint.
3110 5361 3226 5415 Iltc.

2128 5425 2196 5498 (l),
2238 5427 2613 5495 Propudiosos.
2670 5425 3017 5497 l’i'optttliosos
3068 5433 3291 5486 vertitur
3316 5430 3385 5486 ab
3424 5431 3659 5488 Auctore

2058 5497 2200 5567 quod
2229 5511 2404 5563 graece
2432 5509 2509 5572 est
2538 5506 2887 5569 ἐϐδελυγμένοις
2910 5543 2921 5565 ,
2948 5518 3044 5571 prtt
3071 5519 3175 5572 quo
3205 5500 3460 5569 Vulgatus
3490 5501 3658 5557 inter-

2060 5583 2182 5637 pres
2199 5571 2527 5641 (exsecrandis
2546 5612 2560 5637 ,
2602 5581 2656 5625 et
2682 5583 2835 5627 caute
2864 5573 3204 5641 praetermisit
3232 5572 3579 5638 peccatoribus
3604 5580 3659 5627 et

2058 5638 2413 5701 mendacibus,
2435 5643 2684 5713 eodqnod
2719 5659 2822 5696 non
2855 5638 3024 5698 inulto
3054 5653 3169 5713 post
3194 5643 3383 5696 iterum
3408 5643 3655 5710 quaedam

2059 5720 2272 5782 peccata
2317 5709 2651 5766 remissibilia
2682 5721 2968 5782 agnoscat,
3010 5709 3067 5769 et
3109 5715 3247 5773 inter
3288 5728 3350 5769 ea
3385 5709 3473 5767 ant
3516 5728 3657 5768 vere-

2056 5779 2242 5835 cundia
2268 5789 2354 5836 ant
2382 5784 2673 5839 necessitate
2702 5779 3092 5857 mentiri)“.
