4006 6280
341 156 485 216 1019

1751 155 2208 213 TER'I'ULLIANI

3505 156 3643 214 I020

340 274 673 332 incedamus.
699 275 760 332 Si
788 290 921 340 vero,
949 274 1137 346 inquit,
1170 273 1222 328 in
1249 271 1767 338 lumineincedamus,
1793 288 1930 325 com-
1967 273 2010 332 Λ
2044 275 2148 326 nati
2191 279 2352 335 sunt;
2397 270 2478 326 isti
2521 270 2879 341 delinquendo
2903 313 2916 338 ,
2969 269 3088 342 quia
3122 270 3190 326 de
3221 269 3435 326 diabolo
3473 283 3593 324 sunt
3621 287 3636 334 ;

343 369 632 423 ualuit-nem
673 385 787 424 cum
821 384 880 422 eo
915 366 1227 432 habebimus,
1257 375 1303 419 et
1341 366 1549 436 sanguis
1588 365 1709 420 Jesu
1750 363 1939 418 Christi

342 458 552 514 Domini
581 461 741 516 nostri
768 458 1008 514 emundat
1041 473 1132 512 nos
1161 457 1222 511 ab
1244 459 1380 511 omni
1405 459 1588 512 delicto
1616 461 1634 527 (
1665 456 1800 511 Ibid.
1827 497 1840 522 ,
1870 457 1932 523 5,

340 569 449 622 sqq.
476 552 516 625 ).
551 552 692 622 Ergo
721 552 772 606 in
802 551 1000 608 lumine
1032 551 1340 606 incedentes
1366 552 1724 622 delinquimus
1748 594 1762 618 ,
1804 561 1857 606 et
1886 553 1935 606 in

344 645 544 698 lumine
583 642 958 714 delinquentes
976 643 1427 698 emundabimur?
1454 643 1611 698 Nullo
1644 653 1812 713 pacto.
1839 643 1938 712 Qui

283 736 310 756 "
339 735 482 790 enim
515 735 775 805 delinquit
798 775 814 798 .
865 751 967 790 non
999 736 1048 789 in
1079 735 1277 789 lumine
1309 744 1390 790 est
1415 776 1431 801 ,
1479 735 1572 790 sed
1601 736 1650 789 in
1682 735 1934 790 tenebris.

123 1530 324 1634 ger“

340 807 495 884 Unde
526 837 579 884 et
606 827 840 884 ostendit
859 828 1127 900 quomodo
1154 827 1561 886 ernundabimur
1586 845 1614 882 a
1636 829 1851 896 delicto,
1885 829 1936 884 in

340 922 545 978 lumine
573 920 883 978 incedentes
907 961 923 989 ,
957 923 1008 976 in
1040 937 1145 992 quo
1180 920 1432 976 delictum
1460 920 1543 991 agi
1576 937 1679 976 non
1724 932 1934 991 potest,

340 1014 478 1072 adeo
500 1015 577 1070 sic
603 1015 879 1070 emundari
913 1029 1010 1068 nos
1033 1015 1131 1090 ait,
1164 1030 1266 1068 non
1294 1029 1395 1084 qua
1425 1013 1814 1084 delinquamns,
1842 1013 1938 1068 sed

339 1121 443 1177 qua
466 1121 570 1161 non
595 1105 986 1176 delinquamus.
1018 1096 1328 1164 lncedentes
1355 1105 1495 1161 enim
1529 1105 1579 1160 in
1603 1105 1822 1171 lumine,
1858 1117 1937 1160 te-

341 1198 522 1255 nebris
547 1192 674 1253 vero
706 1214 813 1253 non
843 1199 1333 1264 communicantes,
1362 1198 1634 1253 emundati
1674 1213 1893 1265 agemus
1920 1239 1937 1263 ,

341 1303 447 1346 non
473 1288 740 1361 deposito,
773 1289 866 1344 sed
895 1305 999 1362 non
1029 1289 1263 1345 admisso
1291 1289 1504 1346 delicto.
1536 1289 1663 1345 Haec
1686 1301 1772 1345 est
1796 1293 1938 1345 enim

340 1386 421 1440 vis
445 1386 705 1441 Dominici
730 1384 1024 1455 sanguinis,
1058 1396 1114 1440 ut
1136 1399 1269 1455 quos
1286 1384 1395 1454 jam
1420 1385 1620 1440 delicto
1648 1386 1936 1452 mundarit,

341 1489 393 1535 et
421 1477 615 1533 exinde
642 1479 694 1534 in
725 1477 924 1532 lumine
949 1477 1305 1544 constituerit,
1335 1477 1562 1532 mundos
1583 1477 1777 1534 exinde
1805 1495 1940 1548 preco

341 1579 442 1626 stet
465 1611 480 1637 ,
505 1571 548 1625 si
579 1571 630 1625 in
659 1568 860 1625 lumine
889 1570 1134 1626 incedere
1167 1570 1644 1640 perseveraverint.
1678 1570 1781 1626 Sed
1813 1571 1941 1626 sub-

2044 365 2264 436 perinde
2289 375 2447 433 atque
2473 366 2515 419 si
2551 379 2820 433 nunquam
2853 364 2961 420 sint
2993 378 3060 419 ex
3092 363 3201 418 Deo
3229 365 3335 418 nati
3361 363 3384 418 ‘l
3414 363 3564 430 Quod
3594 366 3636 418 si

2041 458 2169 512 dicit
2203 476 2214 511 :
2241 457 2341 523 Qui
2365 473 2467 511 non
2495 465 2569 514 est
2586 458 2781 528 justus,
2813 472 2876 510 ea:
2907 455 3016 510 Deo
3045 466 3262 520 nonest,
3284 457 3374 526 qui
3402 473 3506 511 non
3536 473 3637 526 pu-

2040 551 2210 616 dicus,
2245 550 2518 620 quomodo
2543 565 2726 606 rursus
2754 565 2821 605 ex
2853 550 2961 605 Deo
2983 550 3108 615 liet,
3153 549 3241 618 qui
3259 549 3370 619 jam
3398 564 3518 605 esse
3544 549 3639 603 de-

2025 646 2167 700 'siit?
2196 644 2354 700 Juxta
2385 652 2468 699 est
2507 645 2664 714 igitur
2695 652 2750 698 ut
2775 643 3039 699 excidisse
3067 642 3169 698 sibi
3199 643 3440 698 dicamus
3476 643 3639 698 .loan-

2043 752 2163 791 nem
2217 739 2268 791 in
2319 735 2488 805 prima
2532 735 2748 806 quidem
2811 735 3049 805 Epistola
3096 734 3198 808 (Ι,
3238 735 3313 805 8)
3355 745 3634 805 negantem

2042 844 2142 884 nos
2165 828 2281 884 sine
2304 827 2498 884 delicto
2525 841 2675 894 esse,
2726 841 2866 882 llllttc
2895 843 3024 882 vero
3055 812 3489 896 praescribentem
3528 841 3635 880 non

2041 920 2354 992 delinquere
2388 920 2609 975 omnino
2642 937 2654 972 :
2695 928 2750 974 et
2793 919 2898 974 illic
2937 919 3150 989 quidem
3189 918 3331 974 aliud
3378 920 3444 973 de
3480 920 3634 972 venia

2043 1011 2434 1078 blandientem,
2478 1011 2564 1067 hic
2593 1026 2721 1066 vero
2762 1010 3003 1066 districte
3047 1020 3332 1082 negantem
3370 1011 3508 1066 ﬁlios
3540 1011 3636 1066 Dei

2041 1106 2361 1176 quicumque
2383 1103 2724 1174 deliquerint.
2760 1102 2863 1160 Sed
2891 1103 3050 1159 absit.
3074 1101 3205 1158 Nam
3235 1119 3335 1159 nec
3365 1104 3463 1173 ipsi
3493 1104 3636 1158 exei-

2041 1195 2217 1250 dimus
2245 1211 2271 1248 a
2300 1211 2400 1266 qua
2433 1196 2659 1266 digressi
2699 1209 2884 1250 sumus
2917 1195 3258 1251 distinctione
3295 1195 3632 1251 delictorum.

2043 1290 2112 1346 Et
2138 1290 2224 1344 hic
2262 1289 2403 1345 enim
2439 1290 2578 1344 illam
2606 1289 2842 1345 Joannes
2878 1289 3308 1355 commendavit,
3352 1290 3490 1360 quod
3531 1290 3698 1370 sint}

2043 1383 2284 1453 quaedam
2324 1381 2514 1438 delicta
2545 1382 2868 1452 quotidianae
2902 1382 3254 1450 incursionis,
3295 1383 3488 1453 quibus
3513 1399 3634 1438 0m-

2043 1490 2139 1530 nes
2165 1476 2331 1530 simus
2357 1475 2569 1545 objecti.
2627 1475 2722 1530 Cui
2762 1476 2904 1530 enim
2935 1490 3039 1531 non
3067 1476 3297 1540 accidit,
3343 1487 3436 1531 aut
3479 1477 3634 1532 irasci

2044 1572 2255 1642 inique,
2284 1581 2337 1626 et
2368 1572 2502 1625 ultra
2531 1571 2660 1625 solis
2689 1585 2968 1638 occasum;
2996 1580 3088 1626 aut
3115 1580 3170 1627 et
3188 1587 3403 1626 manum
3438 1573 3636 1627 immit-

336 1664 474 1735 jicit,
509 1664 684 1734 inquis
714 1681 726 1717 :
755 1664 816 1719 Si
846 1665 1075 1720 dicamus
1101 1681 1192 1719 nos
1221 1665 1459 1720 delictum
1490 1683 1591 1720 non
1621 1666 1823 1726 habere.
1854 1685 1933 1723 se-
1967 1669 2012 1726 B
2044 1674 2153 1720 tere
2178 1706 2191 1727 ,
2233 1673 2324 1718 aut
2354 1661 2505 1718 facile
2548 1661 2868 1717 maledicere
2892 1703 2906 1728 ,
2934 1672 3025 1716 aut
3062 1673 3263 1718 temere
3296 1662 3482 1732 jurare
3505 1705 3518 1728 ,
3549 1673 3642 1717 aut

341 1756 574 1811 ducimus
617 1757 984 1826 nosmetipsos.
1025 1766 1071 1812 et
1117 1757 1299 1810 veritas
1338 1773 1438 1812 non
1471 1768 1544 1812 est
1585 1760 1637 1812 in
1673 1760 1834 1814 nobis.
1880 1761 1940 1815 Si

341 1851 643 1919 conﬁtemur
669 1851 851 1904 delicta
880 1859 1084 1916 nostra,
1117 1850 1283 1919 fidelis
1311 1860 1357 1905 et
1388 1852 1552 1918 iustus
1577 1862 1650 1906 est
1678 1863 1731 1906 ut
1759 1853 1936 1906 dimit-

342 1952 415 1998 tat
441 1959 500 1996 ca
522 1943 683 2008 nobis,
713 1952 760 1996 et
785 1943 1018 1998 ennmdet
1041 1960 1132 1998 nos
1151 1943 1212 1998 ab
1234 1945 1372 1998 omni
1397 1945 1648 2015 injuslitia
1670 1945 1855 2019 (Ibid.,
1881 1946 1937 2013 8,

341 2032 417 2104 9)
447 2052 458 2087 :
496 2033 753 2105 numquid
782 2035 848 2090 ab
877 2035 1252 2091 immunditia?
1279 2037 1385 2092 Aut
1415 2037 1458 2092 si
1490 2039 1560 2092 ita
1587 2048 1668 2092 est
1689 2080 1701 2102 ,
1731 2053 1858 2108 ergo
1885 2047 1940 2093 et

339 2125 409 2180 ab
439 2126 756 2181 idololatria.
798 2127 902 2182 Sed
937 2127 1079 2182 aliud
1122 2127 1174 2182 in
1202 2143 1362 2183 sensu
1393 2135 1492 2184 est.
1539 2128 1676 2184 Ecce
1706 2125 1850 2184 enim
1882 2140 1936 2185 et

342 2231 558 2271 rursus:
581 2216 642 2271 Si
668 2217 918 2286 dicamus,
951 2219 1026 2272 ait
1045 2259 1058 2280 .
1087 2234 1177 2273 nos
1199 2235 1298 2273 non
1329 2219 1620 2290 deliquisse,
1649 2221 1940 2276 mendacem

341 2308 559 2378 faciams
587 2308 752 2374 illum,
779 2319 822 2364 et
842 2326 1007 2365 sermo
1037 2312 1147 2381 ejus
1176 2327 1276 2366 non
1301 2320 1373 2366 est
1399 2311 1450 2366 in
1473 2313 1615 2368 nobis
1636 2311 1798 2380 (Ibid.
1824 2311 1937 2385 IO).

342 2401 422 2456 E0
451 2401 676 2470 amplius
709 2421 721 2456 :
749 2401 951 2471 Filioli,
985 2404 1092 2459 htec
1119 2405 1300 2474 scripsi
1329 2404 1486 2468 vobis,
1519 2421 1581 2458 ne
1599 2405 1903 2476 delinquatis
1920 2423 1940 2472 ;

344 2504 390 2550 et
416 2495 460 2549 si
489 2496 831 2567 deliqueritis,
859 2497 1160 2552 advocatum
1195 2497 1435 2552 habenms
1460 2499 1599 2567 apud
1630 2497 1796 2554 Deum
1829 2498 1939 2552 Pa-

344 2597 472 2642 trem
504 2587 688 2642 Jesum
744 2586 1004 2643 Christum
1021 2589 1242 2660 justum,
1281 2601 1328 2643 et
1359 2589 1466 2660 ipse
1495 2590 1717 2660 placatio
1745 2602 1818 2646 est
1848 2609 1940 2662 pro

344 2679 541 2734 delictis
587 2680 772 2736 nostris
802 2678 1046 2754 (lJoan.
1071 2722 1085 2746 ,
1114 2679 1153 2736 Il
1176 2723 1189 2745 ,
1224 2681 1247 2736 I
1273 2722 1286 2745 .
1317 2679 1406 2753 2).
1453 2679 1755 2736 Secundum
1787 2681 1903 2736 huic
1923 2724 1938 2748 ,

345 2771 554 2842 inquis,
587 2780 641 2825 et
683 2771 996 2842 delinquere
1031 2787 1131 2828 nos
1159 2784 1212 2827 et
1245 2774 1451 2828 veniam
1492 2773 1688 2830 habere
1725 2786 1942 2830 consta-

345 2862 440 2918 bit.
478 2863 616 2931 Quid
643 2878 769 2934 ergo
794 2863 904 2931 ﬁet,
931 2879 1052 2919 cum
1083 2865 1380 2936 procedens
1403 2865 1544 2921 aliud
1568 2866 1815 2921 invenio?
1846 2883 1941 2922 ne-

343 2961 433 3025 gat
457 2955 597 3010 enim
620 2969 717 3010 nos
745 2955 965 3010 ontnino
995 2955 1303 3027 delinquere
1322 2997 1336 3022 ,
1362 2969 1415 3013 et
1447 2959 1497 3013 in
1523 2958 1622 3013 hoc
1651 2958 1940 3028 plurimum

2045 1756 2202 1812 ﬁdem
2233 1755 2367 1826 pacti
2395 1755 2710 1818 destruere;
2738 1763 2831 1808 aut
2860 1753 3178 1810 verecundia
3203 1765 3293 1825 aut
3321 1754 3642 1809 necessitate

2044 1848 2300 1904 mentiri?
2346 1847 2422 1919 (ιι)
2471 1846 2521 1900 in
2554 1844 2818 1917 negotiis,
2870 1846 2920 1900 in
2963 1846 3189 1912 ofﬁciis,
3225 1847 3276 1901 in
3307 1858 3512 1916 qumstu
3538 1888 3552 1910 ,
3589 1848 3642 1900 in

2044 1941 2220 2005 victu,
2255 1940 2305 1992 in
2330 1938 2467 2002 visu,
2492 1941 2544 1992 in
2572 1937 2755 1992 auditu
2786 1947 2981 2008 quanta
3015 1947 3302 2002 teutamur,
3335 1945 3392 1992 ut
3418 1937 3464 1992 si
3495 1939 3638 1992 nulla

2043 2033 2111 2086 sit
2157 2031 2311 2086 venia
2354 2031 2576 2085 istorum
2613 2071 2627 2095 ,
2674 2031 2873 2086 nemini
2914 2031 3057 2086 salus
3095 2034 3404 2101 competat!
3439 2031 3640 2086 llornm

2035 2139 2169 2194 ergo
2197 2123 2298 2179 erit
2318 2123 2471 2177 venia
2497 2139 2590 2190 per
2611 2134 2950 2178 exoratorem
2979 2125 3152 2179 Patris
3180 2123 3474 2182 Christum.
3503 2125 3641 2180 Sunt

2043 2225 2221 2271 autem
2250 2223 2305 2268 et
2326 2214 2590 2269 contraria
2619 2214 2770 2279 istis,
2797 2226 2854 2268 ut
2883 2215 3124 2284 graviora
3153 2227 3204 2272 et
3233 2216 3460 2272 exitiosa
3480 2259 3495 2282 ,
3520 2233 3645 2288 qua:

2042 2307 2251 2360 veniam
2284 2321 2388 2359 non
2421 2305 2634 2375 capiant
2660 2346 2675 2370 ,
2709 2306 3077 2371 homicidium,
3109 2307 3433 2375 idololatria,
3467 2307 3641 2374 fraus,

2044 2397 2274 2467 negatio,
2305 2395 2664 2466 blaSpltemia,
2698 2399 2879 2469 utique
2904 2409 2957 2453 et
2987 2399 3216 2456 mtechia
3247 2410 3302 2456 et
3331 2401 3638 2466 fornicatio,

2043 2490 2169 2544 etsi
2209 2503 2310 2558 qua
2343 2489 2443 2542 alia
2489 2489 2705 2544 violatio
2747 2490 2930 2560 templi
2969 2491 3082 2546 Dei.
3127 2492 3201 2563 th)
3257 2491 3456 2548 Horum
3505 2494 3645 2549 ultra

2045 2593 2296 2638 exorator
2325 2597 2429 2636 non
2456 2582 2558 2637 erit
2577 2583 2849 2648 Christus;
2877 2583 2992 2638 lnec
3019 2601 3123 2639 non
3147 2585 3392 2641 admittet
3420 2587 3646 2640 omnino

2046 2677 2133 2745 qui
2165 2684 2317 2731 natus
2343 2691 2406 2730 ex
2434 2676 2544 2730 Deo
2577 2675 2754 2743 fuerit,
2787 2693 2892 2731 non
2921 2677 3127 2732 futurus
3158 2677 3250 2732 Dei
3285 2678 3445 2745 ﬁlius,
3473 2680 3516 2733 si
3546 2681 3646 2734 ad-

2047 2770 2270 2824 miserit.
2307 2769 2378 2824 lta
2403 2767 2594 2822 .loanni
2623 2769 2758 2823 ratio
2782 2770 3048 2825 constabit
3072 2769 3419 2838 diversitatis,
3451 2773 3646 2826 distin-

2045 2861 2276 2916 ctionem
2319 2859 2630 2915 delictorum
2659 2860 2963 2930 disponenti
2997 2861 3114 2936 (εἰ),
3164 2879 3285 2917 cum
3329 2862 3645 2934 delinquere

2049 2953 2186 3009 ﬁlios
2232 2954 2322 3009 Dei
2369 2970 2508 3009 tlllllc
2556 2953 2778 3021 adnuit,
2827 2971 2969 3011 nunc
3017 2956 3222 3012 abnuit.
3274 2957 3644 3027 Prospiciehat

347 3056 568 3113 tractat,
615 3057 671 3101 ut
710 3047 845 3102 nihil
887 3048 992 3104 tale
1030 3050 1326 3116 concedat,
1372 3065 1676 3121 proponens
1712 3051 1877 3107 semel
1911 3067 1940 3107 a
1970 3054 2015 3117 C
2048 3047 2189 3101 enim
2221 3047 2510 3102 clausulam
2538 3047 2812 3102 literarum
2841 3061 3081 3115 suarum,
3111 3061 3165 3103 et
3189 3049 3261 3104 illi
3293 3050 3648 3118 prmstruchat

345 3138 562 3195 Christo
591 3139 784 3194 delicta
813 3139 1008 3205 deleta,
1055 3157 1159 3196 non
1191 3142 1434 3198 habitura
1468 3152 1649 3212 postea
1683 3143 1891 3198 veniam
1925 3163 1937 3198 :

345 3233 400 3290 in
431 3247 536 3302 quo
567 3229 646 3305 (1)
691 3246 786 3287 nos
817 3247 1008 3288 sensus
1044 3233 1111 3289 ad
1153 3233 1571 3290 admonitionem
1610 3236 1943 3292 castimonia)

345 3326 654 3382 demandat.
688 3324 888 3394 Omnis,
919 3328 1106 3398 inquit,
1139 3329 1226 3399 qui
1245 3327 1390 3383 habet
1416 3346 1556 3400 spem
1585 3330 1757 3395 istam,
1787 3331 1940 3384 casti-

345 3419 464 3488 ficat
482 3419 831 3490 semetipsum,
860 3421 980 3492 quia
1005 3429 1052 3476 et
1077 3421 1165 3476 ille
1188 3431 1358 3476 castus
1382 3433 1476 3477 est.
1503 3422 1683 3478 Omnis
1705 3423 1793 3493 qui
1821 3423 1944 3493 facit

345 3510 606 3579 delictum,
638 3522 684 3566 et
711 3512 1030 3580 iniquitatem
1056 3514 1209 3582 facit,
1241 3524 1288 3567 et
1316 3514 1552 3569 delictum
1580 3525 1652 3571 est
1678 3515 1940 3586 iniquitas.

348 3602 418 3656 Et
445 3603 585 3658 scitis
613 3606 750 3675 quod
778 3605 867 3659 ille
896 3607 1252 3676 manifestalus
1280 3608 1372 3671 sit,
1403 3618 1471 3660 ut'
1491 3613 1692 3680 auferat
1721 3609 1939 3676 delicta;

346 3697 529 3766 utique
583 3698 840 3753 hactenus
895 3699 1256 3766 admittenda;
1315 3700 1576 3772 siquidem
1625 3701 1940 3773 subjungit:

350 3785 528 3844 Omnis
551 3790 639 3861 qui
669 3800 834 3845 manet
866 3791 919 3846 in
945 3792 1057 3858 illo,
1089 3809 1189 3847 non
1219 3793 1508 3865 delinquit:
1539 3797 1701 3850 omnis
1727 3798 1825 3874 \qui
1851 3797 1942 3851 de-

347 3880 556 3949 linquit,
593 3898 750 3953 aeque
772 3883 898 3937 vidit
915 3925 929 3949 ,
957 3900 1116 3953 neque
1141 3888 1371 3957 cognovit
1397 3903 1530 3942 eum.
1557 3886 1736 3944 Filioli
1755 3931 1770 3957 ,
1798 3905 1946 3944 nemo

346 3988 433 4025 vos
461 3973 668 4027 seducat
699 3990 717 4028 :
745 3976 910 4028 omnis
934 3977 1021 4045 qui
1047 3976 1169 4045 facit
1182 3979 1438 4047 justitiam
1456 4021 1469 4044 ,
1489 3981 1665 4051 justus
1685 3991 1790 4046 est,
1818 3985 1945 4035 sicut

347 4074 394 4116 et
431 4065 518 4118 ille
547 4067 720 4148 justus
751 4077 843 4120 est.
897 4067 999 4135 Qui
1027 4070 1149 4138 facit
1197 4071 1475 4138 delictum,
1504 4089 1570 4126 ex
1603 4073 1806 4127 diabolo
1833 4084 1943 4140 est,

347 4157 590 4227 quoniam
622 4157 856 4211 diabolus
886 4175 918 4211 a
947 4160 1226 4226 primordio
1257 4163 1522 4233 delinquit.
1571 4164 1635 4217 In
1679 4166 1774 4217 hoc
1812 4167 1946 4219 enim

347 4248 697 4318 manifestatus
725 4259 797 4301 est
819 4249 956 4317 ﬁlius
985 4248 1101 4316 Dei,
1131 4259 1186 4304 ut
1215 4253 1372 4306 solvat
1399 4271 1554 4321 Opera
1580 4255 1789 4310 diaboli.
1816 4255 1944 4310 Nam

348 4350 406 4396 et
446 4341 634 4406 solvit,
678 4340 913 4396 liberans
959 4328 1228 4398 hominem
1272 4345 1666 4414 per'lavaerum
1695 4387 1708 4412 ,
1751 4345 1948 4403 donato

349 4432 707 4505 chirographo
737 4435 944 4489 mortis.
985 4434 1051 4489 Et
1083 4434 1202 4490 ideo
1229 4437 1392 4490 omnis
1420 4438 1506 4508 qui
1536 4453 1599 4491 ex
1628 4436 1735 4493 Deo
1771 4441 1939 4495 nasci-
1967 4448 2020 4508 D

264 4551 288 4566 σι
352 4537 453 4590 tur,
490 4544 590 4582 non
622 4529 744 4599 facit
766 4528 1045 4596 delictum,
1082 4530 1200 4599 quia
1227 4546 1394 4582 semen
1427 4529 1520 4584 Dei
1544 4542 1712 4586 nutriet
1742 4535 1793 4588 in
1821 4535 1943 4602 illo;

349 4629 396 4674 et
426 4635 525 4674 non
559 4628 718 4689 potest
749 4620 1062 4691 delinquere,
1095 4621 1215 4690 quia
1242 4637 1304 4674 ea:
1334 4620 1437 4675 Deo
1465 4630 1614 4677 natus
1641 4635 1733 4678 est.
1770 4624 1830 4678 ln
1851 4629 1946 4680 hoc

349 4711 609 4781 manifesti
637 4721 753 4766 sunt
787 4711 880 4775 ﬁlii
913 4711 1010 4765 Dei
1036 4721 1082 4764 et
1110 4711 1204 4779 ﬁlii
1228 4711 1419 4766 diaboli
1450 4712 1511 4788 (I
1539 4713 1721 4783 Joan.,
1757 4714 1854 4782 III,
1890 4719 1942 4784 5,

351 4801 478 4877 10).
505 4801 560 4888 In
589 4817 726 4872 quo,
757 4803 858 4857 nisi
883 4803 956 4857 illi
989 4816 1093 4856 non
1116 4793 1491 4874 delinquendo,
1521 4821 1589 4861 ex
1615 4822 1721 4877 quo
1746 4807 1813 4863 de
1837 4809 1946 4865 Deo

2049 3141 2146 3195 hos
2177 3155 2398 3207 sensus,
2430 3141 2670 3195 dicturus
2703 3141 2755 3195 in
2786 3141 2890 3196 line
2915 3139 3250 3198 manifestius
3279 3161 3291 3196 :
3323 3142 3386 3198 Si
3412 3143 3522 3213 quis
3551 3145 3648 3197 scit

2043 3233 2252 3302 fratrem
2278 3249 2425 3287 suum
2451 3233 2740 3303 delinquere
2767 3234 3008 3288 delictum
3036 3251 3137 3289 non
3163 3235 3231 3288 ad
3258 3244 3467 3289 mortem
3489 3278 3504 3303 ,
3548 3252 3644 3306 po-

2045 3323 2274 3390 stulabit,
2305 3334 2351 3379 et
2370 3324 2508 3378 dabit
2538 3325 2582 3380 ei
2604 3327 2757 3379 vitam
2782 3324 3033 3382 Dominus
3054 3369 3067 3394 ,
3099 3327 3185 3397 qui
3207 3343 3306 3381 non
3335 3327 3403 3380 ad
3431 3337 3666 3381 mortem‘

2047 3419 2309 3490 delinquit.
2358 3419 2451 3475 Est
2489 3420 2621 3474 enim
2652 3420 2890 3474 delictum
2929 3421 2996 3473 ad
3035 3423 3296 3476 mortem?
3343 3437 3445 3475 non
3485 3421 3546 3474 de
3590 3438 3648 3474 co

2047 3515 2161 3569 dico
2189 3525 2241 3567 ut
2269 3513 2381 3586 quis
2409 3515 2624 3585 postulet
2645 3513 2708 3588 (Ι
2736 3513 2898 3568 Joan.
2929 3556 2943 3579 ,
2977 3514 3016 3567 V
3041 3557 3055 3582 ,
3089 3517 3157 3570 16
3245 3514 3557 3570 Meminerat
3597 3524 3652 3569 et

2047 3609 2161 3680 ipse
2186 3608 2506 3664 llieremiam
2523 3609 2846 3678 prohibitum
2862 3624 2889 3661 a
2915 3608 3026 3664 Deo
3045 3607 3323 3678 deprecari
3343 3622 3437 3676 pro
3453 3608 3652 3677 ponulo

2050 3702 2647 3772 mortaliadelinquente
2665 3700 2861 3774 (Hiera,
2887 3701 3088 3765 Vll,16
3115 3744 3129 3767 ,
3153 3701 3345 3769 XL“,
3364 3701 3504 3769 XIV,
3533 3699 3648 3774 Il).

2052 3792 2230 3848 Omnis
2255 3794 2504 3864 injustitia
2533 3793 2773 3848 delictum
2801 3802 2873 3847 est
2895 3835 2910 3859 ,
2953 3803 3000 3847 et
3027 3802 3100 3848 est
3129 3793 3370 3847 delictum
3397 3794 3467 3847 ad
3495 3809 3639 3846 mor-

2050 3897 2166 3941 tem.
2216 3884 2419 3940 Scimus
2447 3894 2618 3939 autem
2641 3887 2777 3955 quod
2800 3885 2964 3939 omnis
3007 3886 3094 3953 qui
3131 3892 3194 3938 ea:
3222 3883 3330 3938 Deo
3361 3895 3511 3938 natus
3541 3885 3605 3938 sit
3632 3926 3647 3951 ,

2050 3994 2148 4032 non
2172 3975 2416 4046 delinquit
2443 3975 2462 4048 (
2485 3975 2504 4030 ι
2525 3976 2707 4042 Joan.,
2738 3975 2807 4042 ν,
2836 3978 2901 4031 17
2929 4019 2943 4042 ,
2979 3976 3044 4031 l8
3078 3976 3095 4045 )
3119 3993 3133 4041 ;
3164 3976 3366 4031 scilicet
3395 3975 3652 4031 delictum

3709 1367 3733 1394 Ἰ

3739 1381 3778 1446 is

2050 4069 2190 4139 quod
2222 4068 2287 4122 ad
2316 4079 2542 4123 mortem
2571 4077 2674 4123 est.
2702 4069 2774 4122 Ita
2799 4068 2928 4121 nihil
2951 4068 3059 4137 jam
3087 4076 3354 4138 superest,
3381 4082 3538 4137 quam
3562 4080 3656 4123 aut
3735 4061 3758 4070 ’

2051 4178 2213 4234 neges
2249 4160 2535 4217 mwchiam
2566 4171 2618 4216 et
2659 4158 3068 4214 fornicationem
3111 4159 3354 4214 mortalia
3400 4174 3523 4214 esse
3560 4158 3658 4213 de-

2051 4256 2192 4316 licm,
2220 4263 2313 4307 aut
2340 4253 2727 4308 irremissibilia
2757 4250 3006 4319 fatearis,
3041 4267 3135 4322 pro
3164 4251 3358 4322 quibus
3389 4266 3487 4306 nec
3510 4253 3657 4306 orari

2052 4347 2408 4418 permittitur.

2635 4437 2862 4494 CAPUT
2918 4436 3046 4494 XX.

2123 4533 2405 4602 Disciplina
2435 4531 2596 4599 igitur
2639 4530 3021 4601 Apostolorum
3063 4530 3280 4600 proprie
3320 4529 3535 4600 quidem
3577 4530 3662 4586 in-

2049 4627 2207 4682 struit
2253 4639 2315 4679 ac
2362 4623 2685 4679 determinat
2730 4622 3092 4692 principaliter
3140 4623 3438 4677 sanctitatis
3480 4622 3662 4677 omnis

2051 4733 2172 4788 erga
2201 4717 2472 4788 ltetnplum
2505 4715 2596 4770 Dei
2645 4715 2986 4786 antistitem;
3017 4723 3072 4770 et
3100 4713 3297 4784 ubique
3323 4713 3388 4768 de
3417 4712 3659 4768 Ecclesia

2052 4792 2414 4866 eradicantem
2469 4822 2630 4863 omne
2671 4807 3011 4878 sacrilegium
3066 4805 3334 4876 pudicitia:
3381 4805 3500 4880 (ὅ),
3540 4807 3664 4862 sine

1572 4919 1954 4980 LECTIONES
1991 4920 2404 4981 VARIANTES.

521 5031 641 5090 Qute
665 5027 817 5081 Seml.
840 5026 1036 5080 Oberth.

519 5093 784 5143 Joannis...
809 5090 1113 5155 disponentis
1138 5092 1327 5146 Wouw.
1347 5095 1457 5146 cod.

412 5031 487 5157 lii

2115 5035 2190 5101 (δ)
2225 5035 2544 5100 Impudicitite
2570 5035 2671 5084 Lat.

1697 5226 2259 5288 COMMENTARIUS.

424 5340 498 5418 fa)
523 5341 589 5395 In
618 5339 851 5418 negotiis,
873 5341 928 5396 in
954 5343 1150 5418 officiis,
1166 5345 1231 5418 in
1251 5355 1466 5418 quaestu.
1491 5345 1627 5402 Hinc
1648 5343 1810 5418 igitur
1831 5361 1943 5401 ma-

353 5411 606 5483 nifesmm
633 5411 717 5465 est
745 5413 903 5483 etiam
935 5411 1137 5483 priscos
1164 5411 1282 5470 illos
1309 5411 1943 5481 Christianos,homines

351 5482 514 5535 fuisse
539 5522 553 5546 ,
600 5495 793 5551 nempe
824 5482 1223 5542 lnnnanioribus
1252 5487 1366 5543 istis
1395 5489 1630 5560 peccatis
1636 5489 1940 5613 Robnoxios.

1684 5575 1752 5613 IG.

395 5618 520 5700 .(h).
540 5620 738 5700 Horum
766 5619 900 5700 ultra
937 5639 1170 5685 exorator
1196 5647 1296 5685 non
1331 5629 1426 5685 erit
1455 5575 1943 5685 Christuﬁslflluma-

355 5688 475 5747 nior
496 5688 591 5746 fuit
616 5694 893 5766 Augustini
918 5702 1205 5770 sententia,
1245 5700 1335 5760 lib.
1365 5701 1431 5756 de
1461 5699 1591 5756 Fide
1619 5711 1664 5757 et
1686 5701 1940 5772 operibus.

995 5893 1022 5902 κ

2047 5347 2178 5403 Nam
2217 5358 2270 5404 et
2304 5348 2387 5403 his
2415 5347 2777 5417 paenitentiam
2813 5363 2917 5404 non
2957 5357 3155 5420 negat:
3192 5348 3290 5414 Qui
3319 5357 3494 5404 autem
3531 5353 3658 5418 opi-

2049 5430 2271 5484 nantur,
2317 5419 2520 5490 inquit,
2553 5429 2599 5474 et
2627 5431 2810 5475 ctctera
2841 5419 3172 5491 eleemosyuis
3213 5421 3362 5492 facile
3412 5435 3665 5491 compen-

2048 5492 2153 5546 sari
2175 5531 2190 5555 ,
2225 5491 2323 5546 tria
2349 5501 2520 5546 tamen
2545 5493 2807 5560 mortifera
2839 5509 2943 5545 esse
2969 5509 3070 5546 non
3097 5491 3324 5545 dubitent
3351 5507 3475 5545 exeo
3488 5508 3666 5546 nmm-

2049 5563 2299 5634 nicatioae
2319 5603 2336 5634 ,ν
2370 5562 2535 5634 donec
2567 5563 2859 5634 pteniteutia
2889 5561 3158 5634 humiliore
3201 5572 3407 5617 sanetur
3427 5603 3439 5626 ,
3480 5563 3665 5634 impu-

2051 5633 2296 5699 dicitiam,
2323 5633 2692 5700 idololatriam,
2723 5633 3073 5688 Itomicidium.
3106 5633 3228 5692 lito.
