4006 6280
57 744 99 801 l3.
110 755 264 801 0V3”

285 248 419 309 1021

1580 262 1782 319 LIBER
1823 262 1912 318 DE
1943 264 2272 323 PUDlClTlA
2286 308 2299 324 .

3458 269 3598 328 1022

213 373 222 385 ‘
285 367 391 423 ulla
436 369 792 427 restitutionis
838 374 1132 431 mentione.
1166 373 1301 431 Volo
1348 383 1523 431 tamen
1573 377 1652 451 (l)
1699 395 1764 432 cx
1805 393 1887 432 re-
1916 382 1965 440 Α
1997 380 2192 436 minem
2225 381 2292 437 de
2338 382 2564 453 pristino
2604 384 2784 440 carnis
2816 384 2996 440 habitu
3035 385 3087 440 in
3118 387 3407 445 candorem
3438 388 3594 459 lidei,

280 460 575 520 dundantia
623 465 706 537 (α)
757 465 984 538 alicujus
1028 470 1189 525 etlam
1234 471 1452 529 comitis
1499 472 1881 541 Apostolorum

284 557 648 613 testimonium
694 559 1095 629 superducere,
1130 560 1378 617 idoneum
1421 564 1776 618 enittirmandi
1818 564 1885 619 de

281 647 530 718 proximo
550 650 673 720 jure
701 650 1039 723 disciplinam
1072 653 1471 723 magistrorum.
1525 654 1713 711 Exstat
1741 656 1882 711 enim

280 750 334 795 et
359 738 619 795 Barnabas:
647 741 834 797 titulus
858 743 925 798 ad
959 743 1218 800 Hebraeos
1241 786 1257 810 ,
1302 746 1442 802 adeo
1477 748 1608 802 satis
1652 749 1887 802 aucturi-

281 835 404 890 tatis
435 835 549 889 viro
571 834 652 907 (Ξ)
673 877 686 899 ,
722 846 781 897 ut
802 852 962 908 quem
989 837 1347 909 Paulusjuxta
1380 854 1438 894 se
1460 839 1803 895 constituerit
1832 841 1883 896 in

281 926 617 984 abstinentia:
648 937 837 985 tenore
865 947 878 984 :
904 931 1004 985 Aut
1030 947 1123 1002 ego
1144 932 1283 987 solus
1304 940 1351 986 et
1372 930 1638 987 Barnabas
1663 949 1763 987 non
1787 932 1885 988 ha-

278 1017 450 1075 bemus
470 1018 565 1073 hoc
585 1017 665 1093 (ὅ)
688 1022 937 1092 operandi
956 1030 1254 1092 potestatem
1275 1022 1319 1097 (l
1336 1020 1479 1090 Cor.,
1500 1022 1592 1090 IX,
1612 1024 1645 1080 6
1673 1022 1718 1096 )?
1733 1023 1805 1097 (ti)
1823 1025 1887 1080 Et

281 1108 464 1180 utique
520 1110 790 1182 receptior
840 1110 985 1183 apud
1029 1112 1295 1169 Ecclesias
1345 1113 1587 1186 Epistola
1620 1115 1885 1172 Barnabas

279 1198 353 1273 (c)
394 1199 484 1255 illo
513 1202 825 1274 apocrypha
867 1203 1090 1260 Pastore
1122 1205 1479 1263 moechorum.
1527 1206 1750 1263 Mouens
1790 1208 1888 1263 ita-~

281 1306 389 1364 que
417 1292 735 1365 discipulos,
766 1296 981 1354 omissis
1011 1299 1262 1355 omnibus
1288 1298 1474 1369 initiis,
1508 1302 1575 1356 ad
1611 1302 1887 1373 perfectio-

281 1401 406 1443 nem
439 1387 608 1458 magis
639 1388 859 1447 tendere
883 1432 899 1457 ,
948 1406 1049 1446 nec
1088 1404 1276 1448 rursus
1315 1392 1662 1449 lumiamcnta
1710 1396 1884 1466 poeni-

281 1477 464 1534 tentia:
505 1478 687 1549 jacere
742 1482 811 1536 ab
854 1484 1107 1551 operibus
1174 1495 1508 1541 mortuorum
1565 1506 1577 1541 :
1636 1485 1887 1557 [inpossi-

279 1568 380 1625 bile
414 1579 487 1625 est
526 1572 694 1640 enim,
733 1573 942 1644 inquit,
985 1592 1071 1630 eos
1107 1576 1191 1646 qui
1232 1577 1388 1631 semel
1425 1577 1715 1632 inluminati
1748 1590 1886 1646 sunt,

278 1670 328 1715 et
344 1662 533 1717 donum
548 1662 744 1718 catleste
758 1675 1159 1735 gustaverunt.et
1178 1668 1613 1740 participarerunt
1637 1667 1889 1738 Spiritum

1992 489 2112 543 qum
2147 474 2326 529 vitiant
2356 485 2409 529 et
2438 475 2644 531 macula
2673 477 2974 532 aestimatur
3005 480 3057 533 in
3088 478 3320 548 smculo,
3350 489 3405 538 et
3428 490 3595 536 totum

1993 578 2254 621 novatum
2302 567 2559 623 mundum
2611 571 2778 624 voluit
2810 568 3058 643 intelligi,
3110 573 3200 643 qui
3242 574 3352 643 jam
3383 589 3487 627 nun
3528 574 3599 629 sit

1991 659 2194 726 varius,
2230 675 2335 714 non
2369 662 2439 716 sit
2468 662 2537 716 de
2565 662 2790 732 priStino
2811 671 2863 717 et
2889 678 3028 717 novo
3058 664 3363 734 adspersus.
3390 664 3445 721 Si
3471 681 3599 722 vero

1992 761 2113 820 post
2167 751 2514 808 abolitionem
2566 754 2619 807 in
2667 763 2986 810 vetustatem
3032 753 3237 825 aliquid
3285 772 3351 812 ex
3394 756 3477 811 illa
3510 771 3596 812 re-

1994 841 2208 908 vixerit,
2239 857 2452 897 rursum
2483 843 2536 898 in
2566 857 2729 898 carne
2757 844 2876 914 ejus
2904 846 3043 915 quod
3072 853 3377 902 emortuum
3403 845 3599 902 delicto

1991 931 2307 997 habebatur,
2340 933 2675 989 innnundutn
2699 935 2953 1007 jndicari,
2979 952 3079 993 nec
3100 937 3305 1007 expiari
3332 936 3445 1008 jam
3464 952 3490 989 a
3513 953 3599 993 sa-

1989 1026 2234 1082 cerdote.
2266 1026 2342 1080 Ita
2377 1027 2602 1082 mmcbia
2633 1026 2699 1083 de
2747 1029 2968 1098 pristino
2999 1030 3229 1085 recidiva
3263 1039 3316 1086 et
3346 1030 3595 1086 unitatem

1992 1119 2114 1173 novi
2147 1117 2369 1183 coloris,
2400 1134 2429 1173 a
2450 1134 2556 1188 quo
2582 1118 2758 1175 fuerat
2787 1103 3027 1188 exclusa,
3055 1121 3476 1186 commaculans,
3501 1120 3599 1176 im-

1991 1208 2298 1265 tnundabile
2328 1219 2411 1265 est
2434 1211 2642 1265 vitium.
2679 1210 2808 1265 Item
2840 1211 2906 1266 de
2926 1211 3090 1267 domo
3122 1231 3135 1267 :
3168 1211 3227 1268 Si
3245 1229 3358 1281 qua:
3384 1213 3601 1269 macqu

1991 1311 2037 1354 et
2066 1300 2365 1354 cavositates
2414 1302 2739 1355 (innuntiatee
2778 1302 2831 1355 iu
2867 1301 3147 1372 parietibus
3172 1303 3423 1357 sacerdoti
3466 1305 3598 1376 (uis.

1991 1401 2123 1456 sent,
2156 1391 2454 1462 priusquam
2482 1392 2715 1445 introiret
2748 1392 2817 1445 ad
2860 1392 3228 1463 inspiciendam
3273 1410 3417 1459 eam,
3454 1395 3599 1466 jubet

1992 1484 2188 1555 auferri
2218 1484 2283 1537 de
2325 1484 2473 1539 domo
2505 1487 2699 1550 omnia,
2729 1486 2802 1538 ita
2841 1485 3109 1541 immunda
3154 1504 3254 1542 non
3283 1488 3600 1559 futuraquat

1993 1577 2175 1631 domus
2200 1587 2386 1630 essent.
2425 1575 2621 1631 Dehinc
2648 1577 2987 1648 introgressus
3015 1579 3275 1645 sacerdos,
3304 1580 3348 1635 si
3381 1580 3598 1634 invenis-

1992 1680 2063 1724 set
2089 1669 2390 1723 cavositates
2411 1669 2741 1723 viridicantes
2767 1671 2844 1724 vel
2865 1668 3204 1738 rnbescentes,
3228 1681 3275 1726 et
3301 1672 3597 1744 adsptctnm

280 1749 551 1829 Sanctum,
575 1761 619 1807 et
649 1756 851 1811 verbum
869 1756 967 1812 Dei
986 1757 1134 1812 dulce
1144 1768 1491 1830 gustauernnt,‘
1515 1761 1772 1817 occidente
1776 1763 1889 1833 jam
1920 1776 1968 1836 ις
1997 1766 2170 1815 earum
2198 1759 2523 1814 humiliorem
2559 1760 2692 1813 citra
2721 1760 3025 1830 parietinam
3058 1764 3317 1833 formam;
3344 1763 3502 1817 exiret
3528 1763 3596 1818 ad

277 1860 385 1901 sevo
404 1862 519 1900 cum
540 1849 838 1915 exciderint,
864 1866 1039 1905 rursus
1055 1852 1280 1906 revocari
1311 1851 1388 1922 (4)
1420 1853 1473 1907 in
1519 1853 1883 1922 paenitentiam,

277 1939 546 2011 reﬁgentes
597 1943 755 1997 cruci
790 1944 844 1999 in
906 1945 1202 2016 semetipsos
1232 1943 1423 2001 Filium
1488 1946 1581 2000 Dei
1638 1955 1683 2000 et
1734 1947 1888 2002 dede-

278 2040 530 2087 corantes.
610 2031 767 2089 Terra
832 2037 965 2090 enim
1013 2052 1129 2108 qua:
1197 2036 1317 2092 bibit
1386 2039 1575 2108 swpius
1622 2038 1886 2093 devenien-

278 2133 375 2181 tem
406 2126 457 2180 in
503 2142 557 2182 se
585 2126 867 2197 humorem,
894 2138 944 2187 et
970 2132 1167 2202 peperit
1204 2130 1413 2187 herbam
1456 2142 1631 2203 aptam
1660 2132 1738 2186 his
1767 2149 1887 2201 pra-

280 2226 390 2295 pter
420 2237 445 2275 s
614 2232 662 2278 et
686 2222 895 2289 colitur,
928 2221 1325 2279 benedictionem
1372 2223 1466 2280 Dei
1511 2226 1832 2298 consequitur
1865 2242 1883 2278 :

281 2319 543 2389 proferens
570 2325 739 2372 autem
768 2317 966 2386 spinas,
1014 2317 1232 2379 reproba
1259 2326 1304 2371 et
1333 2317 1682 2372 maledictioni
1706 2319 1883 2388 proxi-

280 2425 386 2478 ma,
415 2411 564 2481 cujus
585 2410 705 2477 linis
728 2411 780 2465 in
812 2410 1128 2481 exustionem
1156 2410 1174 2481 (
1202 2409 1385 2477 Hebr.,
1430 2411 1518 2477 Vl,
1546 2411 1602 2475 4,
1631 2411 1665 2467 8
1691 2412 1728 2481 ).
1774 2412 1882 2467 lloc

279 2503 372 2575 qui
416 2480 486 2559 ab
512 2504 782 2575 apostolis
817 2480 1024 2559 .didicit
1067 2512 1122 2560 et
1167 2480 1295 2560 cum
1350 2505 1619 2575 Apostolis
1666 2505 1877 2573 docuit,

281 2593 364 2668 (d)
393 2607 660 2665 nunquam
677 2593 889 2651 mtech
914 2606 967 2651 et
986 2594 1289 2652 fornicatori
1313 2595 1599 2652 secundum
1618 2597 1879 2667 poeniten-

282 2686 408 2743 tiam
438 2688 755 2758 promissam
787 2685 855 2741 ab
881 2687 1151 2757 Apostolis
1178 2697 1367 2752 norat;
1400 2688 1601 2759 Optime
1631 2688 1771 2743 enim
1804 2689 1879 2742 le-

278 2791 400 2849 gem
426 2778 899 2851 interpretabatur,
932 2790 987 2835 et
1019 2781 1217 2851 ﬁguras
1245 2780 1364 2851 ejus
1382 2781 1490 2852 jam
1523 2782 1573 2837 in
1600 2781 1714 2852 ipsa
1742 2782 1880 2836 veri-

282 2860 391 2929 to'le
433 2872 699 2928 servabat.
747 2873 827 2928 Ad
859 2872 998 2930 banc
1024 2873 1258 2945 denique
1300 2875 1534 2945 Speciem
1581 2875 1877 2946 disciplima

279 2964 348 3022 de
374 2966 590 3039 leproso
613 2976 829 3023 cantum
871 2967 975 3023 luit
1016 2986 1030 3022 :
1064 2966 1128 3024 Si
1152 2978 1324 3024 autem
1362 2970 1584 3025 varietas
1606 2970 1874 3042 eﬂloruerit

278 3050 331 3121 δη
361 3076 545 3133 cutem,
576 3078 625 3123 et
645 3076 803 3122 totam
833 3076 999 3122 cutem
1021 3057 1200 3122 texerit
1221 3083 1251 3120 a
1272 3068 1437 3139 capite
1454 3083 1613 3139 usque
1635 3068 1704 3122 ad
1722 3068 1874 3139 pedes

1983 1855 2203 1923 januam
2230 1862 2278 1917 et
2306 1861 2583 1907 secerneret
2626 1852 2833 1906 domum
2864 1854 3009 1907 illam
3039 1863 3230 1921 septem
3257 1853 3453 1909 diebus.
3494 1853 3598 1909 De-

1991 1945 2128 2008 hinc,
2162 1944 2244 1999 die
2269 1944 2481 2016 septima
2507 1958 2781 2015 regressus,
2816 1945 2858 1999 si
2884 1944 3323 2000 animadvertisset
3351 1943 3595 2012 di/fusnm

1987 2039 2041 2092 in
2070 2038 2344 2109 parietibus
2387 2046 2575 2091 tactum
2602 2037 2772 2101 illum,
2802 2037 3072 2106 imperaret
3117 2039 3318 2095 extrahi
3345 2055 3428 2093 eos
3458 2039 3594 2109 lapi-

1988 2129 2076 2183 des
2102 2128 2358 2200 inquibus
2388 2126 2533 2198 lepra
2558 2128 2765 2200 fuisset,
2799 2140 2846 2183 ct
2877 2128 3031 2198 abjici
3064 2140 3206 2184 extra
3251 2132 3502 2185 civitatem
3540 2131 3603 2185 in

1988 2224 2155 2278 locum
2181 2222 2523 2289 immundum,
2554 2232 2601 2278 et
2630 2223 2764 2277 sumi
2791 2224 2919 2278 alios
2951 2223 3148 2295 lapides
3188 2224 3372 2294 politos
3401 2233 3447 2278 et
3471 2225 3595 2280 soli-

1987 2321 2101 2389 dos,
2131 2332 2177 2375 et
2204 2322 2380 2390 reponi
2428 2321 2539 2397 loco
2587 2320 2941 2391 pristinarum,
2975 2330 3021 2374 et
3050 2318 3256 2390 pulvere
3295 2319 3398 2373 alio
3436 2318 3591 2374 inlini

1985 2402 2191 2468 domum
2223 2413 2243 2487 (
2271 2412 2453 2476 Leuit,
2484 2412 2628 2478 XIV,
2656 2411 2830 2468 34-42
2851 2410 2887 2484 ).
2909 2411 3132 2482 Oportet
3156 2414 3298 2467 enim
3326 2428 3447 2469 cum
3471 2429 3594 2483 pcr-

1986 2507 2200 2563 venitur
2229 2505 2296 2560 ad
2325 2521 2589 2561 sutmuum
2621 2500 2960 2560 sacerdotem
2991 2504 3167 2559 Patris
3197 2504 3466 2559 Christum
3487 2545 3502 2569 ,
3526 2504 3592 2559 de

1982 2601 2144 2657 domu
2171 2600 2405 2656 hominis
2433 2599 2605 2655 nostri
2641 2600 2692 2655 in
2727 2609 2970 2670 tempore
3013 2596 3364 2654 hebdomadis
3395 2596 3590 2651 auferri

1985 2696 2167 2752 omnia
2195 2694 2574 2765 impedimenta
2604 2694 2770 2764 prius,
2803 2703 2860 2746 ut
2885 2690 3084 2746 munda
3107 2692 3176 2745 sit
3202 2706 3323 2762 quae
3348 2697 3594 2744 remanet

1981 2791 2171 2844 domus
2191 2832 2204 2855 ,
2235 2804 2364 2845 caro
2393 2797 2448 2842 et
2492 2787 2668 2841 anima
2698 2804 2711 2851 ;
2741 2794 2797 2841 et
2824 2785 2912 2840 ubi
2944 2783 3214 2840 introierit
3253 2796 3371 2838 eam
3413 2796 3593 2837 sermo

1984 2882 2099 2949 Dei,
2128 2889 2183 2937 et
2210 2878 2475 2936 invenerit
2514 2877 2753 2932 maculas
2788 2877 2998 2933 ruboris
3037 2887 3092 2931 et
3119 2875 3336 2942 viroris,
3377 2872 3592 2947 extrahi

1979 2976 2182 3042 statim,
2208 2984 2264 3030 et
2294 2972 2449 3043 abjici
2481 2972 2626 3026 foras
2652 2985 2841 3026 sensus
2870 2969 3179 3026 mortiferas
3208 2979 3261 3024 et
3285 2977 3537 3023 cruentos
3561 2984 3575 3034 ;

1980 3084 2101 3125 nam
2133 3079 2183 3123 et
2216 3065 2570 3140 Apocalypsis
2598 3065 2755 3120 viridi
2800 3080 2939 3135 equo
2969 3073 3231 3130 mortem,
3266 3058 3468 3133 ‘rnsseo
3498 3077 3591 3115 au-

278 3174 368 3228 per
390 3172 589 3213 onmem
609 3168 957 3229 conspectum,
988 3169 1034 3213 et
1060 3159 1298 3214 sacerdos
1326 3175 1443 3214 cum
1471 3159 1673 3227 viderit,
1700 3176 1875 3214 emun-
1902 3163 1947 3227 C
1983 3172 2089 3218 tem
2116 3162 2473 3233 praeliatorem
2504 3160 2759 3230 imposuit
2784 3158 3010 3231 (Apoc.,
3038 3158 3128 3223 Vl,
3158 3158 3211 3221 4,
3246 3156 3314 3230 8)
3340 3174 3352 3210 :
3388 3171 3591 3226 proque

279 3247 419 3303 dabit
458 3264 596 3313 eum,
639 3250 881 3319 quoniam
919 3251 1158 3304 convertit
1202 3251 1254 3304 in
1286 3242 1478 3315 album,
1521 3250 1742 3306 mumlus
1778 3259 1872 3305 est.

283 3339 399 3409 Qua
422 3357 538 3395 vero
564 3342 649 3396 die
674 3343 810 3397 visus
831 3344 980 3413 fuerit
1003 3344 1057 3398 in
1082 3345 1332 3416 ejusmodi
1354 3346 1496 3401 color
1517 3346 1676 3412 vivus,
1701 3345 1874 3416 'inqniv

278 3442 429 3487 natus
457 3441 532 3487 est
560 3433 579 3505 (
604 3431 791 3503 Leuit.,
817 3432 957 3500 Xlll,
983 3434 1072 3502 12,
1103 3437 1171 3492 15
1190 3436 1235 3508 ).
1264 3432 1594 3494 Conversum
1621 3438 1761 3492 enim
1781 3437 1878 3491 lto-

1984 3254 2091 3309 illis
2123 3254 2314 3325 politos
2338 3261 2392 3307 et
2435 3253 2486 3306 in
2516 3252 2888 3323 compaginent
2938 3259 3094 3321 aptos
3143 3259 3196 3305 et
3229 3248 3415 3305 ﬁrmos
3457 3249 3588 3303 sub-

1982 3345 2139 3401 struit
2168 3344 2389 3415 lapides,
2416 3343 2493 3417 (e)
2522 3344 2785 3422 quales'in
2818 3340 3047 3398 Abt-abte
3068 3343 3219 3410 littnt,
3250 3349 3312 3396 ut
3334 3341 3403 3396 ita
3429 3341 3590 3399 homo

1979 3438 2181 3493 habilis
2211 3437 2319 3493 Deo
2350 3436 2438 3492 sit.
2474 3436 2627 3505 Quod
2658 3436 2702 3491 si
2739 3446 2850 3508 post
2872 3435 3307 3509 recuperationem
3334 3444 3381 3490 et
3420 3434 3587 3504 refor-

1498 3595 1881 3653 LECTIONES
1917 3594 2336 3654 VABIANTES.

450 3728 762 3783 Redundanti
787 3733 890 3783 Lat.

448 3795 739 3849 Auctoritati
765 3795 855 3847 viri
880 3795 1034 3846 Fran.

298 3730 391 3858 li

2070 3733 2122 3784 ὅ)
2156 3733 2263 3784 Hoc
2285 3732 2416 3783 abest
2438 3733 2559 3784 Par.

2070 3734 2101 3783 3
2156 3733 2263 3784 Hoc
2285 3733 2416 3783 abest
2438 3733 2524 3784 Pat

2046 3733 2122 3861 Et;
2155 3795 2396 3848 Renovari
2421 3796 2524 3847 Lat.

1630 3945 2219 4017 ,COMMENTARIUS.

348 4077 646 4154 CAPLXX.
668 4108 738 4119 -—-
752 4078 829 4151 (a)
846 4079 1075 4154 Alicujus
1092 4082 1243 4154 etiam
1271 4082 1471 4138 comitis
1505 4083 1873 4154 apostolorum.

278 4149 441 4221 Quasi
489 4150 680 4206 Petrus
722 4149 778 4206 et
810 4149 1022 4207 Paulus
1069 4153 1205 4208 adeo
1258 4169 1369 4220 prae
1418 4149 1629 4208 ctrtcris
1680 4152 1879 4209 fuerint

277 4221 533 4291 apostoli,
568 4231 635 4294 ιιι
660 4222 841 4277 caeteri
874 4222 1108 4294 ipsorum
1140 4226 1367 4294 comites
1394 4238 1456 4291 ac
1482 4223 1723 4294 discipuli
1746 4240 1875 4281 cen-

280 4289 517 4365 seantur.
563 4289 651 4365 Sic
694 4289 967 4365 autemet
1000 4293 1268 4365 Barnabas
1310 4289 1427 4364 ipse
1471 4289 1792 4365 Apostolus,
1843 4311 1871 4349 a

279 4363 556 4425 Clemente
594 4362 992 4435 Alexandrino,
1041 4363 1128 4417 lib.
1161 4363 1239 4429 ll,
1303 4362 1873 4432 SlronnbposlolitntS

276 4444 631 4515 lllltlcupallt‘l'.
656 4440 741 4515 uati
765 4443 971 4515 συνεργὸς
997 4439 1324 4515 “ﬁngam-ou.
1366 4436 1431 4492 El
1463 4437 1554 4515 lib.
1578 4435 1671 4515 Χ,-
1691 4463 1870 4515 συρκη·
1898 4450 1951 4512 1)

274 4512 416 4579 pars;
446 4519 525 4579 at?
560 4506 833 4579 Ᾰπρστὸλῳ.
867 4508 973 4579 ξεί]
1003 4515 1061 4579 et
1089 4506 1451 4579 llieronymus
1482 4508 1532 4561 iu
1578 4506 1871 4576 Epistulam

274 4574 345 4650 ad
365 4574 611 4650 Galatas,
642 4577 756 4635 lucc
785 4574 943 4650 Verba
962 4618 979 4645 ,
1024 4574 1532 4650 Paulns‘npustolus,
1564 4574 1664 4633 non
1691 4579 1752 4633 ab
1780 4580 1872 4647 ho—

274 4647 514 4715 minibus,
548 4663 705 4730 neque
733 4662 821 4730 per
850 4647 1128 4730 hominem,
1160 4647 1381 4730 oblique
1409 4648 1462 4703 in
1488 4649 1700 4730 Petrum
1733 4661 1783 4704 ct
1818 4651 1869 4707 in

274 4730 497 4790 caeteros
530 4717 671 4773 dicta
702 4717 869 4777 videri
893 4733 1049 4790 posse
1078 4721 1185 4781 ait,
1211 4717 1353 4790 quod
1398 4737 1502 4790 non
1538 4720 1606 4773 ab
1649 4730 1868 4788 aposto-

273 4789 342 4861 lis
366 4788 532 4849 Paulo
570 4791 638 4845 sit
681 4790 931 4861 traditum
972 4788 1337 4861 Evangelium,
1372 4789 1467 4846 sed
1504 4792 1570 4845 ab
1597 4790 1712 4861 ipso
1740 4790 1868 4847 Jcsu

272 4856 489 4931 Christo
508 4901 524 4926 ,
553 4861 717 4931 quiet
740 4859 860 4915 illos
886 4856 1171 4931 Apostolus
1196 4862 1449 4931 elegerat.
1480 4863 1599 4931 lito.

308 4928 422 5061 ᾖΣιὲ
449 4929 513 4984 Et
543 4928 716 5000 utique
737 4928 983 5013 receptior
1011 4931 1151 5009 apud
1169 4928 1437 5014 .Ecclesias
1468 4929 1701 5003 Epistola
1731 4930 1866 4987 Bar-

423 5043 437 5057 .
487 5000 613 5057 Haec
642 5001 957 5057 Tertulliani
984 5002 1053 5057 de
1085 5004 1321 5061 l'.t)tstola
1350 5003 1417 5061 ad
1450 5003 1706 5061 Hebrteos
1744 5018 1866 5059 sen-

274 4996 437 5061 ιῖαὺώ.
487 5000 613 5074 Haec
632 4996 957 5074 Tertulliani
984 4996 1057 5057 de
1085 5002 1321 5074 l'Lpistola
1350 5003 1417 5061 ad
1450 4996 1706 5074 Hebraeos
1744 5018 1869 5059 sen-

275 5075 436 5145 gentia
475 5070 705 5145 refertur
730 5074 799 5127 ab
827 5070 1153 5145 [lieronyntu
1187 5074 1357 5133 Calai.
1393 5075 1588 5144 Script.
1630 5073 1776 5130 Eccl.
1812 5074 1864 5133 in

273 5142 458 5216 l’suln.
486 5143 807 5216 Ipseautem
832 5142 1190 5216 Hieronymus
1216 5146 1269 5201 in
1300 5142 1546 5202 Barnaba
1566 5187 1583 5216 ,_
1611 5146 1864 5215 scriptam

273 5210 438 5287 fuisse
461 5210 536 5287 ait
563 5229 592 5283 a
617 5213 858 5287 Barnaba
891 5210 1183 5286 Epistulam
1212 5232 1331 5287 qua:
1355 5217 1421 5271 ad
1453 5210 1864 5277 mdilicationcm

273 5283 531 5358 Ecclesia;
574 5286 898 5358 pertineret,
929 5283 1116 5358 verum
1149 5283 1288 5358 inter
1313 5294 1607 5358 scripturas
1633 5301 1830 5358 apocry
1850 5316 1864 5331 ο

273 5355 408 5425 plias
445 5354 704 5428 relatam;
735 5354 864 5412 Ηωο
906 5357 976 5412 ab
1020 5356 1251 5428 Eusebio
1297 5354 1521 5428 quoque
1554 5354 1863 5413 rece'nsetiir

273 5424 318 5498 Ir
345 5440 441 5493 τοις
468 5429 635 5498 νίσοκ,
665 5424 735 5483 Et
755 5438 930 5485 tamen
960 5443 1057 5498 pro
1078 5424 1594 5498 legitima'Baruabzc
1620 5430 1812 5485 eitatnr
1831 5443 1861 5495 ει

271 5496 546 5570 Clemente
574 5497 729 5570 Alex.
762 5506 851 5570 :ct
876 5498 943 5570 ab
964 5496 1243 5570 Origene,
1274 5498 1370 5554 lib.
1399 5499 1617 5570 [contra
1638 5498 1859 5564 Celsum,

270 5567 529 5640 catholica
565 5567 777 5640 dicitur.
802 5567 1047 5625 Vidimus
1071 5567 1189 5640 eam
1209 5584 1407 5640 graece,
1438 5568 1551 5625 fere
1574 5572 1858 5639 integram,

272 5652 434 5709 penes
461 5637 831 5694 doctissimum
864 5641 1034 5695 virum
1064 5639 1178 5695 Jac.
1211 5637 1588 5704 Sirntondum,
1626 5637 1751 5695 cum
1777 5640 1858 5694 la-

270 5710 377 5777 tina
430 5724 648 5782 quoque
703 5711 1144 5782 biterpretatioue
1195 5711 1437 5782 antiqua.
1493 5711 1625 5766 Tota
1678 5718 1856 5782 autem

267 5780 475 5839 constat
512 5780 849 5856 argumentis
888 5780 1080 5839 iisdem
1123 5780 1339 5856 quibus
1365 5782 1529 5839 utitur
1566 5780 1859 5854 Septimius

1985 4089 2168 4135 noster
2193 4079 2330 4135 libro
2360 4078 2852 4145 adversttandteos,
2884 4088 2937 4137 et
2965 4081 3059 4137 lib.
3092 4080 3333 4139 adversus
3358 4080 3586 4139 Marcio-

1985 4169 2097 4206 nem
2122 4152 2298 4222 tertio.
2353 4148 2472 4222 lito.
2502 4181 2573 4190 —-—
2603 4152 2750 4206 lianc
2780 4162 2957 4207 autern
2997 4154 3274 4222 epistolam
3309 4155 3585 4214 detexerat

1983 4232 2163 4277 noster
2232 4221 2385 4292 [Iugo
2424 4220 2710 4277 Menardus
2768 4224 2908 4278 inter
2954 4220 3081 4279 Mss.
3128 4225 3342 4280 codices
3401 4243 3584 4282 mona-

1980 4294 2136 4417 stcrili
2168 4292 2507 4347 (Inrlrciensis
2532 4334 2545 4357 ,
2586 4296 2892 4365 primusque
2923 4296 3067 4349 illam
3096 4297 3292 4366 publici
3330 4297 3467 4367 juris
3494 4299 3569 4354 lc-

1980 4376 2069 4417 cn.
2120 4380 2234 4417 ·.ι›ι›.

1979 4376 2069 4420 Cll.
2104 4376 2234 4418 ILDD.

2052 4434 2124 4506 (ς)
2175 4434 2278 4488 llla
2317 4436 2613 4506 apocrypha
2674 4434 2890 4490 Pastore
2942 4437 3276 4491 ntmchorum.
3345 4437 3582 4496 Mmcbos

1974 4506 2211 4631 appellat
2252 4506 2531 4577 psycbicos
2554 4548 2567 4572 ,
2601 4508 2691 4578 qui
2722 4507 2957 4561 Pastoris
2989 4508 3181 4562 librutn
3222 4520 3542 4578 receperant
3562 4552 3578 4571 ,
3605 4512 3639 4546 ί

2013 4593 2042 4631 6
2068 4593 2173 4631 (illi)
2201 4591 2380 4631 SllDHl.
2742 4612 2749 4621 -

2013 4593 2042 4632 e
2068 4593 2173 4641 quo
2201 4591 2380 4641 Supra.
2742 4612 2749 4621 -

2068 4593 2173 4631 run
2201 4592 2257 4630 su
2318 4594 2380 4631 τι.
2742 4612 2749 4621 .

2048 4605 2127 4720 (d)
2159 4592 2439 4713 Nitimuam
2476 4648 2667 4702 nmho
2689 4660 2746 4720 _et
2786 4648 3109 4720 fornicatori,
3139 4655 3243 4720 etc.
3274 4647 3442 4715 Quem
3466 4650 3578 4703 An-

1978 4718 2115 4773 ctor'
2146 4734 2430 4787 perperam
2460 4720 2526 4772 de
2560 4718 2870 4785 ιιωιιίιριιιίτι
2912 4719 3147 4773 secunda
3198 4719 3580 4788 interpretatur

1975 4790 2151 4846 locum
2180 4790 2289 4857 jam
2320 4792 2543 4846 citatum
2576 4790 2595 4861 (
2622 4788 2801 4853 llebr.,
2836 4790 2897 4843 γι
2922 4787 2963 4861 ),
2991 4790 3080 4844 alii
3130 4787 3352 4861 veteres,
3373 4791 3439 4843 de
3480 4792 3578 4846 ite-

1972 4863 2181 4915 ratione
2205 4861 2454 4931 baptismi
2480 4860 2802 4931 intelligunt,
2829 4868 2884 4915 et
2909 4860 3222 4915 runninatim
3251 4860 3308 4914 Β.
3339 4861 3575 4915 Ambro-

1971 4932 2104 4996 sius,
2138 4931 2227 4984 lib.
2263 4931 2323 4984 de
2358 4928 2569 4996 Plania,
2609 4928 2727 5000 cap.
2761 4932 2815 4996 ἓ,
2845 4942 2897 4987 et
2945 4931 2995 4985 in
3045 4941 3419 4994 comment...;
3453 4932 3578 5000 Epi-

1973 5001 2201 5072 phanius
2228 5000 2638 5074 (llwres.._59).
2672 5002 2790 5074 Qun
2815 5004 2976 5058 etiam
3009 5001 3569 5074 accedittihrysnstm

1970 5071 2113 5139 inus,
2159 5071 2283 5127 curn
2320 5074 2440 5127 aliis
2482 5071 2683 5128 Graecis
2732 5072 2851 5141 ejus
2903 5072 3145 5136 asseclis,
3205 5071 3570 5129 dum—eodem

1970 5143 2130 5225 modo
2188 5141 2579 5225 interpretatur
2616 5143 2768 5224 illud
2822 5142 2982 5199 Hebr.
3018 5143 3061 5197 X
3107 5160 3134 5225 lt
3188 5143 3466 5225 Postquam
3495 5161 3577 5225 ac-

1968 5215 2191 5286 cepimus
2238 5214 2461 5286 ueritatis
2509 5214 2834 5286 agnitionem,
2886 5230 2987 5268 non
3041 5214 3344 5285 relinquitur
3405 5216 3573 5286 hostia

1967 5283 2062 5355 pro
2092 5284 2381 5354 peccatis...
2424 5283 2486 5341 Et
2509 5293 2653 5355 certe
2677 5300 2771 5353 pro
2795 5283 2893 5339 bac
2913 5287 3173 5339 sententia
3188 5283 3395 5340 'laeiunt
3417 5285 3546 5354 plura

1967 5354 2055 5411 ses
2086 5356 2262 5409 latinzc
2286 5395 2303 5420 ,
2333 5354 2416 5413 eas
2432 5354 2519 5423 qui
2540 5355 2693 5409 semel
2716 5355 2991 5409 illuminati
3008 5366 3143 5411 sunt.
3171 5366 3258 5411 et:
3283 5373 3460 5410 rursus
3488 5372 3570 5409 re-

1966 5427 2172 5491 novari;
2202 5433 2255 5479 et
2302 5440 2491 5495 graeca:
2521 5440 2707 5489 voces.
2739 5434 3046 5495 φωτισθέντας
3074 5431 3414 5494 denuntient,
3442 5442 3574 5497 quas

1966 5512 2229 5565 usurpare
2259 5496 2431 5551 solent
2464 5509 2675 5553 veteres
2699 5497 2765 5551 de
2791 5499 3086 5566 baptizatis.
3123 5497 3259 5551 ΡΑ».

2039 5566 2115 5640 (e)
2146 5566 2336 5632 Quales
2367 5568 2418 5640 in
2448 5566 2664 5640 Abrahw
2693 5568 2842 5640 ﬁunt.
2894 5567 3001 5622 Ant
3036 5579 3213 5640 mente
3257 5568 3565 5640 concipien-

1961 5637 2112 5705 dum,
2137 5646 2231 5691 aut
2258 5638 2612 5706 supplendum
2639 5639 2900 5706 scriptura
2928 5637 3243 5692 vocabulum
3273 5638 3443 5705 ﬁlios:
3494 5639 3571 5691 al-

1942 5710 2097 5790 ‘ludit
2120 5708 2268 5790 enim
2294 5707 2370 5790 ad.
2394 5707 2519 5790 illud
2546 5725 2570 5790 :l
2587 5706 2751 5790 [ft-isse
2770 5706 2939 5790 Deum
2955 5707 3021 5790 de
3053 5707 3307 5790 lapidibus
3333 5709 3441 5762 istis
3456 5724 3568 5764 sus-

1962 5784 2119 5837 citare
2146 5777 2280 5852 ﬁlios
2307 5777 2525 5834 Abrahae
2551 5779 2570 5854 (
2595 5777 2810 5844 blatth.,
2834 5778 2919 5847 Ill,
2954 5779 3044 5853 9).
3076 5777 3193 5837 lito.
