4006 6280
418 326 447 381 ι
458 324 563 381 ΟΞἹ

1841 320 2305 381 TERTULLIANI

3589 321 3737 381 I028

416 439 571 495 biunt
600 437 811 503 mtecbi,
840 435 1019 492 statim
1049 434 1250 492 adeunt
1274 434 1629 490 fornicatores
1654 474 1666 499 ,
1687 434 1797 505 jam
1826 451 2017 507 preces
2043 440 2097 499 Α
2127 445 2290 493 tatem
2318 452 2470 493 suam
2499 437 2737 495 ostendit
2763 455 2779 499 ;
2819 437 2959 512 Quid
2995 439 3231 512 cogitatis
3278 456 3497 513 nequam
3526 442 3581 496 in
3612 456 3736 497 cor-

413 534 834 596 circumsonant,
861 529 969 601 jam
1000 530 1249 600 Iacrymae
1290 529 1741 599 circnmslagnant
1770 530 2015 585 mat-ulati

412 623 703 695 cujusque;
731 621 806 696 (tt)
841 639 938 676 nec
985 622 1077 677 ulli
1141 621 1309 692 magis
1360 621 1560 677 aditum
1600 622 1829 678 carceris
1884 622 2018 678 redi-

250 734 283 794 ;
335 756 389 794 (ι
409 727 584 784 munt,
610 733 767 789 quam
795 717 882 788 qui
914 714 1205 771 Ecclesium
1238 713 1602 784 perdiderunt.
1636 712 1710 785 (b)
1743 713 2017 770 Violantur

288 792 345 885 Il"
407 806 509 863 viri
537 823 599 864 ac
625 809 854 864 fmminae
902 807 953 861 in
998 807 1230 863 tenebris
1260 806 1415 876 plane
1465 822 1529 860 ex
1588 822 1684 860 usu
1736 805 2016 862 libidinum

328 976 335 979 μ
407 902 571 966 notis,
603 910 656 956 et
680 914 866 972 pacem
895 899 966 954 ab‘
996 899 1077 953 his
1104 907 1348 969 quaerunt
1370 898 1458 968 qui
1485 897 1554 953 de
1580 913 1673 952 sua
1708 897 2015 968 periclitan-

408 1000 517 1050 tur.
553 989 626 1065 (ε)
654 991 758 1047 Alii
779 992 843 1046 ad
874 991 1086 1047 metalla
1126 990 1461 1062 confugiunt,
1486 1001 1541 1045 et
1566 992 1688 1045 inde
1715 992 2013 1046 communi-

406 1097 620 1144 calores
640 1095 1003 1152 revertuntur,
1036 1084 1125 1140 ubi
1148 1085 1261 1155 jam
1289 1084 1435 1140 aliud
1465 1084 1779 1156 martyrium
1832 1100 2015 1140 neces-

406 1180 606 1236 sarium
635 1189 719 1234 est
748 1178 953 1235 delictis
994 1189 1114 1249 post
1154 1177 1466 1248 martyrium
1512 1177 1685 1231 novis.
1715 1175 1844 1243 Quis
1872 1177 2014 1231 enim

406 1269 462 1326 in
494 1271 648 1326 terris
675 1279 729 1327 et
758 1271 808 1325 in
839 1285 1002 1345 carne
1044 1271 1160 1325 sine
1204 1269 1399 1338 culpa?
1429 1268 1549 1339 quis
1590 1277 1792 1339 martyr
1835 1268 2014 1323 saeculi

405 1362 603 1430 incola,
637 1360 715 1435 (ιι)
747 1361 979 1418 denariis
1006 1359 1088 1435 (ι)
1128 1361 1374 1431 supplex,
1408 1359 1619 1416 medico
1657 1359 1919 1415 obnoxius
1961 1370 2018 1415 et

402 1445 753 1509 fmiwra’t0ri?
800 1449 872 1524 (e)
901 1452 1034 1508 Puta
1065 1466 1205 1506 nunc
1231 1452 1330 1506 sub
1371 1450 1547 1521 gladio
1582 1450 1691 1522 jam
1735 1451 1908 1521 capite
1935 1448 2015 1523 (2)

403 1547 618 1613 librato,
651 1547 862 1617 puta'in
889 1545 1130 1617 patibulo
1155 1544 1264 1615 jam
1304 1559 1532 1614 corpore
1579 1558 1818 1614 expanso
1840 1586 1855 1612 ,
1889 1556 2013 1614 puta

404 1640 458 1694 in
485 1640 663 1709 stipite
689 1637 756 1711 (Ι)
780 1638 893 1709 jam
919 1639 1075 1694 leone
1107 1636 1189 1709 (5)
1212 1651 1493 1702 concesso,
1523 1647 1645 1707 puta
1673 1637 1725 1691 in
1752 1654 1872 1705 axe,
1901 1638 2011 1708 jam

401 1730 653 1786 incendio
700 1718 976 1785 adstructo
1023 1727 1125 1804 (4),
1160 1730 1209 1783 iu
1260 1730 1404 1799 ipsa,
1439 1729 1582 1797 dico,
1632 1729 1915 1785 securitate
1960 1739 2015 1785 et

2122 533 2270 587 dibus
2297 533 2508 589 vestris?
2535 533 2658 603 quid
2690 533 2833 589 enim
2880 534 3084 605 facilius
3111 542 3184 589 est
3212 536 3377 590 dicere
3415 535 3730 609 paralytico,

2123 622 2460 679 Dimittuntur
2478 626 2565 680 tibi
2580 635 2806 697 peccata,
2828 643 2917 693 an,
2951 625 3430 698 Snrgeetambala?
3453 626 3646 699 Igitur,
3676 636 3737 681 ut

2119 716 2289 770 sciatis
2310 715 2354 770 F
2355 718 2501 772 ilium
2517 717 2734 772 hominis
2763 717 2945 772 habere
2971 717 3385 774 dimittendos-unt
3410 728 3737 789 peccatorum

2119 807 2173 862 in
2192 810 2338 863 terris
2366 819 2685 876 potestatem,
2716 809 2803 863 tibi
2833 809 2970 871 dico.
3003 809 3314 882 paralytice,
3345 810 3515 881 Surge
3537 820 3585 865 et
3612 826 3734 865 aus-

2121 903 2241 964 bula
2271 903 2484 974 (Matth.
2510 902 2603 966 IX.
2642 903 2698 968 II,
2731 906 2889 975 δαίμ).
2919 901 2975 960 Si
3007 903 3263 959 Dominus
3309 912 3515 958 tantum
3543 903 3613 959 de
3637 918 3763 973 por

2123 994 2328 1050 testalis
2354 1009 2464 1050 suae
2485 995 2804 1067 probatione
2833 997 3062 1062 curavit,
3094 995 3168 1050 uti
3204 995 3510 1051 traduceret
3526 996 3734 1066 cogita-

2123 1095 2205 1142 tus
2244 1096 2299 1142 et
2349 1087 2422 1141 ita
2463 1087 2754 1157 imperaret
2792 1088 3112 1153 sanitatem,
3145 1102 3213 1142 ne
3262 1102 3366 1142 non
3415 1085 3734 1143 crederetur

2119 1194 2279 1250 posse
2307 1178 2503 1235 delicta
2547 1178 2842 1244 dimittere,
2875 1193 2981 1235 non
3012 1180 3137 1235 licet
3188 1179 3314 1233 mihi
3345 1178 3589 1235 eamdem
3627 1194 3732 1251 po-

2121 1278 2369 1326 testatem
2392 1271 2443 1324 in
2471 1271 2652 1341 aliquo
2674 1270 2791 1327 sine
2815 1270 3021 1328 eisdem
3053 1270 3459 1342 probationibus
3479 1270 3728 1329 credere.

2119 1358 2252 1417 Cum
2285 1371 2463 1419 tamen
2504 1364 2730 1420 moechis
2766 1372 2822 1420 et
2858 1362 3269 1419 fornicator-ibus
3292 1379 3323 1419 a
3366 1368 3601 1436 martyre
3628 1379 3732 1419 ex-

2120 1455 2361 1524 postulas
2405 1457 2650 1524 veniam,
2696 1456 2810 1526 ipse
2859 1454 3133 1510 conﬁteris
3184 1454 3449 1526 ejusmodi
3500 1455 3729 1512 erimina

2120 1547 2331 1619 nonnisi
2360 1548 2578 1619 proprio
2600 1546 2858 1619 martyrio
2883 1545 3157 1612 diluenda,
3186 1547 3277 1615 qui
3300 1546 3579 1616 praesumis
3604 1545 3732 1602 alie-

2119 1654 2210 1694 no.
2234 1638 2386 1706 Quod
2437 1638 2479 1692 si
2510 1646 2611 1701 est,
2638 1637 2751 1707 jam
2774 1646 2829 1693 et
2856 1638 3172 1709 martyrium
3199 1637 3343 1692 aliud
3371 1641 3476 1692 erit
3529 1638 3732 1707 baptiso

2119 1748 2206 1788 nia
2268 1731 2445 1787 Habeo
2474 1730 2640 1798 enim,
2667 1730 2872 1802 inquit,
2902 1738 2946 1783 et
2971 1730 3113 1785 aliud
3146 1729 3399 1798 baptisma
3421 1728 3577 1801 (Luc.
3608 1727 3725 1792 XII,

327 1849 330 1852 ~
402 1823 745 1903 possessione
775 1822 1032 1894 martyrii,
1067 1822 1186 1893 quis
1242 1822 1502 1892 permittit
1553 1821 1755 1876 homini
1810 1821 2012 1878 donare
2043 1835 2088 1893 Β
2117 1825 2232 1896 50).
2267 1824 2421 1883 Unde
2449 1834 2506 1879 et
2528 1839 2595 1879 ex
2624 1823 2847 1878 vulnere
2874 1823 3058 1877 lateris
3081 1821 3342 1877 Dominici
3365 1837 3504 1891 aqua
3529 1829 3585 1877 et
3598 1835 3729 1875 san-

402 1932 522 1985 qua:
553 1914 663 1970 Deo
693 1915 1014 1970 reservanda
1042 1914 1204 1970 sunt?
1231 1929 1262 1969 a
1288 1929 1396 1985 quo
1421 1930 1483 1968 ea
1514 1914 1631 1969 sine
1656 1915 2009 1969 excusatione

400 2007 651 2062 dan‘inata
680 2013 832 2072 sunt;
863 2022 984 2076 quae
1012 2020 1109 2061 nec
1134 2004 1365 2075 apostoli
1386 2048 1400 2072 ,
1429 2004 1569 2075 quod
1601 2005 1790 2071 sciam,
1812 2015 2011 2076 marty-

401 2115 491 2155 res
516 2111 570 2156 et
595 2099 717 2170 ipsi,
765 2098 1033 2155 donabilia
1074 2099 1468 2169 judic-iverunt.
1520 2098 1759 2169 Denique
1803 2098 1912 2169 jam
1942 2100 2008 2153 ad

400 2193 604 2248 bestias
629 2192 1026 2265 depugnaverat
1054 2193 1250 2248 Paulus
1287 2191 1484 2261 Ephesi
1513 2190 1555 2264 (Ι
1578 2190 1697 2247 Cor.
1733 2191 1849 2254 XV,
1876 2192 1968 2264 52)
1991 2234 2005 2257 ,

400 2301 523 2342 cum
579 2286 849 2343 interitum
904 2287 1145 2343 decernit
1199 2288 1404 2341 incesto
1453 2283 1496 2358 (I
1525 2284 1646 2357 (ψ.
1681 2285 1744 2351 V,
1774 2288 1807 2341 ‘5
1845 2285 2005 2359 sqq.).

399 2377 644 2435 Sufﬁciat
673 2382 892 2451 martyri
921 2379 1129 2448 propria
1156 2378 1350 2435 delicta
1383 2393 1639 2449 purgasse
1693 2377 1792 2451 (g).
1813 2379 2009 2450 Ingrati

398 2470 487 2524 vel
539 2471 753 2541 superbi
802 2480 887 2526 est
937 2470 987 2524 in
1020 2470 1153 2524 alios
1190 2485 1402 2542 quoque
1449 2484 1701 2541 spargere
1728 2472 1870 2541 quod
1898 2471 2010 2542 ξι)Γο

398 2576 599 2632 magno
627 2562 782 2616 fuerit
806 2571 1144 2617 consecutus.
1196 2561 1328 2629 Quis
1373 2562 1603 2617 alienam
1636 2574 1863 2620 mortem
1910 2582 2005 2620 sua

336 2678 343 2683 ο
399 2656 582 2720 solvit,
608 2653 709 2708 nisi
736 2653 883 2708 solus
912 2653 1002 2709 Dei
1032 2652 1239 2711 Filius?
1272 2651 1403 2708 Nam
1442 2663 1497 2708 et
1526 2654 1576 2709 in
1619 2655 1732 2724 ipsa
1764 2657 2008 2726 passione

398 2745 644 2801 liberavit
673 2745 931 2801 latronem
955 2743 1106 2817 (Luc.
1139 2745 1330 2813 XXIII,
1360 2746 1478 2819 45).
1507 2747 1586 2802 Ad
1619 2748 1722 2803 hoc
1750 2749 1892 2805 enim
1920 2765 2007 2807 vc-

398 2846 574 2907 nerat,
606 2847 663 2894 ut
690 2839 803 2909 ipse
840 2854 869 2894 a
904 2838 1100 2894 delicto
1150 2854 1336 2909 purus,
1363 2852 1415 2894 ct
1442 2840 1621 2895 omnia
1665 2853 1880 2898 sanctus
1910 2858 2007 2914 pro

397 2930 769 3002 peccatoribus
794 2928 967 2986 obiret
1009 2930 1110 3004 (5).
1140 2930 1373 2987 Proinde
1393 2975 1406 2996 ,
1430 2933 1518 3004 qui
1561 2932 1709 2989 illum
1740 2937 2007 2993 aemularis

397 3020 650 3078 donando
671 3021 888 3086 delicta,
917 3023 962 3078 si
992 3023 1126 3078 nihil
1157 3025 1270 3093 ipse
1298 3024 1591 3095 deliquisti,
1632 3027 1786 3096 plane
1823 3037 2006 3099 patere

397 3132 499 3189 pro
529 3132 615 3172 me
643 3140 655 3173 :
687 3116 734 3171 si
763 3131 889 3172 vero
919 3128 1166 3187 peccator
1191 3133 1273 3184 es,
1307 3118 1578 3187 quomodo
1604 3120 1783 3177 oleum
1813 3121 2004 3179 facula:

2116 1920 2254 1990 guis,
2279 1919 2552 1988 utriusque
2579 1917 2774 1972 lavacri
2808 1924 3080 1985 paratum,
3110 1912 3548 1987 manavit(loan.
3578 1911 3727 1978 XIX,

2116 1994 2227 2083 δέ).
2264 2012 2441 2067 Debeo
2470 2026 2598 2079 ergo
2641 2019 2698 2065 et
2749 2008 2919 2078 primo
2950 2008 3168 2087 lavacro
3210 2006 3372 2060 alium
3398 2006 3655 2069 liberare,
3681 2004 3757 2081 si.

2117 2120 2330 2175 possum
2357 2103 2593 2159 secundo
2616 2099 2722 2175 (i),
2753 2102 3166 2173 ingeramusque
3191 2095 3270 2171 (6)
3318 2098 3370 2153 in
3401 2097 3579 2164 sinum
3626 2111 3727 2154 ne-

2114 2214 2265 2254 cesse
2293 2208 2394 2255 est.
2426 2197 2787 2267 Quaecumque
2828 2194 3154 2261 auctoritas,
3202 2206 3558 2264 quascumque
3588 2191 3730 2248 ratio

2116 2289 2328 2346 mmeho
2361 2299 2418 2346 et
2458 2288 2768 2345 fornicatori
2790 2285 3487 2364 Epﬂﬂﬂiﬂ
3524 2282 3723 2349 reddit,

2111 2384 2297 2440 eadem
2323 2382 2610 2440 debebitet
2634 2380 2917 2436 homicida:
2940 2389 2995 2435 et
3023 2377 3317 2434 idololatria
3348 2375 3729 2446 paenitentibus

2111 2477 2419 2541 subvenire,
2479 2484 2628 2531 certe
2679 2472 2942 2544 negatori,
2994 2481 3048 2527 et
3105 2471 3291 2541 utique
3338 2469 3415 2525 illi
3458 2483 3620 2540 quem
3671 2469 3724 2524 in

2113 2569 2298 2640 prmlio
2326 2567 2683 2631 confessionis
2706 2563 2993 2621 tormentis
3020 2563 3365 2619 colluctatum
3396 2560 3601 2617 satvitia
3626 2560 3723 2618 de-

2110 2660 2261 2732 jeeit.
2297 2661 2585 2725 Cteterum,
2616 2657 2888 2727 indignum
2922 2654 3032 2709 Deo
3058 2662 3113 2709 et
3140 2652 3284 2708 illius
3327 2650 3720 2720 misericordia,

2110 2756 2201 2827 qui
2233 2752 2603 2825 paenitentiam
2635 2750 2937 2822 peccatoris
2973 2748 3133 2803 morti
3178 2745 3473 2818 praevertit,
3505 2753 3568 2800 ut
3590 2744 3726 2801 faci.

2110 2851 2213 2906 lius
2239 2850 2291 2904 in
2321 2846 2616 2905 Ecelesiam
2642 2845 2889 2906 redeant.
2917 2844 3008 2914 qui
3036 2839 3301 2908 subsndo,
3325 2853 3489 2911 quam
3509 2838 3603 2910 qui
3639 2837 3724 2897 di-

2110 2941 2360 2998 micando
2414 2940 2744 2999 ceeiderunt.
2794 2936 2960 3007 Urget
3015 2950 3115 2990 nos
3159 2933 3341 2990 dicere
3408 2931 3719 3003 indignitas.

2109 3034 2480 3091 Containinata
2500 3032 2677 3103 potius
2693 3044 2919 3101 corpora
2938 3027 3217 3083 revocabis
3235 3040 3395 3097 quam
3419 3024 3720 3080 cruentata?

2108 3144 2228 3202 quae
2271 3126 2585 3199 poenitentia
2623 3123 3019 3191 miserabilior,
3042 3120 3327 3193 titillatam
3372 3126 3721 3189 prosternens
3769 3155 3825 3170 ρ-

397 3218 507 3271 tua:
530 3207 781 3265 sufﬁcere
806 3217 860 3263 et
884 3208 976 3264 tibl
1002 3219 1057 3266 et
1102 3210 1231 3266 mihi
1264 3211 1496 3280 poterit?
1524 3213 1606 3283 (hi
1639 3214 1820 3270 Habeo
1842 3217 2003 3272 etiam
2031 3221 2075 3285 C
2109 3237 2348 3287 carnem,
2377 3235 2443 3273 an
2471 3232 2605 3273 vero
2641 3216 2932 3270 lauiatam?
2956 3227 3078 3285 qum
3109 3211 3308 3283 justior
3331 3210 3485 3265 venia
3512 3210 3570 3264 in
3597 3223 3718 3269 om-

396 3316 544 3357 nunc
567 3316 671 3372 quo
691 3301 911 3372 probem
944 3301 1235 3358 Christum.
1264 3301 1321 3358 Si
1357 3312 1636 3374 prOpterea
1675 3306 1922 3364 Christus
1946 3311 1997 3364 in

396 3404 637 3465 martyre
655 3402 759 3461 est,
787 3405 847 3448 ut
872 3395 1115 3451 moechos
1141 3403 1195 3451 et
1219 3395 1570 3452 fornicatores
1597 3408 1799 3469 martyr
1822 3399 2001 3456 absol-

396 3496 508 3554 vat,
528 3486 737 3543 occulta
775 3486 953 3543 cordis
986 3488 1182 3555 edient,
1206 3497 1265 3543 ut
1304 3487 1376 3545 ita
1402 3487 1596 3544 delicta
1623 3491 1903 3559 concedat,
1945 3506 2000 3550 et

396 3577 646 3636 Christus
671 3585 789 3643 est;
811 3577 1055 3657 sic’enim
1088 3578 1348 3636 Dominus
1374 3578 1532 3636 Iesus
1556 3579 1798 3637 Christus
1825 3588 1999 3653 potes-

2107 3314 2267 3369 nibus
2286 3313 2512 3378 caussis,
2542 3325 2704 3381 quam
2732 3305 3086 3368 voluntarius.
3107 3319 3175 3359 an
3196 3318 3358 3374 quam
3381 3301 3581 3373 invitus
3601 3315 3719 3373 pec-

2105 3415 2257 3462 cator
2279 3402 2571 3474 implorat?
2600 3400 2772 3457 Nemo
2793 3400 2981 3455 volens
3008 3393 3587 3467 negarecompeliitnr,
3624 3406 3723 3451 ne-

2104 3512 2196 3553 mo
2224 3497 2413 3552 nolens
2438 3492 2731 3551 fornicatur
2762 3511 2774 3548 :
2808 3491 2948 3547 nulla
2973 3489 3039 3559 ad
3079 3487 3356 3545 libidinem
3380 3488 3460 3544 vis
3481 3495 3590 3571 est,
3614 3481 3718 3543 nisi

2103 3579 2256 3661 ipsa;
2284 3587 2455 3644 nescit
2501 3585 2643 3658 quod
2692 3585 2822 3642 libet
2864 3583 3005 3655 cogi.
3042 3580 3123 3655 (j)
3165 3580 3514 3653 Negationem
3560 3594 3721 3651 porro

1637 3694 2023 3761 LECTIONES
2060 3701 2476 3762 VARIANTES.

497 3813 545 3887 ὲ.)
574 3811 808 3887 Ροῑέἒΐίξε
828 3813 935 3887 9‘“-

497 3814 545 3880 ι)
574 3814 808 3887 Donariis
831 3814 858 3862 Ι

464 3814 541 4003 lii
575 3875 732 3989 9332i
755 3876 858 3990 iii:

398 4166 412 4195 '
475 4159 828 4237 (a)_N_ec_uui
860 4158 1020 4237 magis
1057 4154 1811 4237 aditumcarcerisQredimunt,
1844 4176 1998 4237 quam

400 4228 494 4308 Qui
511 4228 799 4308 argesten!
832 4228 1175 4308 ρενάζέάενιξηιο
1201 4228 1400 4308 ,Μειιυίι
1423 4229 1700 4308 Latinists.
1730 4228 1994 4308 Εεςέθδίρεν

401 4299 559 4362 inde
598 4299 853 4360 Ecclesia:
895 4300 1040 4355 aditu
1087 4301 1430 4369 intelligatur.
1460 4299 1764 4355 Pcrdidisse
1816 4300 1999 4356 Eccle-

399 4379 561 4444 siam,
591 4377 710 4431 sive
759 4372 1015 4429 Ecclesiae
1089 4371 1289 4425 aditum
1354 4371 1650 4444 dicuntur,
1725 4370 1854 4444 quin
1894 4372 1997 4427 Ec.

400 4441 566 4504 clesia
613 4454 736 4502 sunt
774 4445 965 4517 eiecti;
995 4453 1052 4497 ut
1087 4451 1304 4517 contra,
1344 4441 1498 4497 reddi
1531 4441 1768 4517 Ecclesia
1808 4441 2001 4517 dicitur

2205 3818 2255 3868 ti
2291 3818 2543 3868 Adstricto
2564 3812 2717 3867 Semt.
2746 3813 2911 3866 eam

2205 3819 2233 3867 4
2291 3818 2543 3868 Adstrieto
2564 3818 2717 3867 Semt.
2746 3818 2911 3866 Obert.

2176 3818 2255 4009 {Si
2289 3879 2534 3931 Obediret
2559 3875 2708 3930 Seml.
2738 3872 2935 3929 Oberth.

2198 3944 2229 3993 ϐ
2288 3943 2518 4006 Ingeram
2535 3953 2696 4005 usque
2719 3940 2824 3990 Lat.

2198 3940 2249 4006 ϐ)
2288 3943 2518 4006 Ingeram
2535 3953 2696 4005 usque
2719 3940 2824 3990 Lat.

1766 4044 2326 4105 COMMENTARIUS.

2102 4161 2265 4216 clesia
2312 4173 2497 4221 pacem
2531 4156 2786 4215 redimit!
2816 4156 2935 4213 th.

2177 4229 2252 4303 (d)
2284 4230 2523 4285 Denariis
2548 4229 2794 4303 suppiex,
2827 4225 3022 4282 medico
3050 4224 3296 4303 ohnoaius
3328 4232 3376 4278 et
3396 4222 3713 4303 fanei'atori.

2105 4294 2481 4373 Coniecturam
2520 4294 2951 4373 (prot'uli_,gquam_
2979 4297 3111 4351 tanti
3169 4294 3329 4363 facio,
3362 4296 3545 4366 quanti
3597 4311 3717 4353 esse

2105 4368 2565 4446 per-exemplaria
2593 4368 2881 4446 videbitur.
2916 4368 3040 4446 lito.

2179 4444 2252 4517 (e)
2286 4434 2419 4517 Puta
2446 4458 2582 4517 nunc
2606 4434 2697 4496 sub
2723 4441 2921 4517 gladio.
2942 4439 3104 4505 Quasi
3133 4436 3335 4495 diceret
3364 4453 3378 4490 :
3406 4436 3603 4493 Demus
3625 4452 3719 4517 au-

401 4521 596 4592 quibus
621 4509 916 4592 redduntur
940 4515 1060 4586 jura
1089 4514 1234 4586 pacis
1264 4514 1377 4567 sive
1406 4515 1799 4568 communionis
1827 4516 2000 4569 eccle—
2026 4521 2079 4587 1)
2107 4509 2215 4592 terit
2232 4509 2368 4592 istos
2392 4514 2459 4570 de
2479 4514 2670 4585 quibus
2694 4509 2855 4592 supra
2873 4512 3071 4567 dictum
3092 4518 3196 4573 est,
3221 4522 3378 4564 veros
3406 4522 3529 4565 esse
3558 4517 3613 4565 et
3633 4509 3720 4565 in-

402 4589 658 4648 sissticaa.
688 4589 808 4647 th.
1549 4636 1551 4642 λ

475 4662 553 4739 (b)
591 4658 996 4739 Yiolantunviri
1037 4655 1354 4739 uelamina:
1389 4654 1444 4707 in
1480 4654 1720 4739 tenebris.
1768 4655 1899 4722 Quae
1947 4656 2014 4709 ab

404 4727 638 4789 ethnicis
663 4732 790 4786 olim
818 4729 1077 4784 adversus
1105 4727 1441 4779 Christianus
1472 4728 1836 4794 iactabantur,
1869 4737 2013 4780 atro-

401 4806 550 4861 ciora
579 4818 684 4857 non
713 4811 864 4859 erant
892 4799 1008 4855 istis
1035 4814 1153 4869 quae
1175 4796 1466 4867 Septimius
1492 4796 1765 4867 Psyehicis
1796 4799 1907 4854 suis
1928 4798 2011 4853 in-

404 4875 777 4948 ﬂigit-litem
944 4941 972 4948 ..
1153 4939 1252 4948 ..
1687 4940 1697 4948 .
1812 4939 1825 4948 .
1952 4882 1961 4889 ‘

482 4939 686 5018 (e)-Alii
711 4943 777 5018 ad
798 4941 1005 5018 metalla
1047 4939 1363 5018 confugiunt.
1399 4939 1533 5018 Alii,
1557 4940 1742 5018 inquit.
1776 4939 1846 4994 ob
1872 4954 2008 5018 Inte-

401 5011 580 5075 chiaiu
611 5025 701 5069 aut
728 5012 1132 5070 fornicationem
1175 5011 1353 5080 ejecti,
1387 5011 1619 5067 ethnicis
1642 5014 2007 5082 procuratori-

406 5090 506 5146 bus
531 5087 867 5141 metallorum
893 5084 1175 5152 corruptis,
1211 5082 1276 5136 ad
1312 5083 1524 5137 metalla
1557 5083 1871 5150 corifngiunt
1899 5124 1912 5148 ,
1947 5098 2010 5136 ac

401 5176 504 5232 pro
519 5158 714 5214 Christi
736 5157 950 5232 nomine
961 5164 1137 5225 raptos
1151 5153 1217 5209 ad
1230 5170 1289 5208 ea
1314 5168 1371 5208 se
1390 5155 1553 5232 fuisse
1574 5154 1851 5232 simulant:
1871 5153 2010 5232 unde

403 5226 555 5296 inor,
587 5238 836 5298 tauquam
878 5226 1166 5296 degustato
1203 5228 1494 5298 martyrio.
1520 5226 1588 5298 ad
1632 5226 2009 5279 ecclesiasticae

404 5296 802 5367 communionis
831 5312 1015 5367 pacem
1048 5296 1412 5351 revertuntur.
1441 5296 1571 5351 Inde
1612 5306 1789 5350 autem
1822 5311 2006 5367 rever-

403 5366 589 5429 tuntur
616 5371 701 5425 ubi
729 5365 844 5439 jam”
865 5368 1009 5423 aliud
1052 5368 1365 5440 martyrium
1412 5367 1770 5440 necessarium
1805 5376 1908 5440 est,
1940 5365 2009 5421 ob

402 5459 466 5500 ea
503 5436 751 5497 nimirum
780 5440 971 5496 delicta
1003 5455 1121 5511 qum
1159 5436 1284 5493 dum
1313 5439 1453 5508 apud
1492 5436 1705 5492 metalla
1747 5453 1842 5511 per
1870 5436 2009 5491 frau-

402 5517 525 5569 dem
559 5512 752 5567 illicitm
781 5508 1040 5582 pactionis
1070 5519 1297 5582 agerent
1319 5549 1334 5575 ,
1366 5511 1532 5563 forma
1567 5508 1864 5582 negationis
1902 5524 2007 5582 non

400 5584 673 5642 levissima
694 5580 1025 5639 contraxere.
1051 5580 1181 5649 Quis
1197 5581 1419 5652 martyr!
1449 5581 1498 5635 in
1524 5580 1722 5652 smculo
1744 5593 1908 5649 agens
1917 5580 2010 5652 _inf

401 5666 488 5713 ter
514 5654 789 5721 ethnicos,
816 5655 1072 5708 damnatis
1111 5650 1366 5723 supplex,
1408 5665 1603 5723 nempe
1635 5650 2006 5723 hostibusDei

401 5736 459 5785 et
484 5726 697 5793 Christi,
729 5720 920 5783 "tarcho
946 5720 1191 5780 obnoxius
1212 5720 1258 5776 et
1286 5722 1602 5794 fornicatori,
1637 5722 1742 5794 hoc
1767 5729 1871 5783 est,
1891 5720 2007 5794 ido-

402 5799 579 5858 Iorum
608 5791 921 5863 cultoribus,
954 5797 1039 5854 vel
1069 5795 1256 5850 iisdem
1285 5791 1497 5863 quoque
1529 5809 1586 5846 re
1608 5863 1613 5864 ί
1635 5793 1748 5864 ipsa
1779 5791 2005 5864 mmqhis

408 5882 461 5937 ct
481 5860 916 5941 l'tu'nicatoribns,
940 5884 969 5925 a
999 5867 1193 5945 quibus
1214 5860 1391 5924 tamen
1415 5860 1572 5921 suam
1606 5860 1719 5937 ipse
1749 5876 1871 5920 cum
1898 5860 2000 5921 Ec-

2117 4587 2391 4643 dnbilatos
2422 4583 2705 4656 martyres.
2736 4583 2856 4640 Rw.

2192 4657 2264 4729 (I‘)
2296 4658 2419 4729 Jatn
2440 4650 2581 4710 tcoué
2601 4670 2858 4729 confesso.
2888 4653 3046 4729 Circo
3072 4652 3322 4729 videlicet
3348 4650 3721 4729 con‘clatnante

2117 4721 2419 4786 Christianis
2446 4729 2658 4782 leonem.
2688 4727 2776 4781 Sic
2799 4726 2890 4789 lib.
2915 4725 2983 4779 de
3004 4722 3336 4794 Spectaculis
3364 4740 3378 4776 :
3406 4721 3526 4776 Illic
3546 4722 3599 4778 in
3628 4738 3719 4779 nos

2116 4800 2400 4871 quotidiani
2420 4799 2593 4871 ‘lrones
2614 4795 3021 4871 expostulantur.
3036 4869 3043 4871 _
3058 4796 3176 4871 lito.

2188 4870 2262 4944 (ς)
2306 4868 2540 4940 Sufﬁciat
2584 4862 2814 4944 ιιιηὲιρμὶ2
2846 4876 2955 4944 etc.
3013 4869 3125 4944 _Aut
3154 4865 3397 4944 loquitur
3424 4862 3722 4944 de_niarty-

2116 4934 2263 4998 rilnis
2289 4934 2508 5012 qui"suo
2531 4934 2786 5012 martyrio
2800 4939 3226 5012 baptizabantur,
3253 4944 3343 4990 aut
3385 4934 3630 5012 intelligit
3651 4934 3721 4991 de

2114 5005 2417 5067 omnimodo
2448 5005 2763 5084 purgatione
2791 5005 3108 5084 delictormu
3136 5023 3326 5084 quam_
3340 5005 3469 5084 solis
3517 5005 3721 5084 marty-

2114 5086 2262 5139 ribus
2285 5096 2394 5138 tmn
2424 5076 2535 5153 ipse
2550 5076 2663 5137 ῖιοιι
2690 5081 2879 5153 semel,
2912 5096 3097 5149 supra.
3116 5076 3255 5153 tum
3283 5078 3349 5153 _B.
3378 5076 3729 5153 Cyprianus,

2111 5153 2347 5224 Epistola
2390 5146 2462 5210 δέ
2485 5195 2499 5214 .
2552 5153 2618 5208 ad
2664 5146 3021 5208 Antonianum
3043 5147 3317 5224 adscribit
3343 5189 3360 5216 ,
3392 5146 3472 5203 ita
3504 5155 3564 5202 ut
3586 5146 3722 5205 nihil

2112 5219 2284 5295 restet
2314 5238 2433 5295 post
2461 5225 2597 5280 hanc
2625 5225 2785 5279 vitam
2819 5220 3175 5295 purgandum.
3217 5219 3356 5295 Pan:

2187 5287 2468 5369 (b)'l'1abe0
2496 5294 2630 5350 nunc
2655 5311 2754 5369 quo
2792 5287 2997 5369 propera
3028 5292 3306 5348 Christum.
3335 5289 3473 5369 IIoc__
3492 5287 3721 5369 es_l,ha-

2112 5359 2213 5423 beo
2244 5359 2385 5423 inme
2425 5384 2530 5438 quo
2571 5359 2802 5438 probem
2842 5362 3113 5421 Christum
3161 5372 3378 5434 peccata
3422 5359 3718 5429 dimittere,

2111 5455 2218 5493 non
2252 5437 2562 5510 martyrem.
2597 5437 2758 5510 IIIo,
2880 5507 2890 5510 Α
3204 5500 3209 5503 ,
3432 5500 3454 5510 ,
3569 5501 3582 5510 ,
3634 5496 3639 5505 .

2187 5500 2700 5584 (ἱ)ᾲ1η9’ρναηιιιδιιιιε
2744 5509 2797 5561 in
2846 5507 3017 5584 sinunt
3069 5500 3266 5584 necesse
3308 5500 3491 5584 etiam
3525 5500 3725 5584 -εἰῃὶιω

2110 5566 2510 5655 Psyehicoi‘um,
2546 5566 2628 5639 ιη’
2652 5593 2840 5634 eorum
2868 5574 3259 5634 contumaciam
3307 5566 3719 5701 coniungam.

3552 5658 3627 5700 to.
3676 5688 3681 5699 .
3716 5688 3719 5697 .

3552 5658 3627 5700 ιθ.
3676 5688 3681 5699 .
3716 5686 3735 5697 .,

2184 5723 2265 5795 (j)
2298 5721 2645 5801 Negationeut
2663 5717 2815 5791 porro
2840 5728 3033 5801 quanta
3053 5716 3365 5801 compellpnt
3385 5758 3400 5782 ,
3428 5722 3538 5801 etc.
3582 5708 3745 5801 Quid:

2110 5785 2233 5848 Ιιοὸ⁷
2248 5785 2810 5849 ’ρει⁸2⁷1ἰιιτιιίρειιὶὸιιθιιι
2832 5785 3148 5858 idololatria
3173 5785 3449 5860 iuniorem
3493 5785 3678 5860 facere
3701 5787 3724 5840 1’

2112 5874 2299 5959 πορεία
2325 5863 2538 5941 quidem
2579 5855 2855 5939 peccatum
2894 5871 2976 5921 est
3019 5871 3073 5919 et
3102 5855 3366 5935 grave'et
3416 5855 3643 5925 lethale;
3668 5866 3723 5917 at
