4006 6280
339 340 479 398 1055

1670 336 2013 433 ΑΡΡΕΝΒΙΧ
2054 337 2280 396 PRIMA.

3472 341 3641 421 _tost

340 455 624 525 poeticam.
647 451 779 507 Nam
805 494 820 519 ,
848 453 893 510 si
921 455 1024 510 ulla
1051 454 1239 510 fuisset
1260 496 1274 519 ,
1304 468 1366 508 ea
1397 450 1578 524 ntiqn'e
1606 453 1674 508 de
1702 453 1935 521 reliqna-
1965 456 2009 514 Λ
2041 454 2108 507 de
2124 453 2373 508 secunda:
2390 453 2765 511 emendatione
2784 462 2839 510 et
2854 455 3271 526 amplificatione
3287 458 3636 528 compositam

338 562 456 601 rum
492 544 800 601 conditione
842 544 1153 615 excipienda
1195 545 1386 609 fuerat,
1412 560 1568 614 quam
1600 544 1722 615 styli
1754 544 1931 598 divor-

340 640 468 694 sitas
491 640 560 694 ab
587 639 732 694 omni
770 640 1090 695 confusione
1119 637 1436 693 vindicabat.
1488 637 1622 691 lllnd
1649 639 1804 691 etiam
1838 638 1937 689 Oll-

339 731 685 797 servandum,
709 733 850 802 quod
882 732 1107 800 primam
1132 731 1274 785 illam
1305 728 1551 787 ftetnram
1578 746 1636 785 se
1658 729 1939 785 rescidisse

338 826 412 880 ait
439 823 763 893 Septimius,
814 839 917 880 nec
960 826 1012 878 in
1044 825 1232 895 vulgus
1279 825 1463 879 exisse
1503 838 1620 877 cam
1667 823 1937 892 queritur;

340 925 398 971 nt
422 915 533 986 jam
573 913 831 971 credibile
859 931 966 969 non
1008 916 1079 970 sit
1129 916 1245 983 ejus
1286 913 1613 983 superfuisse
1653 914 1935 983 quicquam

339 1015 537 1078 praeter
557 1020 619 1061 ea
643 1022 761 1077 qua:
786 1007 974 1076 ipsein
1001 1006 1289 1062 secundam
1314 1007 1608 1077 pleniorem
1631 1004 1934 1059 transfudit.

340 1098 718 1154 Transfudisse
750 1107 931 1155 autem
964 1100 1168 1171 poetica
1217 1100 1262 1154 si
1315 1099 1612 1165 credimus,
1648 1100 1747 1153 Iroc
1774 1100 1937 1153 etiam

339 1194 599 1247 fateamur
637 1206 858 1248 necesse
886 1198 969 1247 est
997 1188 1076 1245 sic
1102 1190 1382 1261 disiectum
1410 1190 1578 1246 fuisse
1614 1201 1842 1260 poetam,
1877 1200 1937 1245 ut

332 1285 443 1358 jam
466 1284 705 1340 membra
752 1285 872 1356 ejus
923 1284 1149 1349 inveniri
1196 1293 1465 1356 nequeant
1518 1285 1667 1350 ulla;
1710 1285 1855 1349 imo,
1889 1283 1937 1338 si

337 1376 464 1447 quid
492 1377 756 1447 poeticum
786 1378 835 1431 in
863 1377 1137 1447 prmelaris
1163 1378 1279 1431 istis
1300 1375 1752 1447 disputationibus
1781 1383 1935 1429 nota-

338 1467 480 1523 bitur
502 1510 518 1535 ,
548 1469 722 1539 qualis
747 1483 809 1523 ea
855 1467 992 1523 forte
1034 1467 1184 1523 Ponti
1217 1510 1232 1535 ,
1265 1483 1384 1538 qua:
1426 1466 1797 1538 prtel‘atiunem
1845 1481 1935 1521 se-

336 1560 550 1628 quitur,
583 1559 874 1629 descriptio
899 1602 917 1626 ,
944 1559 1059 1629 ejus
1097 1560 1377 1626 vestigium
1426 1560 1476 1613 in
1526 1559 1651 1613 totis
1701 1559 1936 1628 quinque

336 1648 640 1704 Carminum
667 1649 815 1705 libris
836 1665 941 1706 non
964 1662 1204 1721 apparet.
1229 1651 1529 1715 Postremo,
1552 1648 1694 1719 quod
1717 1663 1932 1702 onmem

336 1739 536 1796 adimat
584 1741 1016 1807 dubitationem,
1075 1743 1119 1797 si
1175 1744 1344 1813 prima
1397 1741 1587 1797 fmtura
1644 1756 1829 1796 versus
1880 1740 1930 1795 in

2042 547 2332 615 Septimius
2365 547 2664 618 profitetur.
2697 548 2801 627 ‘Sie
2843 550 3001 619 igitur
3044 548 3372 605 absolvimus
3398 568 3412 604 :
3438 550 3639 607 Versus

2044 641 2174 693 istos
2249 640 2661 711 qualescumque
2715 641 3023 695 Tertulliani
3089 642 3305 698 nomine
3374 640 3538 695 fuisse
3602 656 3632 694 a

2044 730 2325 797 Fabricio,
2382 734 2492 788 εοιςι
2561 734 2908 803 manuscripti
2974 733 3172 788 codicis
3237 734 3420 789 nescio
3484 734 3647 802 cujus

2041 826 2357 880 auctoritate
2384 826 2615 881 adducto
2639 870 2652 893 ,
2697 828 3000 896 inscriptos.
3043 826 3195 895 Quod
3243 841 3400 897 qnam
3431 824 3544 881 leve
3573 840 3638 882 ac

2041 914 2286 970 frivdlum
2337 917 2519 972 haberi
2570 918 2798 982 debeat,
2850 919 3143 987 praesertim
3199 932 3320 972 cum
3367 918 3634 972 neminem

2041 1005 2240 1063 codicis
2258 1006 2398 1061 illius
2424 1018 2667 1062 notorem
2690 1009 2819 1063 satis
2844 1009 3089 1063 idoneum
3110 1008 3386 1065 Fabricius
3406 1008 3634 1076 dederit,

2040 1098 2219 1152 sciunt
2265 1096 2569 1165 ltujusmodi
2626 1113 2803 1154 rerum
2860 1101 3011 1170 periti
3043 1143 3057 1166 ,
3113 1116 3340 1169 quorum
3391 1098 3638 1155 manibus

2042 1197 2251 1243 versata
2280 1188 2642 1258 (ιυωεὶιίεείεηί
2674 1191 2909 1245 auctoris
2935 1191 3260 1260 exemplaria
3292 1200 3471 1247 vetera
3503 1189 3634 1245 nihil

2041 1278 2306 1351 poeticum
2349 1282 2741 1336 renuntiavere.
2790 1282 2893 1336 Sed
2926 1297 3023 1337 nec
3050 1291 3289 1338 veterum
3315 1284 3634 1352 scriptorum

2039 1370 2318 1440 quisquam
2348 1371 2486 1425 inter
2518 1380 2700 1439 poetas
2740 1370 3065 1426 christianos
3089 1372 3474 1429 Tertullianum
3504 1388 3635 1427 «on-

2040 1465 2358 1519 numeravit.
2389 1463 2804 1530 CmternmJncc
2832 1476 3097 1535 poemata,
3122 1465 3367 1535 quamvis
3389 1464 3637 1535 inmqnali

2039 1555 2403 1611 rersilicatore
2434 1557 2572 1611 male
2596 1557 2820 1627 depexa,
2854 1575 2956 1611 non
2988 1557 3122 1613 adeo
3150 1560 3471 1628 spernimus,
3502 1564 3559 1613 ut
3583 1558 3634 1614 in

2039 1647 2104 1701 iis
2140 1662 2260 1703 esse
2299 1648 2422 1703 boni
2459 1649 2657 1717 aliquid
2698 1664 2958 1719 negemus
2990 1666 3003 1703 :
3038 1650 3145 1704 imo
3195 1650 3459 1720 plerisque
3504 1649 3636 1704 lueis

2040 1739 2237 1794 utiliter
2284 1756 2405 1794 eum
2465 1740 2807 1809 Septimianis
2861 1740 3218 1797 Marcionibus
3268 1742 3526 1797 cunnnitti
3581 1752 3637 1797 et

335 1832 657 1891 Marciunem
680 1835 813 1890 fudit
839 1836 1164 1906 Septimius,
1188 1852 1305 1891 eam
1337 1852 1456 1891 cum
1481 1835 1717 1901 rescidit,
1745 1850 1934 1890 versus
1962 1842 2010 1907 Β
2038 1834 2285 1903 componi
2315 1832 2662 1888 affirmamus.
2702 1835 2885 1905 Itaque
2924 1844 2977 1891 et
3014 1835 3099 1890 hic
3134 1836 3369 1905 conspici
3406 1836 3637 1905 patimur

335 1928 451 1999 ipse
487 1940 617 1983 suos
660 1928 1054 1997 pessumdedit;
1084 1939 1138 1983 et
1168 1928 1361 1983 frustra
1392 1928 1700 1998 quzrrimus.
1731 1925 1934 1982 Secun-

334 2020 455 2075 dam
489 2035 617 2075 vero
657 2035 762 2074 non
792 2017 959 2076 fuisse
989 2021 1253 2091 poeticam
1281 2019 1435 2075 tertia
1465 2018 1550 2076 de.
1570 2018 1736 2085 Iurat,
1764 2032 1934 2089 quam

2040 1936 2288 1995 tanquam
2360 1925 2705 1995 appendices.
2778 1930 2847 1981 At
2911 1928 3031 1997 quia
3095 1937 3299 1983 certum
3368 1927 3635 1984 nescimus

2036 2025 2340 2083 auctorem,
2365 2016 2553 2073 danms
2580 2033 2775 2073 nomen
2810 2018 3027 2075 Incerti.
3072 2019 3172 2075 En.
3206 2018 3411 2075 Vener.

1385 2315 1857 2425 LIBER
1919 2229 2345 2423 PBLM
2360 2313 2585 2422 US.

1554 2558 1698 2631 DE
1758 2557 1973 2630 DEO
2032 2557 2409 2630 UNICO.

336 2760 583 2845 Adjecit
623 2764 798 2827 istud
838 2763 1051 2837 titulo,
1094 2762 1294 2826 brevis
1333 2762 1539 2824 instar
1572 2758 1946 2838 argumenti,
1994 2757 2189 2820 sicuti
2227 2759 2410 2820 etiam
2451 2759 2647 2839 primi
2691 2758 2844 2820 libri
2887 2758 3184 2821 adversus
3216 2760 3629 2834 Marcionem,

415 2863 896 2946 Pamelius,.qui
938 2865 1109 2928 solus
1153 2873 1349 2927 totum
1377 2863 1562 2927 hocce
1606 2878 1851 2922 carmen
1902 2859 2254 2929 adnotavit,
2290 2859 2596 2940 opuscula
2624 2862 2753 2924 ista
2793 2863 3052 2924 metrica
3093 2863 3491 2926 Tertulliano
3520 2883 3632 2926 nec

313 2981 322 2989 '
414 2963 836 3047 abjudicanda
866 2964 1274 3028 existimavit.

3038 2958 3202 3023 Enn.

333 3174 693 3215 ARGUHENTUM
740 3176 880 3217 nam
918 3175 1091 3224 ratur,
1134 3175 1204 3214 ex
1258 3172 1373 3213 IPSO
1411 3168 1815 3222 TERTULLIANO,
1858 3169 1925 3208 an
1951 3152 1996 3215 C
2103 3153 2271 3223 persit
2291 3152 2429 3222 quod
2455 3152 2830 3209 emendatione
2853 3153 3102 3224 indigeat.
3133 3155 3191 3211 In
3222 3171 3326 3226 quo
3348 3171 3448 3213 nos
3466 3157 3624 3214 eti.un

784 3268 919 3308 LIBRI
958 3268 1134 3315 QUINTI
1174 3264 1474 3306 AUSPICIUH.

333 3386 544 3444 Primus
586 3388 689 3443 erit
730 3386 970 3444 referens
1010 3386 1205 3442 inimici
1245 3403 1311 3443 ex
1347 3387 1533 3443 ordine
1561 3382 1743 3451 verba,

328 3479 461 3549 Quae
502 3479 683 3552 refuga
724 3476 905 3536 lllicite
935 3480 1148 3535 molitus
1176 3479 1391 3551 protulit
1419 3492 1637 3546 amens;

328 3571 465 3629 Hinc
489 3573 647 3629 etiam
677 3572 854 3628 carnis
874 3586 996 3642 spes
1020 3582 1072 3628 et
1096 3571 1311 3628 victoria
1342 3571 1558 3637 Christi,

326 3665 397 3724 Et
421 3668 631 3740 specus
668 3667 901 3725 breviter
930 3666 1178 3722 falsarum
1220 3667 1358 3723 dicta
1405 3669 1629 3723 viarum.

324 3788 587 3858 Craterum
606 3798 770 3856 libros
793 3800 891 3856 Iros
906 3800 1140 3872 quinque
1155 3802 1242 3873 qui
1267 3801 1469 3872 primus
1487 3803 1625 3857 inter
1644 3811 1919 3873 poetarum

395 3899 637 3947 veterum
668 3891 1152 3948 ecclosiasticorum
1174 3907 1336 3963 opera
1362 3893 1649 3948 christiana
1672 3894 1723 3947 in
1747 3894 1917 3948 lucem

394 3983 559 4040 edidit
605 3983 868 4055 Georgius
899 3984 1169 4040 Fabricius
1194 4025 1208 4049 ,
1235 3998 1329 4039 eos
1366 3999 1485 4039 esse
1524 3985 1794 4039 existimat
1837 3986 1917 4054 (in

392 4090 500 4148 quo
518 4083 570 4132 et
588 4090 687 4148 ego
717 4091 821 4131 non
858 4076 1137 4147 dissentio)
1162 4090 1387 4144 quorum
1425 4072 1550 4129 facit
1589 4076 1917 4131 mentionem

362 4156 756 4223 'Tertullianns
781 4168 930 4222 initio
970 4168 1089 4223 libri
1119 4167 1273 4237 primi
1301 4165 1561 4222 adversus
1594 4165 1914 4236 Marcianum

393 4260 449 4315 in
490 4259 605 4316 haec
664 4261 887 4316 verba:
936 4260 997 4316 Si
1043 4261 1166 4330 quid
1219 4270 1353 4313 retro
1402 4269 1595 4331 gestum
1648 4271 1719 4314 est
1772 4262 1917 4316 nobis

391 4366 657 4408 sovensns
717 4353 1075 4419 MARCIONEI,
1121 4357 1238 4424 jam
1301 4353 1418 4407 hinc
1466 4353 1664 4408 viderit.
1715 4353 1915 4409 Novam

389 4460 496 4500 rem
520 4444 845 4517 adgredimur
871 4463 933 4500 ca:
961 4455 1137 4499 vetere.
1168 4442 1397 4499 Priorum
1442 4446 1738 4518 opusculum
1768 4448 1914 4517 quasi

390 4550 739 4609 properatum,
763 4539 986 4609 pleniore
1011 4548 1185 4609 postea
1206 4538 1569 4608 compositione
1586 4539 1909 4593 resciderant.
1936 4543 1991 4602 D

391 4630 542 4686 Hanc
565 4646 763 4702 quoque
800 4630 1022 4685 nondum
1052 4631 1376 4703 exemplariis
1400 4630 1664 4709 suffectum
1685 4674 1698 4697 ,
1729 4632 1912 4700 fraude

360 4734 507 4780 tunc
542 4724 720 4797 fratris
754 4724 937 4779 dehinc
976 4735 1224 4793 apostrth
1282 4725 1463 4792 amisi;
1518 4725 1605 4795 qni
1645 4728 1773 4797 forte
1820 4726 1908 4780 de-

384 4820 657 4889 scripserat
676 4819 913 4889 quautam
933 4819 1336 4883 mendosissime,
1358 4829 1405 4873 et
1431 4819 1652 4874 exhibuit
1679 4822 1910 4889 frequen-

385 4912 488 4967 tiar.
510 4911 663 4981 Quod
694 4911 865 4981 ipsum
891 4910 959 4967 de
990 4910 1089 4965 hoc
1109 4924 1274 4981 opere
1296 4911 1629 4967 verissimum
1658 4926 1777 4966 cum
1807 4911 1909 4965 Fa-

384 5001 555 5059 bricio
582 5004 873 5068 confiteor;
905 5003 994 5073 qui
1018 5003 1380 5073 conqueritur,
1404 5011 1535 5074 quot
1562 5017 1697 5074 pene
1723 5003 1906 5069 verba,

385 5104 465 5150 tot
491 5095 657 5153 fuisse
683 5096 900 5162 menda,
918 5104 1050 5167 quot
1073 5110 1275 5162 versus,
1300 5106 1374 5150 tot
1392 5096 1648 5169 maculas,
1676 5096 1902 5161 addens,

381 5200 703 5261 quamquam
720 5188 974 5259 plurimos
990 5202 1205 5243 errores
1223 5187 1491 5242 sustulerit
1509 5203 1539 5243 e
1554 5188 1788 5257 vestigiis
1809 5203 1907 5242 an-

384 5280 542 5351 tiquae
568 5279 874 5350 scriptionis
913 5279 1085 5351 (vides
1112 5278 1277 5334 fuisse
1317 5279 1385 5332 illi
1439 5277 1546 5334 MS.
1571 5278 1846 5349 exemplar
1873 5294 1903 5341 a

380 5372 586 5430 Joanne
617 5372 853 5457 I_Ieroldo
878 5387 1058 5428 secum
1086 5371 1580 5441 communicatum),
1625 5378 1803 5426 tmuen
1847 5374 1900 5426 in

381 5467 644 5539 reliquiis,
669 5467 860 5537 inquit,
905 5466 1074 5523 lector
1099 5463 1298 5519 videbit
1323 5471 1580 5532 quantum
1613 5464 1786 5519 adhuc
1811 5481 1900 5523 su-

2018 3248 2037 3257 ’
2101 3247 2301 3319 aliquid
2321 3258 2542 3303 conatos
2566 3264 2628 3303 ex
2647 3248 3077 3305 adnotationibus
3104 3252 3299 3307 nostris
3326 3251 3627 3322 deprehen-

2103 3342 2195 3398 det
2216 3343 2403 3407 lector,
2434 3351 2487 3397 et
2516 3358 2729 3397 eramus
2767 3342 3063 3411 plusculum
3093 3344 3292 3415 aliquid
3316 3344 3503 3400 facturi
3525 3386 3540 3408 .
3578 3346 3621 3402 si

2098 3434 2164 3489 ad
2193 3451 2405 3490 manum
2437 3435 2624 3491 fuisset
2654 3436 2825 3491 codex
2854 3437 3046 3507 aliquis
3073 3435 3180 3493 MS.
3218 3437 3378 3493 Addit
3425 3438 3563 3494 idem
3604 3457 3619 3493 :

2104 3546 2122 3580 ι
2161 3527 2472 3583 Tertulliani
2527 3527 2629 3584 hoc
2686 3545 2820 3598 opus
2869 3528 3237 3599 imperfectum
3297 3544 3451 3596 esse,
3505 3545 3623 3586 rem

2095 3620 2390 3678 declarare.
2438 3621 2571 3677 Nam
2613 3622 2870 3692 impetum
2902 3639 3094 3689 suum,
3133 3623 3342 3694 inquit,
3382 3633 3620 3690 secutus,

2095 3715 2268 3771 donec
2297 3717 2687 3771 emendationis
2714 3726 2923 3787 tempus
2958 3717 3196 3785 daretur,
3229 3718 3393 3772 multa
3433 3727 3621 3775 contra

2096 3818 2359 3876 praecepta
2402 3808 2621 3863 metrica
2655 3808 2779 3863 fecit
2804 3825 2818 3874 ;
2846 3810 3290 3881 quorumaliqua
3320 3812 3621 3866 excusatio-
3698 3828 3704 3834 ·

2095 3915 2218 3955 nem
2266 3902 2521 3972 temporis
2581 3901 2817 3967 habent,
2865 3902 3040 3972 aliqua
3099 3912 3324 3972 possunt
3372 3904 3615 3957 excusari

2091 3993 2563 4062 grannuatieorum
2589 3992 2771 4062 figuris
2795 4009 2807 4055 ;
2837 3992 3009 4062 aliqua
3033 3992 3355 4048 festinationi
3380 3995 3619 4050 aucturis

2096 4084 2375 4141 tribuenda
2422 4093 2541 4140 sunt
2574 4126 2589 4148 ,
2621 4085 2717 4156 qni
2759 4087 3070 4157 cogitaverit
3097 4101 3233 4155 Opus
3266 4102 3423 4142 suum
3466 4090 3618 4158 quasi

2090 4176 2415 4232 delineatum
2470 4177 2571 4231 sub
2628 4176 2904 4243 incudem,
2946 4189 3004 4232 ut
3076 4177 3292 4247 dicitur,
3333 4193 3611 4235 revocare.

2090 4269 2275 4339 Qualia
2304 4279 2428 4325 sunt
2451 4270 2591 4340 quod
2617 4286 2876 4326 cursuram
2900 4271 3128 4327 libenter
3157 4272 3299 4340 facit,
3324 4272 3449 4327 item
3472 4274 3611 4343 quod

2092 4362 2380 4419 ablativum
2412 4365 2593 4433 prima:
2629 4364 3001 4419 declinationis
3027 4364 3282 4435 corripit,
3316 4365 3441 4420 item
3473 4366 3612 4435 quod

2090 4454 2459 4515 collisionibus
2489 4471 2593 4512 non
2627 4457 2834 4510 usitatis
2865 4455 3118 4526 indulget.
3155 4455 3399 4525 Imitandi
3435 4458 3613 4526 itaque

2089 4546 2254 4616 gratia
2298 4562 2401 4602 non
2432 4554 2799 4615 proponuntur
2835 4545 2950 4599 hme
2994 4545 3229 4599 carmina
3257 4585 3272 4611 ,
3309 4545 3402 4599 sed
3444 4561 3611 4615 agno-

2085 4637 2267 4691 scendi
2296 4648 2513 4707 propter
2535 4638 2807 4707 pietatem,
2836 4652 2952 4706 qua:
2983 4635 3035 4689 in
3065 4635 3166 4689 isto
3190 4636 3303 4689 viro
3325 4636 3611 4706 singularis

2084 4738 2137 4784 et
2162 4716 2511 4799 gravis'lnit,
2541 4737 2596 4783 et
2634 4729 2865 4782 studium
2898 4726 3038 4796 quod
3083 4727 3133 4779 in
3184 4741 3273 4780 res
3317 4740 3496 4781 sacras
3543 4726 3609 4782 ad

2084 4823 2377 4881 doctrinam
2407 4824 2669 4877 universa:
2695 4820 3018 4891 posteritatis
3040 4819 3339 4874 collocavit.
3368 4836 3386 4871 ι
3414 4818 3529 4875 [Iac
3555 4834 3610 4875 e-

2086 4931 2185 4968 nus
2217 4915 2323 4969 ille.
2354 4914 2407 4969 Si
2440 4914 2557 4981 quis
2588 4914 2860 4968 licentiam
2890 4921 3166 4980 poetarum
3196 4921 3430 4967 veterum
3459 4914 3607 4966 cirri-

2085 5011 2376 5065 stianorum
2403 5050 2416 5070 ,
2461 5017 2620 5077 atque
2668 5008 2804 5062 adeo
2851 5006 3086 5059 auctoris
3131 5005 3297 5059 nostri
3337 5003 3608 5059 desideret

2083 5115 2241 5156 nosse
2267 5100 2503 5155 exat-tius
2528 5140 2542 5165 ,
2576 5099 2717 5170 legat.
2747 5099 2945 5154 Vener.
2981 5096 3142 5151 Beda:
3170 5096 3363 5152 librum
3394 5099 3456 5150 de
3488 5097 3607 5148 Arte

2080 5194 2305 5247 metrica.
2330 5190 2460 5246 Pu.

2528 5280 2754 5337 CAPUT
2793 5279 3080 5336 PRIMUM.

2075 5376 2321 5446 Impietas
2349 5372 2605 5444 profunda
2636 5372 2761 5426 mali
2800 5369 2895 5444 (a),
2925 5385 3077 5426 mens
3117 5369 3292 5425 invida
3315 5369 3457 5434 vitae,

2008 5470 2270 5527 Seductos
2293 5468 2537 5522 homines
2559 5480 2655 5535 spe
2680 5475 2958 5534 postquam
2988 5464 3132 5535 cepit
3158 5463 3323 5529 inani,

1693 5576 2248 5640 COMMENTARIUS.

377 5694 534 5752 CAP.
565 5694 705 5768 l.;—
732 5695 814 5768 (8)7
836 5693 1081 5768 Impietas
1102 5691 1362 5768 profunda
1389 5690 1530 5768 ntali.
1548 5705 1700 5768 mens
1724 5691 1895 5768 invicta

307 5767 443 5835 vita,
470 5778 577 5826 etc.
604 5761 905 5835 Caput'boc
930 5761 1296 5835 inscripsimus
1327 5779 1341 5835 ξ
1376 5761 1454 5817 De
1480 5763 1650 5835 prima
1677 5762 1895 5835 Irontinis

306 5830 629 5907 seductiorre,
667 5830 852 5894 deinde
887 5845 934 5890 et
972 5835 1043 5889 ad
1084 5830 1428 5888 idololatrian:
1473 5830 1561 5903 per
1599 5830 1895 5901 diabolum;

1998 5708 2107 5753 tam
2137 5697 2278 5751 enim
2297 5706 2446 5748 more
2466 5691 2851 5747 'I‘ertnllianico
2869 5691 3329 5762 irraluntappellat.
3357 5691 3598 5762 Castiga-

1997 5771 2170 5824 vimus
2201 5781 2326 5822 vero
2352 5763 2508 5835 paulo
2533 5772 2650 5834 post
2677 5779 2823 5835 posse
2851 5762 3038 5830 videre,
3070 5778 3167 5832 pro
3196 5764 3378 5818 videri.
