4006 6280
257 267 396 328 I057

257 475 315 531 In
336 477 502 535 cmlos
532 478 803 537 hominem
832 481 1039 539 devicta
1065 490 1238 539 morte
1261 482 1451 549 levari,

256 569 464 641 Signari
497 573 741 643 populos,
769 573 941 632 eﬂ'uso
969 576 1189 647 pignore
1213 585 1420 644 sancto,

256 661 512 718 Miranda:
536 665 747 722 virtutis
768 681 923 737 opus,
951 666 1225 739 invisaque
1250 667 1382 722 facta
1405 683 1420 733 ;
1444 656 1455 665 ’

255 754 418 810 Audit
454 764 724 812 extremas
753 756 1088 814 flammarum
1120 758 1171 814 in
1210 759 1422 830 gurgite
1451 750 1637 830 punias

254 844 298 903 A
329 848 558 905 Domino
587 848 690 906 sibi
717 860 1022 922 perpetuas,
1055 852 1410 923 tenebrasque
1435 863 1667 922 paratas,

255 937 554 996 Irrevocata
586 938 679 996 Dei
706 942 991 1009 sententia,
1021 940 1219 1009 nudus,
1245 942 1487 1009 inermis,

254 1031 565 1100 Damnatus,
588 1035 779 1099 victus,
822 1034 1088 1105 periturus
1116 1045 1291 1091 morte
1319 1035 1561 1106 perenni,

251 1121 370 1179 Jam
399 1140 543 1192 reus,
558 1133 628 1180 ,et
656 1126 853 1182 nullam
875 1127 1083 1183 veniam
1107 1141 1168 1184 se
1191 1137 1371 1185 certus
1397 1128 1630 1195 habere;

255 1215 506 1273 Protinus
534 1233 831 1277 eXtremum
879 1219 1026 1275 nefas
1049 1234 1211 1276 ausus
1237 1218 1305 1293 (c)
1324 1261 1337 1285 ,
1367 1236 1618 1292 spargere
1648 1223 1849 1292 passim

252 1309 490 1365 Auribus
521 1308 842 1366 horrendum
873 1311 1116 1378 verbum,
1147 1327 1321 1384 neque
1362 1328 1494 1369 voce
1524 1312 1849 1384 loquendum

256 1399 558 1470 Abjectosa
587 1400 746 1470 plebe
770 1401 883 1468 Dei,
910 1403 1028 1458 sine
1066 1403 1186 1460 luce
1217 1414 1489 1475 vagantes,

253 1489 508 1548 Inventas
525 1492 645 1548 sine
664 1505 842 1549 mente
864 1495 1028 1562 viros,
1057 1502 1266 1552 terrena
1286 1505 1594 1567 sequentes,

252 1582 556 1655 Aggrcssus
570 1584 719 1655 pravi
749 1599 943 1657 pravos
968 1585 1125 1643 docet
1155 1602 1275 1644 esse
1296 1588 1596 1660 magistros.

881 1674 1111 1735 CAPUT
1149 1678 1242 1735 IV.

326 1767 587 1825 Praedicat
603 1769 686 1826 his
705 1770 840 1827 duos
862 1786 982 1828 esse
1010 1781 1211 1843 patres,
1239 1773 1518 1844 divisaque
1541 1789 1704 1845 regna
1732 1775 1808 1849 (il)
1831 1793 1844 1843 ;

250 1860 388 1918 Esse
420 1863 544 1918 mali
570 1877 814 1920 caussam
850 1864 1154 1932 Dominum,
1189 1867 1278 1935 qui
1303 1865 1540 1922 condidit
1567 1867 1776 1937 orbem,

247 1957 460 2028 Quique
481 1958 726 2029 ﬁguravit
745 1961 960 2014 cirnem
980 1958 1273 2028 spiramine
1294 1960 1488 2025 vivam,

247 2051 462 2121 Quique
487 2050 635 2107 dedit
663 2052 859 2124 legem,
887 2061 941 2108 et
971 2060 1150 2107 vatum
1179 2052 1269 2122 qui
1297 2066 1428 2108 voce
1467 2051 1705 2118 locutus;

248 2143 408 2199 Hunc
440 2154 597 2215 negat
621 2158 740 2201 esse
765 2145 963 2202 bonum
988 2186 1003 2212 ,
1027 2145 1231 2215 justum
1264 2154 1441 2201 tamen
1481 2161 1602 2203 esse
1634 2145 1847 2214 fatetur,

245 2237 532 2292 Crudelem
555 2278 572 2304 ,
602 2237 793 2293 durum
819 2278 834 2303 ,
866 2238 991 2295 belli
1019 2236 1107 2293 cui
1132 2251 1273 2293 saeva
1301 2238 1564 2309 voluptas,

245 2329 464 2387 Jndieio
490 2329 839 2397 horrendum,
872 2329 1123 2401 precibus
1153 2344 1530 2386 mansuescere
1561 2331 1739 2387 nullis.

246 2423 388 2479 ESse
411 2423 575 2478 alium
599 2424 829 2479 suadens
847 2465 864 2491 ,
893 2423 1023 2479 nulli
1045 2421 1138 2495 qui
1156 2424 1403 2495 cognitus
1430 2439 1704 2495 umquam,

245 2514 351 2582 Qui
379 2530 485 2571 non
509 2523 593 2570 est
617 2529 862 2584 usquam,
885 2513 1075 2569 falsum
1100 2514 1220 2570 sine
1240 2515 1458 2570 nomine
1485 2531 1706 2585 numen,

245 2605 596 2663 Coitstituens
626 2606 792 2670 nihil,
822 2614 877 2663 et
914 2606 1059 2661 nulla
1093 2621 1186 2676 pra
1202 2618 1356 2677 cepta
1389 2607 1631 2674 locutus;

252 2698 406 2753 llttnc
426 2699 501 2752 ait
523 2712 645 2753 esse
670 2697 888 2761 bonum,
920 2698 1121 2753 nullum
1161 2698 1247 2768 qui
1267 2698 1493 2768 judiCat,
1518 2714 1670 2768 atque

246 2790 354 2846 Sed
380 2790 581 2860 spargit
608 2791 814 2867 cunctis
840 2790 1039 2857 vitam,
1073 2806 1179 2845 non
1219 2790 1421 2847 invidet
1447 2792 1559 2847 ulli.

246 2881 514 2939 Iudicium
543 2891 701 2953 negat
718 2898 840 2938 esse
861 2883 985 2948 reis,
1012 2882 1261 2954 dulcique
1281 2893 1562 2939 cruentum

245 2975 575 3033 Circumfert
611 2975 822 3032 miseris
851 2975 1082 3051 mixtum
1112 2989 1234 3031 cum
1267 2975 1427 3032 melle
1451 2992 1734 3034 venenum.

246 3067 484 3140 Surgere
509 3082 667 3141 posse
697 3077 854 3139 negat
877 3082 1118 3134 carnem,
1141 3067 1227 3123 cui
1255 3080 1446 3123 caussa
1464 3068 1633 3126 ruina:

245 3160 369 3230 Ipse
398 3159 524 3226 fuit,
556 3175 715 3231 quam
741 3168 1105 3232 contemptam
1133 3157 1382 3230 spoliavit
1407 3159 1586 3230 inique
1615 3181 1628 3218 :

248 3252 541 3322 Propterea
571 3250 889 3308 maledictus
922 3250 1084 3307 habet
1110 3250 1227 3307 sine
1254 3249 1360 3305 line
1382 3250 1659 3319 dolorem;

246 3343 434 3399 Ilostis
474 3343 599 3399 huic
635 3357 872 3413 semper,
902 3342 1053 3399 vario
1077 3343 1199 3413 quia
1229 3342 1444 3398 vulnere
1469 3342 1627 3399 vitam

246 3436 447 3493 Nititur
469 3445 741 3503 excutere,
768 3446 822 3493 et
856 3436 922 3493 de
945 3452 1049 3507 qua
1075 3435 1180 3493 ruit
1210 3436 1323 3508 ipse
1344 3438 1590 3494 Salutem.

247 3529 419 3602 Inque
448 3529 548 3584 hoc
573 3536 628 3583 et
660 3527 932 3584 Christum
964 3527 1123 3584 terris
1149 3529 1358 3585 venisse
1385 3539 1625 3600 repente,

246 3620 355 3678 Sed
382 3620 528 3678 nulla
558 3620 763 3677 socium
789 3619 970 3676 carnis
998 3621 1313 3692 compagine
1336 3620 1553 3688 factum,

245 3716 480 3788 Spiritus
503 3724 560 3771 at
587 3704 778 3781 forma,
809 3724 865 3771 et
895 3716 1073 3770 fictum
1092 3714 1205 3770 sub
1231 3713 1460 3786 imagine
1480 3731 1696 3788 corpus,

245 3805 458 3864 Fallere
494 3806 610 3862 vult
637 3807 902 3873 homines,
928 3804 1070 3877 quod
1096 3819 1203 3861 non
1229 3814 1333 3873 est,
1360 3819 1481 3863 esse
1508 3808 1696 3863 videri.

1624 276 1974 336 APPENDIX
2013 277 2247 339 PRIMA.

257 384 442 441 Cladis
465 386 518 442 in
548 387 818 443 interitum
839 430 853 456 ,
886 402 1119 446 mersam
1143 389 1253 460 jam
1274 402 1496 461 surgere
1516 399 1733 449 carnem
1758 392 1853 466 (ὁ),
1883 398 1940 458 Α

1880 1868 1927 1928 Β

3383 345 3395 351 ς
3424 292 3563 350 I058

2572 438 2799 497 CAPUT
2847 441 2908 496 V.

2035 547 2149 604 Hoc
2174 548 2332 606 docet
2361 565 2490 623 ergo
2534 551 2701 607 Deum
2722 593 2736 618 ,
2770 554 3000 625 caltgiue
3039 555 3223 614 ludere
3251 574 3437 617 snasos
3465 560 3559 634 (ε),

1954 640 2190 709 Mentiri,
2222 644 2390 711 nefas,
2419 653 2509 701 aut
2540 643 2810 702 hominem
2840 663 2898 703 se
2923 648 3106 706 dicere
3132 651 3288 708 falso.

1958 731 2227 801 Portatur,
2256 735 2518 806 graditur,
2548 738 2793 805 vestitur,
2824 740 2923 795 rite
2950 740 3196 811 quiescit,

1959 824 2239 881 'l'ractatur
2260 868 2276 894 ,
2315 829 2511 897 patitur
2533 871 2549 896 ,
2573 831 2916 902 suspenditur
2940 843 2994 889 et
3017 835 3308 906 sepelitur;

1956 916 2147 972 Omnia
2185 929 2311 975 sunt
2350 919 2578 977 hominis
2612 939 2732 994 quae
2752 935 2938 981 sancto
2967 926 3017 981 in
3054 942 3279 999 corpore
3315 945 3555 1000 versans,

1958 1010 2001 1064 A
2031 1009 2189 1071 Patre
2220 1027 2349 1067 vero
2378 1012 2486 1067 Deo
2516 1014 2711 1071 missus
2737 1056 2753 1082 ,
2783 1017 2873 1087 qui
2902 1028 3089 1074 cuneta
3117 1020 3338 1086 creavit,

1956 1099 2189 1157 Perfecit
2213 1103 2426 1173 proprie
2442 1145 2458 1171 ,
2482 1118 2576 1159 sua
2597 1147 2613 1173 ,
2640 1122 2743 1163 non
2771 1109 2940 1163 aliena
2967 1112 3268 1182 requirens.

1957 1190 2212 1265 Cognitus
2240 1195 2358 1266 ipso
2383 1210 2567 1265 opere,
2591 1198 2800 1269 populis
2822 1202 3163 1270 sperantibus
3192 1203 3341 1269 olim,

1959 1285 2171 1358 Perque
2216 1288 2597 1359 prophetarum
2627 1305 2811 1346 vocem
2842 1280 3154 1350 netissitnus
3178 1295 3294 1351 orbi
3324 1313 3341 1364 ;

1957 1376 2024 1432 Et
2051 1394 2191 1435 nunc
2234 1389 2503 1436 errantem
2546 1384 2827 1439 manifesto
2858 1384 2908 1438 iu
2941 1385 3123 1442 limine
3154 1389 3343 1444 mortis

1958 1468 2201 1539 Ignotum
2228 1471 2509 1527 Dominum
2553 1484 2833 1544 qnaaruut,
2863 1486 3159 1546 notumque
3202 1479 3508 1551 relinquunt
3538 1502 3552 1537 :

1955 1562 2192 1629 Quorum
2227 1564 2357 1620 falsa
2388 1564 2538 1628 fides,
2571 1563 2737 1621 falsus
2764 1567 2903 1623 Deus
2923 1609 2937 1634 ,
2971 1568 3120 1624 irrita
3150 1585 3361 1629 merces
3389 1571 3481 1646 (ι’),
3549 1571 3572 1592 ⁸

1954 1652 2108 1708 Falsa
2139 1655 2463 1711 resurrectio
2484 1697 2498 1722 ,
2531 1658 2719 1713 mortis
2745 1658 2975 1716 dcvictio
3005 1659 3168 1730 falsa,

1954 1744 2201 1818 Martyria
2222 1755 2279 1803 et
2300 1763 2485 1812 vacua,
2512 1756 2567 1804 et
2591 1748 2789 1804 Christi
2821 1766 3035 1822 quoque
3063 1769 3258 1810 nomen
3288 1754 3479 1822 inane;

1953 1837 2122 1905 Quem
2155 1840 2377 1910 magica:
2406 1840 2614 1896 nebulae
2640 1841 2870 1897 similem
2894 1845 3105 1901 venisse
3128 1845 3409 1915 docentes,

1958 1928 2266 1986 Mcndacem
2297 1929 2418 1987 facti
2450 1931 2730 1990 dementes
2752 1950 2872 1990 esse
2898 1934 3170 2005 fatentur;

1953 2019 2033 2077 Ne
2070 2021 2359 2093 quidquam
2389 2037 2640 2093 passum,
2670 2025 2923 2096 pepnlum
2956 2026 3071 2083 sine
3097 2029 3322 2086 crimine
3348 2030 3550 2088 lictnm.

1955 2111 2045 2167 Sic
2073 2128 2230 2167 verax
2264 2114 2430 2182 Deus,
2463 2115 2515 2171 hi
2548 2116 2773 2172 Domino
2802 2119 3106 2176 referuntur
3135 2120 3410 2180 honores?

1956 2202 2068 2258 Ileu
2101 2202 2319 2259 miseri!
2349 2205 2515 2275 gratis
2543 2207 2744 2278 ingrata
2776 2206 2948 2265 morte
2975 2212 3268 2281 perempti,

1951 2295 2053 2362 Qui
2080 2310 2232 2352 εαξεο
2256 2297 2393 2354 duce
2420 2298 2725 2369 praecipites
2749 2300 2804 2355 in
2832 2299 2971 2358 fossa
3000 2304 3184 2361 ruistis
3220 2303 3333 2378 (g);

1956 2388 2022 2443 Et
2043 2389 2188 2445 velut
2218 2389 2268 2444 in
2294 2391 2503 2447 somnis
2533 2391 2768 2449 thesauri
2797 2406 3021 2450 munere
3045 2394 3197 2453 dives

1953 2483 2218 2551 Exsultat,
2251 2487 2606 2558 manibusque
2650 2496 2823 2556 tenet,
2861 2504 2956 2560 spe
2990 2490 3137 2548 lusus
3164 2491 3332 2561 inani,

1951 2575 2169 2649 Decepti
2189 2619 2205 2647 ,
2228 2593 2447 2636 vacuam
2476 2581 2705 2650 speratis
2734 2583 2971 2639 muneris
2998 2585 3264 2643 umbram.

2190 2736 2191 2739 η
2573 2693 2801 2751 CAPUT
2846 2694 2929 2750 Vl.

2025 2783 2103 2857 (It)
2135 2784 2250 2840 Ah!
2286 2785 2484 2853 tabidi,
2513 2785 2703 2854 rictus,
2736 2788 3009 2844 funestave
3038 2789 3215 2858 prmda
3245 2790 3513 2860 draconis,

1948 2878 2186 2949 Speratis
2215 2894 2311 2949 pro
2351 2894 2484 2949 pace
2511 2888 2690 2936 truces
2719 2880 3002 2936 homicidia
3032 2881 3261 2949 blanda;

1951 2971 2171 3027 Audetis
2191 2972 2407 3042 culpare
2433 2972 2624 3040 Deum,
2653 2972 2741 3044 qui
2779 2980 2924 3055 tanta
2951 2973 3188 3042 creavit;

1950 3066 2005 3120 In
2032 3064 2186 3137 cujus
2220 3067 2396 3132 terris,
2427 3066 2589 3121 nimia
2621 3064 2817 3135 pietate
2849 3065 3079 3136 profusa,

1950 3156 2318 3223 Immemores,
2349 3157 2494 3228 large
2520 3156 2750 3213 laudatis
2776 3157 2911 3212 dona
2944 3167 3183 3225 ruentes,

1871 3252 1916 3313 C
1950 3248 2126 3320 Ipsum
2183 3249 2440 3306 faetorem
2491 3249 2833 3321 reprobatis,
2860 3250 2996 3306 facta
3023 3252 3330 3322 probantes,

1947 3341 2222 3398 Artiﬁcem
2251 3342 2458 3408 mundi,
2488 3343 2713 3413 cuiusve
2737 3342 2815 3415 (l)
2843 3358 2977 3413 opus
2999 3344 3131 3400 estis
3156 3354 3213 3400 et
3242 3345 3380 3416 ipsi?

1946 3434 2047 3502 Qui
2078 3434 2230 3489 vobis
2261 3448 2483 3505 magnos
2513 3433 2941 3504 parvisdouavit
2966 3434 3220 3501 honores,

1947 3526 2193 3582 Prosevit
2224 3525 2422 3596 fruges,
2454 3525 2700 3581 animalia
2732 3533 2921 3582 cuncta
2954 3526 3182 3599 subegit,

1946 3617 2211 3689 Tempora
2237 3618 2326 3689 qui
2351 3618 2514 3673 certis
2538 3616 2808 3677 facundat
2834 3618 3108 3675 mensibus
3135 3621 3284 3688 anni,

1949 3711 2221 3776 Dulcores,
2256 3718 2413 3780 pottts
2440 3709 2641 3777 varios,
2671 3710 2892 3782 pingues
2919 3721 2973 3767 et
2996 3712 3211 3781 odores,

1943 3801 2215 3859 Jucundos
2241 3802 2421 3869 flores,
2445 3817 2832 3874 nemorumque
2862 3803 3168 3861 umbracula
3191 3814 3364 3877 grata,

1479 3920 1862 4011 LECTIQNES
1898 3914 2313 3975 VARIANTES.

310 4018 384 4084 (l)
400 4018 633 4083 anusne.
653 4016 818 4070 Obert.
844 4086 855 4097 ι

247 4184 446 4246 ceperat
477 4173 618 4246 ipse;
648 4182 751 4231 etc.
783 4170 1184 4246 Inscriptionem
1218 4168 1343 4246 huic
1367 4171 1526 4242 capiti
1566 4169 1792 4228 fecimus
1824 4189 1837 4226 :

248 4243 327 4300 De
355 4243 611 4300 Itwrcseon
632 4244 923 4311 aspersione
947 4260 1036 4314 per
1060 4243 1338 4298 diabolum.

320 4316 399 4389 (h)
441 4317 664 4389 Marsum
705 4316 815 4389 iant
864 4312 1069 4389 surgere
1118 4329 1367 4389 carnem,
1417 4322 1516 4368 etc.
1574 4312 1750 4389 l~tud_
1776 4313 1842 4369 ad

246 4384 501 4458 baptismi
523 4387 870 4443 czeremonias
891 4384 1140 4458 pertinet,
1158 4384 1226 4458 de
1252 4384 1636 4458 quibnssupra
1657 4385 1840 4458 latius,

247 4452 339 4513 lib'.
374 4459 438 4512 de
465 4456 746 4528 Baptismo,
780 4452 942 4512 sicuti
968 4466 1023 4511 et
1058 4452 1192 4528 illud
1222 4473 1235 4508 :
1271 4452 1486 4528 signari
1509 4452 1744 4528 populos,
1776 4455 1841 4509 ad

246 4523 675 4585 confirmationis
709 4536 1098 4583 sacramentum
1121 4568 1134 4589 ,
1163 4525 1231 4581 de
1273 4523 1380 4594 quo
1416 4523 1581 4581 etiam
1622 4526 1842 4594 ibidem,

246 4615 364 4671 cap.
397 4600 432 4656 8
450 4638 475 4671 ,Α
492 4614 557 4656 ac
601 4598 696 4654 lib.
719 4599 783 4652 de
812 4596 1111 4664 Prwscript.
1134 4596 1263 4671 adv:
1282 4596 1433 4671 hang,
1461 4612 1580 4666 cap.
1606 4596 1701 4671 49.

332 4670 405 4745 (c)
431 4669 730 4727 Extremum
748 4673 892 4794 "CLIII
911 4684 1089 4735 ausus,
1111 4677 1217 4723 etc.
1234 4666 1511 4747 Peculiare
1522 4676 1603 4721 est
1629 4667 1842 4723 'I‘et'tul-

332 4758 393 4794 uo
415 4746 564 4794 nefas
594 4740 776 4794 ultima
848 4738 980 4794 revi.
1011 4749 1122 4794 tum
1152 4738 1261 4794 hic.
1286 4746 1396 4793 tum
1428 4753 1481 4793 m
1500 4736 1737 4794 illo.can.
1768 4737 1839 4794 5:

249 4736 397 4797 nam;
415 4746 564 4814 nefas
594 4740 776 4796 ultima
808 4736 980 4804 brevi,
1011 4749 1122 4794 ttttn
1152 4738 1261 4807 hic,
1286 4746 1396 4793 tum
1428 4736 1481 4793 itt
1500 4736 1737 4809 illo,cap.
1768 4737 1839 4794 5:

372 4878 569 4932 Meutiri
592 4881 731 4929 aetas
751 4881 837 4928 aut
849 4875 1098 4926 hominem
1122 4886 1180 4926 se
1196 4873 1368 4925 dicere
1390 4873 1529 4926 falso.

250 5002 346 5059 Cui
368 5006 544 5062 simile
569 5016 653 5062 eSt
678 5004 828 5061 initio
861 5016 983 5073 cap.
999 5015 1120 5073 seq.
1137 5042 1153 5067 ,
1183 4999 1312 5055 duos
1332 5016 1437 5055 esse
1461 5009 1650 5071 patres,
1668 4998 1843 5073 .quale

290 5077 375 5131 uid
402 5077 470 5132 de
516 5078 668 5133 litera
702 5076 720 5129 i
749 5076 800 5130 in
831 5071 939 5129 line
957 5071 1248 5128 dictionum
1288 5081 1533 5140 correpta
1568 5071 1845 5125 annotavit

327 5148 390 5201 tla
415 5163 480 5204 ex
514 5147 830 5213 Prudentio,
855 5142 1073 5202 Seduliu
1101 5155 1156 5198 et
1186 5141 1497 5201 Fortunato.
1530 5141 1691 5212 Atqui
1719 5154 1841 5197 mox

251 5219 626 5290 castigavimus
652 5233 668 5272 :
763 5289 771 5290 ί
908 5272 911 5273 ν

221 5322 229 5331 -
253 5284 603 5413 "giae;st
630 5289 798 5362 pravi,
829 5300 1012 5360 pravos
1041 5285 1185 5342 docet
1211 5299 1321 5341 esse
1338 5284 1628 5356 magistros,

253 5373 352 5428 pro
378 5370 534 5416 decet.
987 5399 995 5408 .

320 5448 473 5525 CAP.
512 5449 600 5509 IV.
645 5478 716 5492 ε·-
765 5449 845 5525 (d)
887 5448 1148 5525 Prgdicat
1176 5448 1269 5525 ftis
1318 5446 1446 5525 duos
1471 5462 1603 5525 esse
1651 5453 1840 5525 patres,

252 5522 512 5605 ειευεεαιλαε
560 5539 723 5605 259"“.
750 5514 909 5605 ίέιοο
957 5519 1149 5605 βορυι.
1176 5518 1283 5605 hoc
1324 5514 1694 5605 ίηξρείρξίιιρμε
1722 5514 1845 5605 ίρς

254 5586 527 5648 ktcresibas
556 5586 835 5668 Marcionis
865 5633 881 5657 ,
921 5586 1107 5661 utpote
1136 5590 1282 5668 istis,
1314 5586 1578 5668 praedicat“
1594 5587 1687 5668 his
1716 5586 1843 5641 duos

252 5678 361 5717 esse
389 5673 575 5732 patres,
598 5665 646 5719 id
666 5673 767 5728 est,
799 5657 1103 5727 Deusfesse
1126 5660 1250 5714 mali
1274 5657 1507 5732 caussam
1536 5657 1807 5732 Dominum
1823 5672 1842 5719 ,-

247 5726 500 5808 jndteiutu
539 5744 686 5808 negat
721 5726 828 5789 esse
856 5726 995 5796 reis;
1035 5742 1220 5786 contra
1256 5746 1376 5801 qum
1412 5729 1546 5783 inl‘ra
1576 5739 1657 5808 est
1685 5726 1840 5808 liber,

256 5797 318 5859 de
343 5803 549 5863 Iudicio
571 5797 666 5861 [isi
688 5846 702 5872 ,
738 5818 945 5876 surgere
969 5819 1114 5875 posse
1157 5797 1305 5874 negat
1343 5815 1579 5869 carnem,
1611 5797 1843 5869 denique

1627 4078 2192 4137 COMMENTARIUS.

1945 4169 2225 4243 Christum,
2250 4169 2423 4243 ﬁctum
2451 4169 2542 4226 sub
2571 4170 2791 4243 imagine
2817 4188 3031 4243 corpus,
3061 4174 3129 4232 de
3152 4176 3342 4243 quibus
3371 4187 3544 4238 omni-

1947 4242 2046 4322 bus
2078 4243 2129 4322 in
2169 4242 2571 4322 genereulatius
2616 4242 2775 4322 supra
2804 4242 2947 4300 dicto
2974 4242 3213 4322 ,__lib_..de
3235 4248 3541 4322 _Pra'srript.

1947 4313 2063 4393 adv.
2093 4313 2243 4393 liter...
2266 4327 2314 4393 c:
2346 4312 2440 4393 5I_._
2461 4313 2814 4393 ltmr..l7,.et
2843 4317 3184 4393 peculiariter
3212 4320 3280 4393 de
3319 4312 3544 4393 singulis

1949 4384 2139 4463 librum
2240 4382 2358 4438 adv.
2388 4383 2553 4463 Marc.
2585 4383 2747 4452 Atqui
2783 4382 2938 4454 paulo
2988 4399 3104 4456 post
3138 4382 3539 4463 castigaviintts,

1948 4455 2138 4526 [uisant
2172 4453 2280 4526 sine
2319 4457 2750 4526 norninanunteu,
2784 4453 2881 4526 pro
2909 4453 3110 4526 nomen.

2019 4523 2172 4579 CAP.
2200 4523 2261 4579 V.
2291 4523 3107 4601 τῷ)11οςι1φσεῑένςιρρειιηι,
3125 4530 3343 4601 caligine
3364 4534 3543 4591 ludere

1946 4612 2148 4677 suasos.
2179 4603 2281 4650 clc.
2331 4595 2561 4677 Titulmn
2602 4597 2725 4677 huic
2758 4595 2918 4677 capiti
2951 4595 3274 4677 ittppoitittttis
3306 4618 3319 4657 :
3347 4605 3539 4677 Confu-

1948 4669 2070 4721 tatio
2096 4666 2433 4740 luereseosde
2457 4668 2576 4735 ﬁcto
2601 4665 2792 4722 Christi
2814 4665 3044 4740 torpore.
3076 4670 3227 4738 Quod
3254 4665 3540 4740 argumen-

1948 4747 2059 4808 tum
2083 4739 2323 4793 tractavit
2347 4736 2504 4792 latius
2523 4752 2681 4808 supra
2703 4736 2912 4796 auctor.
2937 4739 3027 4794 lib.
3055 4736 3117 4796 de
3139 4736 3536 4804 (.‘arneC/aristi.

1946 4807 2046 4864 llic
2074 4824 2204 4883 vero
2228 4807 2608 4883 castigavimus
2627 4824 2740 4883 qua:
2778 4822 2953 4883 sancto
2981 4810 3035 4866 in
3073 4828 3284 4883 corpore
3310 4832 3535 4882 versans,

1947 4894 2048 4950 pro
2076 4880 2250 4954 versis.
2283 4879 2325 4930 Α
2354 4888 2497 4948 patre
2518 4895 2632 4954 vero
2656 4879 2760 4934 Deo
2790 4880 2992 4944 missus,
3011 4879 3278 4954 getc.,'pro
3301 4901 3367 4940 eo
3394 4879 3537 4954 quod

1945 4959 2078 5014 erat,
2117 4950 2222 5005 Deo
2250 4966 2396 5013 vero,
2430 4951 2661 5005 maxime
2702 4966 2823 5004 cum
2851 4961 2904 5005 et
2942 4967 2971 5003 a
3008 4950 3339 5012 Tertulliano
3379 4950 3433 5012 et
3470 4959 3538 5015 ab

1944 5021 2065 5101 aliis
2085 5020 2391 5101 christiapis
2418 5021 2589 5089 poetis
2606 5021 2801 5091 corripi
2823 5020 2995 5077 soleat
3013 5040 3042 5079 ο
3058 5024 3113 5080 in
3136 5026 3242 5081 line
3264 5026 3536 5101 dictionis,

1944 5093 2107 5148 etiam
2130 5091 2542 5161 adjectivorum.

2018 5164 2081 5235 (f)
2124 5161 2284 5235 Irrita
2315 5177 2527 5228 merces,
2565 5173 2673 5217 etc.
2723 5161 2961 5218 Pertinet
3005 5163 3107 5221 hoc
3151 5165 3217 5222 ad
3258 5170 3540 5225 mercedem

1945 5233 2154 5310 operum
2178 5273 2190 5296 ,
2216 5233 2285 5310 de
2312 5247 2413 5302 qua
2440 5248 2636 5310 _su_pra_
2670 5248 2775 5310 non
2798 5235 2991 5310 _se_mcl
3019 5252 3034 5300 ;
3061 5236 3136 5310 _it_t
3188 5242 3539 5310 sequentibus

1943 5302 2137 5359 alludit
2179 5303 2408 5374 ad_cap.
2440 5302 2531 5358 XV
2562 5304 2755 5374 prioris
2798 5304 2968 5373 Epist.
3000 5307 3070 5362 ad
3095 5305 3214 5363 Cor.

2018 5374 2094 5501 Eg)
2123 5371 2280 5443 Atqui
2313 5372 2437 5428 illud
2461 5416 2473 5437 ,
2503 5371 2725 5444 infossa
2750 5371 2920 5429 ruis—tis
2941 5418 2954 5443 ,
2983 5379 3538 5450 recteintcrpretatur

2061 5446 2243 5501 ricius.
2273 5445 2326 5496 in
2350 5444 2570 5501 defossa.
2608 5446 2659 5500 iu
2689 5457 2870 5501 sentes
2896 5447 3141 5501 latentes.

1944 5444 2243 5507 Fabricius,
2273 5445 2326 5496 iu
2350 5444 2570 5514 defossa.
2608 5446 2659 5500 in
2689 5457 2870 5501 sentes
2896 5447 3141 5504 latentes.

2015 5515 2170 5590 CAP.
2199 5514 2453 5590 γῇς-(11)
2478 5516 2557 5568 Ali
2578 5516 2598 5569 .'
2619 5517 2775 5590 tabidi
2792 5518 2970 5584 rictus,
2997 5527 3101 5574 etc.
3130 5520 3534 5590 Inscriptionem

1947 5585 2071 5641 huic
2098 5584 2258 5654 Capiti
2289 5584 2514 5641 fecimus
2546 5603 2561 5639 :
2593 5586 2844 5642 Adversus
2880 5590 3096 5645 Itwresiu
3131 5593 3196 5646 de
3229 5584 3338 5646 Deo
3368 5594 3532 5648 malo-

1945 5673 2057 5732 r_ttm
2085 5665 2306 5732 auctore,
2331 5665 2519 5732 coittra
2562 5673 2720 5727 quam
2768 5657 2933 5732 ltahes
2973 5674 3156 5732 supra,
3220 5662 3312 5717 lih.
3346 5663 3385 5718 lI
3410 5666 3532 5720 adv.

1947 5727 2115 5803 Mare.
2179 5724 2496 5803 Necessario
2542 5724 2729 5803 autem
2776 5724 3153 5803 castigavit-nus
3199 5733 3389 5801 tabidi,
3437 5750 3535 5803 pro

1946 5798 2135 5862 tacidi,
2168 5797 2397 5851 maxime
2427 5800 2566 5869 ιιιιιιιι
2606 5799 2733 5854 illud
2770 5797 3016 5857 draconis
3052 5805 3342 5874 rpithctum
3370 5797 3457 5863 sit.
