4006 6280
402 268 535 325 1061
949 267 973 293 ⁸

1014 384 1241 444 CAPUT
1284 388 1372 444 IX.

472 517 612 587 Ergo
643 527 784 573 totus
813 519 971 576 homo
992 523 1182 587 credit,
1211 531 1456 595 totusque
1480 524 1705 582 lavatur.

401 610 648 666 Abstinet
676 621 767 667 aut
792 614 993 687 patitur
1020 630 1113 685 pro
1145 618 1359 672 nomine
1389 618 1611 675 vulnera
1638 636 1786 687 vere,

399 699 568 757 Verus
594 704 763 776 surgit
791 705 972 774 homo,
1006 723 1131 763 vere
1162 723 1308 763 mors
1332 710 1466 765 vieta
1495 711 1703 778 silebit;

397 796 499 851 Sed
530 813 635 851 non
670 815 792 869 pars
825 799 1054 854 hominis
1082 800 1280 864 anima,
1310 818 1403 857 sua
1437 813 1585 873 parte
1615 804 1822 869 relicta,

397 889 658 957 Percipiet
686 891 940 960 palmam,
975 893 1047 965 (a)
1077 894 1219 948 socia
1249 910 1409 965 quam
1442 880 1603 951 carne
1631 896 1880 954 laborans

396 978 450 1032 In
480 980 653 1034 stadio
683 980 896 1047 luctata,
927 984 1084 1039 simul.
1114 985 1402 1055 conjuncta
1430 997 1687 1043 meretur.

393 1070 609 1126 Grande
637 1071 805 1136 nefas,
841 1084 1052 1143 portare
1078 1075 1213 1131 duos
1238 1092 1336 1147 per
1368 1078 1575 1133 vincula
1601 1080 1832 1150 pondiis,

394 1161 632 1226 Quorum
665 1162 734 1217 sit
764 1164 1002 1234 locuples
1033 1181 1168 1220 unus
1192 1177 1353 1236 atque
1378 1169 1512 1223 alter
1537 1186 1758 1241 egenus,

395 1251 460 1306 Et
487 1253 739 1309 miserum
768 1256 969 1325 sperni.
996 1256 1154 1312 ἰωιίρί
1187 1242 1404 1327 praemia
1434 1260 1605 1315 reddi.

393 1342 509 1397 Non
540 1345 664 1400 facit
695 1349 793 1402 hoc
823 1346 1019 1416 justus,
1055 1351 1318 1406 mercedis
1344 1351 1583 1408 redditor
1612 1370 1817 1425 :uquus,

397 1438 463 1491 Et
491 1438 682 1506 bomrs,
717 1450 769 1495 et
795 1441 963 1509 dives,
994 1459 1150 1514 quem
1181 1445 1448 1503 credimus
1476 1450 1652 1503 omnia
1684 1465 1859 1519 posse,

394 1528 585 1583 Suavis
617 1531 666 1585 in
694 1532 949 1601 ingratos,
980 1534 1267 1592 miserandi
1302 1539 1456 1609 plena
1490 1540 1757 1597 voluntas.

392 1623 527 1688 Quin
563 1622 756 1692 potius.
785 1625 868 1679 cui
898 1625 1068 1696 major
1093 1629 1229 1683 inest
1257 1632 1497 1686 mortalis
1519 1642 1748 1702 egestas,

394 1714 567 1768 Possit
597 1716 892 1785 utmqnari,
921 1719 1069 1772 socio
1102 1722 1371 1788 prmlatus,
1406 1722 1456 1777 id
1493 1724 1629 1777 ultro

392 1802 651 1875 Quicquid
678 1816 819 1876 eget,
855 1808 1052 1863 tribuet
1080 1810 1348 1880 locuples;
1383 1816 1460 1869 sic
1495 1814 1716 1871 credere
1750 1816 1979 1886 jussum.

392 1897 501 1952 Nec
528 1898 664 1953 velle
698 1898 882 1954 illicite
910 1900 1193 1957 Dominum
1221 1905 1439 1975 culpare
1461 1906 1704 1962 docendo

389 1989 640 2053 Suscitet,
685 2001 772 2045 aut
805 2008 963 2063 quem
990 1995 1246 2062 animam,
1280 2006 1529 2067 tanquam
1571 1999 1643 2053 sit
1677 2013 1830 2067 passa
1876 2000 1990 2055 rui-

1809 2091 1985 2164 [nan],

390 2174 603 2230 Liberet
630 2191 657 2229 a
689 2187 880 2240 morte,
918 2186 973 2234 et
999 2177 1194 2235 viventi
1221 2179 1357 2236 facta
1387 2191 1626 2238 maneret

388 2266 552 2336 Copia
584 2268 651 2323 de
677 2268 799 2323 solo
836 2271 1048 2335 merito,
1080 2272 1199 2342 quia
1230 2272 1437 2329 fortiter
1463 2276 1592 2347 egit.

392 2357 453 2411 Et
481 2373 606 2412 caro
633 2375 972 2416 connuunem
1002 2378 1216 2433 semper
1237 2366 1417 2420 sortita
1446 2366 1706 2431 laborem,

391 2451 689 2522 Liuquatur
716 2463 898 2519 terra},
934 2457 1123 2509 mortis
1153 2456 1221 2510 sit
1250 2457 1429 2529 prada
1461 2461 1728 2529 perennis.

392 2545 529 2615 Ergo
562 2545 792 2601 hominis
817 2549 998 2603 anima
1031 2549 1225 2618 placuit
1252 2550 1360 2605 Deo
1388 2551 1617 2607 fortibus
1637 2553 1808 2609 actis?

386 2637 544 2694 Nullo
573 2640 682 2694 sola
717 2640 875 2695 modo
911 2647 1081 2712 potuit
1106 2642 1221 2697 sine
1245 2658 1406 2698 carne
1437 2644 1664 2714 placere.

392 2731 574 2786 Vincla
609 2731 751 2798 tulit,
787 2748 996 2803 pmnas,
1027 2749 1151 2788 caro
1179 2735 1439 2790 membris
1463 2736 1677 2791 vincula
1703 2738 1892 2807 gessit,

386 2822 722 2892 Contempsit
746 2835 995 2888 mortem.
1029 2825 1122 2880 sed
1158 2840 1378 2881 carnem
1412 2838 1584 2882 morte
1613 2827 1846 2899 reliquit.

390 2914 478 2970 Illa
506 2915 696 2972 dolens
721 2922 927 2987 genuit,
958 2916 1077 2974 haec
1106 2919 1209 2974 vita
1241 2934 1272 2975 a
1303 2919 1524 2976 vulnere
1566 2935 1703 2976 caesa
1732 2928 1852 2977 est:

1740 276 2092 334 APPENDIX
2136 277 2372 338 PRIMA.

2026 392 2076 451 Α
2110 389 2204 444 Illa
2226 357 2361 462 petit
2391 396 2655 465 requiem,
2690 395 2806 453 haec
2833 396 2974 455 ferro
2999 399 3052 454 in
3083 401 3305 471 pulvere
3335 402 3474 473 fusa,

3568 289 3706 381 toea

2111 481 2374 548 Piscibus,
2404 486 2639 555 alitibus,
2667 489 2792 545 tabo
2820 490 3093 562 cinerique
3118 492 3303 549 relicta
3330 506 3435 552 est.

2109 575 2395 648 Frangitur
2423 580 2605 636 infelix
2637 582 2853 650 laniata,
2883 598 3067 654 sparsa
3097 584 3366 656 liquescit,

2108 669 2341 742 Surgere
2368 690 2475 728 non
2503 675 2730 731 meruit?
2754 677 2880 746 quid
2905 679 3047 733 enim
3077 680 3414 737 committere
3434 684 3549 740 sola

2108 762 2385 820 Exanimis
2409 766 2619 836 potuit?
2644 783 2765 837 qum
2793 771 2870 824 sic
2902 784 3091 825 caussa
3117 771 3292 827 invida
3324 773 3448 829 vitm

2107 854 2334 924 impedit
2362 870 2453 913 aut
2486 860 2733 930 prohibet
2762 862 2852 917 Dei
2884 862 3023 918 dona
3054 879 3336 934 capessere
3361 883 3601 942 carnem,

2102 945 2345 1018 Cumque
2370 966 2462 1005 sua
2493 953 2636 1006 socia
2667 953 3005 1024 conjunctam
3034 956 3211 1011 vivere
3230 961 3483 1029 semper?

2102 1040 2336 1096 Cernere
2364 1042 2491 1112 quid
2515 1043 2674 1099 fuerit
2700 1060 2957 1102 conversa
2995 1047 3047 1101 in
3074 1048 3290 1118 pulvere
3318 1052 3629 1121 quondam?

2101 1132 2224 1188 Post
2258 1134 2481 1189 meritos
2511 1148 2763 1192 renovata
2789 1137 2924 1192 ferat
2948 1138 3058 1193 Deo
3080 1139 3250 1195 laudis
3272 1141 3526 1211 honores,

2100 1225 2214 1279 Non
2242 1216 2424 1296 ignara
2456 1228 2562 1295 sui,
2591 1229 2814 1300 fragilis,
2847 1232 3091 1288 mortalis
3121 1243 3174 1288 et
3196 1249 3335 1305 (egra
3357 1251 3370 1264 ο

2095 1317 2348 1386 Certatis,
2385 1321 2560 1389 magni
2593 1323 2763 1390 possit
2790 1322 2915 1393 quid
2948 1323 3120 1378 vivida
3150 1324 3338 1392 virtus,

2094 1411 2193 1480 Qui
2227 1411 2397 1466 bonus
2426 1422 2586 1483 atque
2615 1424 2803 1483 potens
2825 1417 2987 1472 vitam
3017 1432 3122 1472 non
3155 1418 3357 1476 invidet
3385 1421 3499 1476 ulli.

2097 1503 2223 1559 Haec
2246 1507 2453 1574 captiva
2480 1504 2580 1561 fuit
2611 1509 2822 1573 mortis,
2853 1510 2968 1565 lure
3004 1511 3178 1565 vincta
3209 1513 3424 1581 peribit,

2093 1596 2263 1664 Quam
2301 1597 2557 1653 Dominus
2582 1601 2716 1655 mira
2742 1601 3004 1671 sapientia
3034 1601 3162 1658 fecit
3186 1611 3241 1657 et
3266 1605 3418 1661 arte?

2095 1687 2244 1742 Ilane
2272 1689 2465 1744 virtute
2491 1706 2587 1746 sua
2619 1692 2862 1748 miranda
2888 1694 3108 1748 suscitat
3135 1694 3269 1764 ipse,

2016 1784 2064 1842 Β
2096 1778 2244 1834 llanc
2268 1792 2487 1838 revocat
2506 1784 2611 1837 dux
2645 1783 2780 1854 ipse,
2808 1795 2862 1839 et
2893 1786 3031 1841 lianc
3055 1801 3148 1841 sua
3175 1787 3345 1857 gloria
3372 1789 3551 1845 vestit.

2095 1875 2237 1944 Ergo
2271 1876 2359 1929 Dei
2390 1878 2592 1945 aptavit
2618 1892 2706 1933 ars
2739 1890 2791 1932 et
2820 1879 3081 1949 sapientia
3112 1894 3330 1951 corpus,

2096 1967 2248 2034 Quod
2276 1969 2441 2038 cupit,
2472 1969 2554 2024 bis
2583 1970 2730 2036 fieri;
2760 1971 2912 2028 deest
2939 1974 3040 2029 hoc
3065 1974 3260 2030 virtute
3287 1974 3508 2031 reduci?

2096 2060 2296 2116 Caussa
2330 2070 2508 2132 potest
2540 2063 2718 2133 pietati
2748 2064 2891 2119 nulla
2920 2067 3173 2122 resistere
3212 2075 3441 2134 sanctae;

2095 2154 2171 2210 Ne
2200 2155 2370 2226 major
2397 2156 2466 2212 sit
2496 2171 2684 2212 caussa
2717 2158 2863 2223 mali,
2888 2174 3049 2229 quam
3081 2175 3292 2215 summa
3325 2170 3581 2230 potestas,

2097 2247 2159 2303 Ut
2192 2259 2482 2318 cognoscat
2508 2248 2671 2305 homo
2693 2249 2805 2321 jam
2849 2267 2992 2305 nunc
3022 2252 3114 2308 Dei
3138 2267 3364 2309 munere
3390 2254 3591 2322 salvus,

2095 2338 2330 2393 Mortalis
2359 2340 2651 2409 quondam,
2682 2358 2821 2396 nunc
2847 2343 3151 2400 inviolabile
3175 2355 3227 2400 et
3254 2345 3442 2416 ingens

2098 2432 2339 2488 Vestitus'
2359 2433 2561 2501 lumen,
2590 2438 2743 2490 vivus
2763 2451 2884 2491 cum
2911 2451 3139 2507 corpore
3165 2448 3328 2503 totus,

2095 2525 2419 2587 Immensum
2454 2527 2651 2582 virtute
2682 2528 2873 2596 Deum,
2902 2528 3099 2599 pietate
3121 2543 3438 2598 perennem,

2096 2618 2198 2674 Per
2222 2617 2494 2675 Christum
2520 2612 2722 2691 regem,
2751 2634 2849 2690 per
2875 2636 3034 2690 quem
3060 2620 3143 2674 via
3169 2620 3303 2676 lucis
3329 2631 3512 2693 aperta
3535 2630 3654 2690 est;
3684 2631 3687 2635 ‘

2097 2714 2165 2769 Et
2186 2716 2295 2784 jam
2324 2715 2443 2771 luce
2470 2730 2626 2782 nova,
2650 2714 2761 2784 jam
2788 2714 2933 2769 dono
2965 2714 3157 2785 plenus
3183 2723 3430 2787 utroque,

2095 2807 2379 2863 Fructibus
2405 2816 2461 2863 et
2487 2808 2620 2862 viva:
2645 2804 2879 2876 paradisi
2901 2806 3057 2860 laetus
3081 2804 3314 2862 amoenis

2017 2938 2061 3000 Ο
2096 2898 2295 2955 Laudet
2326 2898 2379 2954 in
2408 2907 2667 2955 aeternum
2702 2897 2909 2954 ctelesti
2938 2897 3092 2953 dives
3121 2897 3172 2952 in
3197 2898 3342 2953 aula.

1765 3029 2320 3090 COMMENTARIUS.

382 3121 483 3189 cipi
514 3123 598 3195 hic
625 3124 846 3194 elogium
874 3124 941 3180 ab
966 3134 1185 3195 auctore
1220 3139 1317 3195 pro
1356 3132 1504 3181 certa
1530 3124 1757 3195 alicujus
1784 3124 1859 3180 rei
1892 3125 1975 3179 in-

383 3194 660 3266 stitutione
677 3195 961 3266 annotavit
987 3194 1285 3266 Fabricius,
1315 3211 1414 3251 nec
1437 3194 1578 3250 male
1602 3195 1647 3249 si
1674 3194 1977 3251 retineatur

383 3272 534 3337 vetus
554 3264 726 3337 lectio
773 3278 788 3318 ε
825 3263 1004 3337 Deleto
1045 3267 1230 3337 elogio,
1271 3263 1365 3321 Sed
1399 3281 1520 3321 cum
1551 3266 1684 3321 locis
1713 3281 1869 3336 supra
1900 3267 1978 3320 cia

384 3334 505 3407 tatis
534 3334 759 3407 Apolog.
792 3349 839 3389 c.
865 3336 920 3397 2.
948 3345 1003 3393 et
1035 3334 1184 3398 alibi,
1212 3348 1468 3407 quantum
1492 3337 1711 3392 memini
1740 3334 1974 3407 semper,

384 3403 436 3475 in
465 3405 659 3458 malam
692 3413 897 3475 partem
925 3421 1020 3475 pro
1047 3403 1449 3463 accusationum
1496 3408 1671 3474 titulo,
1720 3409 1833 3463 haec
1860 3403 1973 3471 vox

383 3474 451 3550 ab
475 3474 705 3550 auctore:
725 3474 1039 3550 accipiatur,
1088 3478 1388 3550 putavimus
1416 3479 1592 3548 potius
1637 3493 1757 3550 esse
1788 3479 1972 3550 legem

380 3544 506 3620 dum
538 3544 789 3620 :_Deleto_
825 3544 1008 3620 elogio,
1040 3544 1141 3603 non
1170 3549 1324 3604 aliter
1368 3544 1525 3620 atque
1556 3549 1750 3605 ibidem
1777 3544 1870 3604 Iib'.
1908 3550 1977 3603 ad

380 3614 815 3692 Scapulam_c._6,
849 3614 983 3692 dijtit
1009 3636 1021 3671 :
1048 3620 1209 3692 scisso
1235 3620 1420 3692 elogio,
1441 3614 1510 3675 'ut
1534 3621 1737 3675 alludat
1761 3622 1824 3676 ad
1849 3621 1976 3675 illud

379 3687 617 3761 Apostoli
661 3687 856 3761 Colass.
898 3689 940 3742 ll
989 3706 1000 3741 :
1038 3690 1218 3744 Delens
1264 3687 1400 3761 ι]ιῖοά
1440 3692 1681 3746 adversus
1721 3708 1811 3747 nos
1869 3701 1977 3746 erat

378 3759 772 3830 chirographum
799 3760 988 3813 delicti.

448 3828 731 3884 CAI’JIX.
756 3860 826 3869 —
853 3830 926 3902 (a)
962 3830 1213 3904 Percipiet
1241 3834 1483 3904 palmam,
1518 3843 1621 3891 etc.
1654 3833 1805 3891 Facit
1834 3834 1974 3890 istud

406 4048 1141 4066 ῌᾜ-

2078 3122 2145 3178 ad
2167 3120 2583 3178 conﬁrmandam
2602 3119 2903 3176 mercedem
2937 3133 3034 3188 pro
3066 3117 3274 3174 meritis
3300 3132 3542 3188 operum,
3573 3117 3683 3174 sic-
3758 3160 3763 3163 ‹

2081 3195 2155 3250 uti
2189 3202 2244 3249 et
2264 3193 2412 3259 illud,
2462 3192 2670 3263 prwmia
2693 3191 2860 3256 reddi,
2880 3205 2943 3245 ac
2967 3190 3213 3263 mercedis
3234 3188 3681 3263 redditorazquus,

2079 3275 2150 3330 et,
2185 3267 2248 3319 de
2273 3265 2382 3318 solo
2404 3260 2601 3326 merito,
2631 3263 2878 3329 denique,
2910 3272 3022 3331 post
3049 3261 3275 3329 meritos,
3304 3270 3443 3325 ete.,‘
3468 3260 3684 3314 honores

2080 3337 2233 3405 Atqui
2258 3335 2484 3404 corrupti
2506 3333 2738 3389 videntur
2762 3332 2838 3387 illi
2863 3348 3036 3387 versus
3063 3347 3082 3387 :

2140 3449 2245 3519 Nec
2267 3448 2397 3519 velle
2425 3447 2592 3519 illicite
2614 3446 2888 3519 Dominum
2900 3441 3102 3511 culpare
3125 3446 3367 3519 docendo,
3428 3508 3438 3519 .

2140 3513 2376 3574 Suscitet,
2390 3518 2474 3561 aut
2486 3524 2635 3574 quem
2649 3512 2808 3562 anima
2818 3524 2864 3560 m
2878 3510 3119 3575 tamQuam
3135 3510 3201 3561 sit
3216 3521 3357 3573 passa
3366 3510 3680 3572 ruinam,etc.

2081 3614 2214 3670 Item
2241 3625 2294 3671 et
2323 3614 2448 3670 ille:

2206 3729 2425 3781 Cernere
2439 3729 2555 3793 quid
2578 3728 2728 3781 fuerit
2740 3741 2978 3781 conversa
2996 3730 3045 3779 in
3074 3728 3280 3794 pulvere
3298 3728 3540 3792 quondam
3551 3765 3563 3777 .

2083 3833 2180 3892 Ubi
2212 3836 2420 3891 videtur
2447 3834 2595 3892 locus
2620 3837 2863 3892 mutilus.

1316 4237 1792 4349 LIBER
1855 4242 2039 4349 SE
2053 4238 2475 4347 CUND
2495 4238 2712 4349 U'S.

831 4488 972 4558 DE
1029 4486 1665 4561 CONCOBDIA
1726 4486 2206 4575 VETEBIS
2256 4488 2395 4557 ET
2449 4485 2767 4559 ΝΟνλΕ
2819 4483 3158 4608 LEGIS.

1097 4655 1544 4703 ARGUMENTUM
1587 4656 1758 4699 LIBRI
1803 4656 1873 4713 II,
1921 4656 2121 4700 ETIAM
2164 4656 2364 4700 IPSIUS
2409 4652 2738 4699 Αυοτοιιιε.

1100 4765 1251 4847 lnde
1280 4785 1558 4847 sequens
1595 4766 1940 4847 conjuncta
1969 4753 2152 4847 docet
2181 4765 2486 4847 mysteria
2521 4764 2708 4844 legis,

1095 4845 1301 4924 Inque
1332 4845 1501 4909 novo
1535 4845 1885 4926 Deus‘qute
1912 4845 2145 4909 foedere
2176 4845 2430 4908 tradidit
2453 4862 2648 4905 unus.

374 4991 581 5054 Porro
607 4991 705 5052 his
731 4991 961 5067 verbis,
998 4992 1153 5055 satis
1183 4992 1487 5068 obscuris,
1516 4995 1760 5057 indicat
1796 5003 2021 5057 auctor
2068 4993 2370 5073 scriptum
2401 5011 2524 5052 esse
2557 4991 2724 5051 hunc
2764 4986 2991 5051 librum
3020 4987 3093 5049 de
3124 4987 3535 5049 consonantia
3561 5007 3673 5050 ve-

456 5094 604 5156 teris
632 5102 687 5157 et
722 5112 900 5156 ηουω
926 5095 1104 5175 legis,
1140 5095 1312 5176 quod
1337 5096 1488 5158 adeo
1535 5115 1749 5158 recens
1781 5096 1969 5159 titulo
2021 5096 2378 5176 adjecimus.
2414 5094 2615 5155 Prout
2649 5092 2834 5152 etiam
2862 5089 3303 5169 castigavimus
3330 5089 3522 5159 Deus,
3554 5108 3679 5169 pro

452 5196 614 5259 divis
646 5206 780 5257 tum
807 5197 978 5277 quod
1012 5217 1145 5259 non
1189 5198 1368 5263 semel
1403 5198 1585 5261 libris
1625 5198 1943 5277 producat
1973 5198 2249 5279 priorem
2292 5194 2590 5275 syllabam
2637 5193 2940 5256 dictionis
2974 5194 3165 5261 Deus,
3198 5202 3328 5254 tum
3352 5193 3522 5273 quod
3547 5211 3684 5254 non

452 5299 692 5362 soleant
722 5308 956 5362 veteres
984 5299 1229 5381 aliquos
1260 5301 1440 5364 divos
1473 5318 1699 5365 vocare
1718 5347 1732 5368 ,
1762 5310 1890 5361 tum
1920 5301 2182 5380 denique
2203 5297 2372 5379 quod
2400 5296 2481 5358 ad
2510 5296 2801 5358 institum
2827 5294 3025 5375 faciat
3054 5295 3224 5356 Deus
3253 5311 3426 5356 unus
3456 5303 3683 5357 contra

440 5402 655 5480 plures
692 5401 1062 5464 Marcionis
1092 5402 1276 5463 Deos.

871 5524 1097 5581 CAPUT
1137 5518 1425 5581 PRIMUM.

457 5617 748 5693 Postquam
767 5615 931 5673 fracta
956 5617 1088 5672 ﬁdes
1114 5616 1313 5689 refugis
1334 5614 1655 5688 spirantibus
1680 5614 1870 5678 hostis,
1901 5612 1976 5687 (ὁ)

2991 5396 3154 5456 ΡΑΜ.

2002 5485 2150 5587 D‘Et
2174 5521 2468 5592 glomerata
2495 5518 2653 5584 dolis,
2682 5518 2900 5573 emersit
2937 5518 3101 5586 pestis
3122 5527 3306 5586 eperta

2084 5612 2284 5682 Sponte
2308 5627 2424 5675 sua,
2454 5609 2680 5665 mendax
2710 5603 3020 5680 contempto
3047 5607 3277 5664 Numine
3307 5623 3500 5665 sensus

1734 5702 2295 5763 COMMENTARIUS.

449 5804 606 5867 CAP.
640 5804 683 5866 I.
713 5804 891 5884 —-(b)
940 5803 1221 5879 Postquam
1275 5808 1438 5879 fracta
1490 5802 1617 5877 fides
1647 5799 1835 5872 refugis
1883 5798 1990 5872 spi-

2097 5796 2325 5857 rantibus
2379 5794 2571 5863 hostis,
2640 5802 2742 5852 etc.
2812 5792 3228 5853 Emendavimus
3270 5795 3470 5853 euwrsit
3522 5797 3677 5873 pestis

3772 4918 3803 4937 οδ
