4006 6280
374 318 523 385 1065

370 440 601 499 Conliin
630 439 833 512 plagas,
864 434 1036 492 fallaci
1066 435 1279 490 tramite
1309 431 1512 503 pallens

372 537 695 593 Sanctorum
717 530 875 587 dictis
902 543 997 585 sua
1025 526 1241 585 miscuit
1266 525 1425 597 impia
1453 525 1638 592 verba,

371 626 541 699 Inque
567 624 764 679 bonum
789 635 975 678 semen
1000 619 1183 677 lolium
1209 617 1516 675 miserabile
1544 617 1701 673 sevit.

372 717 502 775 Inde
526 717 714 773 volens
738 729 955 771 omnem
975 726 1219 769 caussam
1243 719 1491 767 constare
1518 710 1688 766 ruinae

370 809 591 868 Scilicet
615 817 673 865 ut
696 822 794 863 sua
824 806 963 862 facta
997 806 1108 860 Deo
1133 803 1410 877 subsignet
1433 802 1611 873 iniqua

371 901 556 963 Ocius.
586 909 640 957 et
666 898 832 970 possit
857 910 1046 953 suasos
1071 895 1292 965 infigere
1315 895 1520 966 pomis;

374 991 531 1049 Veris
559 991 692 1047 falsa
723 1001 925 1061 tegens,
951 998 1004 1043 et
1031 986 1241 1042 lenibus
1267 999 1457 1056 aSpera
1484 995 1735 1052 vertens;

373 1082 444 1138 Et
473 1082 644 1139 roseis
682 1079 843 1137 sertis
874 1080 1039 1135 basta:
1072 1091 1329 1132 mucrone
1358 1086 1600 1147 coperto,

374 1176 671 1247 ltnprovise
698 1187 896 1230 nemus
926 1171 1167 1227 incautus
1198 1180 1372 1225 morte
1403 1182 1673 1237 suprema.

372 1270 692 1341 Supremum
718 1265 890 1332 nefas,
933 1264 987 1321 in
1023 1272 1226 1319 tantum
1252 1263 1521 1318 dementia
1553 1276 1761 1318 mersos

372 1362 644 1431 Abruptos
672 1358 939 1422 homines,
968 1355 1176 1411 Numen
1205 1355 1322 1410 sine
1354 1354 1459 1410 line
1491 1352 1826 1413 tremendum

370 1454 622 1512 Dividere
648 1453 702 1508 in
722 1460 938 1523 partes;
965 1448 1162 1506 Christi
1186 1448 1433 1504 sublimia
1456 1448 1595 1503 facta

372 1546 530 1604 Falsa
559 1543 713 1600 laude
742 1542 915 1613 sequi,
944 1540 1268 1612 culpareque
1292 1548 1437 1611 gestu
1471 1540 1668 1610 priora,

372 1635 709 1693 Innumeram
730 1621 836 1690 'Dei
865 1632 1146 1700 miracula,
1175 1631 1291 1686 visa
1319 1647 1418 1687 nec
1448 1646 1719 1701 tanquam,
1750 1629 1825 1701 (α)

370 1731 513 1785 Ante
538 1741 636 1783 nec
663 1725 864 1789 audita,
896 1733 1256 1794 contentaque
1283 1722 1362 1795 (Ι)
1392 1721 1556 1779 corde
1587 1737 1687 1777 nec
1717 1722 1844 1775 ullo.

268 1804 274 1815 ’
371 1819 503 1876 Tam
531 1829 735 1875 temere
761 1815 942 1872 scelus
970 1815 1215 1871 illicitum
1240 1830 1564 1885 componere
1590 1813 1788 1879 verbis,

368 1908 668 1967 Adversum
695 1923 814 1965 sese
847 1907 955 1963 duo
977 1906 1319 1963 Testamenta
1358 1922 1572 1973 sonare,

368 2002 567 2060 Contra
595 1990 977 2073 prophetarum
1012 1998 1219 2054 Domini
1248 1998 1586 2054 committere
1624 1998 1805 2062 verba,

371 2092 626 2150 Dissimili
654 2092 811 2162 longe
838 2091 1101 2148 sententia
1126 2089 1263 2146 velle
1293 2089 1541 2161 probare,

369 2186 596 2242 Omnem
626 2184 782 2255 chis
813 2181 889 2256 (2)
927 2191 981 2238 et
1023 2182 1273 2238 infamem
1299 2181 1567 2239 deducere
1594 2195 1870 2248 caussam;

371 2279 799 2349 Sauctorumque
823 2286 1033 2348 patrum
1057 2277 1219 2332 vitam
1247 2275 1536 2347 reprobate
1567 2276 1822 2346 priorem,

370 2369 517 2439 Quos
542 2370 593 2424 in
622 2366 914 2424 amicitiam
937 2366 1138 2423 atllexit
1164 2366 1328 2432 Deus,
1351 2365 1419 2422 ad
1447 2382 1543 2421 sua
1565 2365 1726 2422 dona.

372 2464 650 2534 Accipitur
676 2462 792 2518 sine
824 2460 1085 2532 principio
1107 2475 1203 2531 pro
1230 2470 1377 2530 parte
1408 2459 1624 2526 minori,

372 2554 637 2624 Quattuor
661 2569 725 2609 ex
759 2569 864 2608 uno
890 2567 1011 2615 cum
1034 2552 1166 2620 sint,
1191 2567 1254 2607 ex
1282 2561 1535 2622 quattuor
1558 2566 1755 2616 unutn;

370 2646 466 2704 llis
497 2656 673 2701 tamen
703 2659 806 2699 una
831 2642 1026 2714 placet,
1056 2642 1310 2713 reprobat
1334 2652 1445 2697 tres
1464 2642 1691 2713 denique
1716 2650 1911 2712 partes,

371 2743 767 2811 Auctoremque
795 2741 874 2794 sui
903 2737 1127 2791 Paulum
1158 2752 1252 2807 per
1280 2735 1442 2792 multa
1463 2747 1771 2807 capes~ttnt.

369 2837 590 2894 Necnon
620 2850 685 2892 ex
717 2834 834 2904 ipso
858 2831 1089 2888 furiebat
1118 2831 1170 2886 in
1200 2832 1399 2887 extima
1424 2830 1607 2896 verba,

370 2929 563 2987 Omnia
589 2943 709 2999 qua:
735 2925 904 2982 veteri
933 2924 999 2980 de
1026 2922 1231 2980 foedere
1259 2937 1487 2995 cumque
1509 2922 1737 2987 loeutus,

372 3022 516 3078 Dura
543 3019 791 3075 videntur
822 3017 922 3082 eis,
952 3016 1145 3072 merito
1169 3013 1292 3085 quia
1311 3015 1474 3072 corde
1498 3014 1750 3086 gravatis.

372 3112 589 3171 Pondns
613 3111 991 3182 apostolicum,
1020 3108 1270 3180 fulgentis
1289 3108 1458 3187 gratia
1480 3108 1650 3175 verbi,

371 3205 598 3263 Lumina
628 3203 886 3275 przcducit
910 3203 1095 3267 menti,
1124 3215 1298 3273 neque
1317 3216 1537 3257 cernere
1563 3210 1815 3271 possunt;

370 3298 572 3370 Spiritu
603 3295 706 3352 lata
734 3303 919 3367 putant
944 3293 1189 3359 hebetes,
1225 3292 1476 3349 animalia
1499 3292 1677 3365 digna.

1027 3384 1253 3443 CAPUT
1290 3385 1360 3442 ll.

444 3481 549 3541 Sed
582 3497 700 3550 vos,
728 3480 820 3552 qui
847 3478 1082 3536 nondum
1115 3479 1348 3550 penitus,
1380 3478 1519 3535 duce
1538 3476 1764 3535 Numine
1785 3478 1916 3536 falso

278 3563 283 3568 Δ
376 3578 552 3635 Mente
582 3576 694 3647 ipsa
724 3562 960 3645 reprobi,
990 3571 1311 3644 pcnetrastis
1329 3571 1398 3627 ad
1426 3572 1609 3628 intima
1636 3573 1844 3637 mortis,

1785 312 2247 372 TEBTULLIANI

1810 403 1813 407 ’
1989 431 2038 491 Α
2069 429 2269 485 Discite
2289 428 2357 485 de
2385 428 2530 486 fonte
2560 427 2778 485 fluvium
2807 443 3027 485 manare
3061 426 3466 500 perennem,(b)

3536 309 3677 369 IOGI

2074 518 2175 587 Qui
2208 517 2378 575 nutrit
2414 519 2585 587 illum,
2617 519 2858 576 bissenos
2886 521 3055 591 gratia
3086 519 3312 587 fructus,

2074 611 2200 667 Exit
2224 619 2278 666 et
2308 613 2360 667 itt
2399 621 2618 679 terram,
2649 624 2947 684 ventosque
2974 614 3026 669 in
3063 622 3317 684 quattuor
3341 613 3508 683 orbis,

2074 701 2176 758 Tot
2198 702 2316 759 fluit
2337 704 2388 758 in
2412 713 2592 776 partes
2621 704 2784 761 fontis
2810 705 2964 762 color
2997 716 3053 762 et
3078 722 3242 777 sapor
3270 723 3425 764 unus.

2074 794 2165 851 Sic
2187 803 2244 851 et
2264 796 2561 866 apostolico
2586 795 2827 852 decurrit
2852 798 3092 853 Ecclesia
3117 798 3303 864 verbo,

2076 887 2151 941 Ex
2183 897 2334 942 utero
2358 886 2580 952 Christi,
2607 888 2781 964 Patris
2807 887 2987 945 omnis
3013 889 3182 960 gloria
3210 889 3390 960 plena,

2072 979 2273 1036 Sordes
2296 979 2503 1037 diluere
2523 990 2577 1038 et
2608 983 2709 1037 fata
2738 993 2953 1037 mortua
2982 982 3280 1041 vivificare.

2074 1071 2336 1140 Quattuor
2362 1074 2414 1127 itt
2438 1089 2661 1130 numero
2682 1075 2934 1131 diffusum
2961 1075 3015 1131 in
3039 1075 3289 1147 gentibus
3319 1093 3505 1145 ttnttm,

2074 1163 2366 1234 Electaque
2394 1163 2498 1220 fide
2520 1174 2851 1236 susceptum,
2883 1166 3074 1223 doctor
3095 1169 3310 1238 epimus

2075 1256 2260 1312 Tradit
2286 1256 2629 1327 Evangelium
2658 1258 2853 1313 l‘aulns
2874 1258 2991 1314 sine
3017 1259 3246 1314 crimine
3277 1258 3557 1327 mundum,

2076 1351 2294 1421 Absque
2327 1349 2428 1407 hoc
2455 1360 2510 1406 et
2529 1350 2747 1408 Galatas
2769 1353 2939 1409 vetuit
2958 1352 3238 1411 discedere
3264 1364 3500 1421 sanctos,

2074 1445 2221 1512 Quos
2243 1446 2358 1501 falsi
2387 1445 2581 1503 fratres
2606 1463 2667 1504 se
2695 1448 3084 1505 circumcidere
3107 1464 3317 1516 snasos,

2074 1538 2251 1608 Atque
2281 1537 2551 1594 elementa
2582 1541 2757 1611 sequi,
2784 1556 2918 1595 nova
2946 1541 3196 1597 libertate
3219 1542 3426 1608 relicta,

2077 1626 2275 1683 Umbra
2306 1628 2610 1686 futurorum
2644 1632 2811 1687 veleri
2839 1633 3044 1688 servire
3075 1631 3361 1689 decebant.

2078 1719 2183 1774 llas
2216 1720 2400 1775 habuit
2425 1721 2628 1778 Calatis
2649 1739 2870 1780 caussas
2896 1725 3241 1781 conscribere
3266 1722 3485 1792 Paulus,

2003 1821 2051 1881 Β
2080 1811 2194 1867 Νοιι
2228 1823 2281 1867 ut
2306 1814 2579 1884 Evangelii
2610 1824 2814 1885 partem
2845 1833 2942 1887 pro
2971 1832 3199 1889 corpore
3226 1826 3339 1873 toto

2076 1906 2398 1977 Exciperent
2421 1906 2710 1975 modicam,
2736 1909 2925 1979 majori
2955 1923 3106 1981 parte
3125 1910 3336 1967 relicta.

2075 1999 2252 2070 Atque
2274 1998 2411 2055 adeo
2439 2016 2545 2055 non
2573 2000 2734 2057 verba
2761 2001 2907 2067 libri,
2934 2001 3030 2058 sed
3056 2002 3252 2058 missus
3284 2002 3338 2057 itt
3365 2003 3551 2061 urbem

2074 2092 2194 2162 Ipse
2221 2090 2493 2160 Christus,
2523 2093 2872 2163 Evangelinm
2898 2105 3007 2160 est,
3035 2095 3079 2150 si
3105 2110 3329 2152 eernere
3348 2095 3532 2162 vultis,

2078 2182 2124 2239 A
2150 2183 2308 2240 Patre
2329 2185 2418 2255 qui
2442 2185 2609 2253 venit,
2638 2185 2786 2241 solus
2808 2186 2947 2241 bona
2972 2188 3156 2243 nuntia
3176 2192 3407 2259 portans

2002 2280 2009 2287 “
2072 2279 2380 2338 ’l‘cstitlcata
2405 2282 2585 2354 prius;
2618 2284 2774 2355 cujus
2804 2286 2992 2357 ingens
3017 2285 3186 2358 gloria
3209 2287 3470 2359 complet,

2070 2372 2373 2432 Ostendens
2395 2391 2562 2446 opere
2585 2386 2816 2447 quantus
2835 2382 2907 2432 sit
2929 2380 3177 2455 conditor
3201 2380 3369 2436 orbis.

2071 2466 2235 2535 Cujus
2263 2467 2417 2534 facta,
2442 2468 2598 2523 simul
2620 2469 2775 2525 dictis
2796 2469 3104 2542 conjuncta,
3130 2470 3317 2529 ﬁdeles

2056 2558 2174 2624 ,Illi,
2200 2560 2502 2627 Matthmus,
2534 2561 2757 2629 Marcus,
2791 2562 3093 2636 anasque,
3124 2564 3382 2633 Joannes,

2070 2650 2475 2724 Conscripsere,
2509 2669 2680 2721 mera,
2711 2670 2816 2709 non
2841 2664 3023 2711 extera
3056 2656 3220 2711 verba
3250 2657 3430 2726 locuti,

2071 2744 2271 2817 Spiritu
2301 2756 2484 2801 sancta
2516 2746 2636 2813 Dei,
2669 2757 2819 2802 tanto
2844 2756 3115 2818 prtcscntc
3147 2751 3423 2823 magistro.

2702 2839 2930 2896 CAPUT
2964 2840 3050 2896 III.

2146 2927 2242 2984 llic
2266 2944 2434 3001 agnus
2461 2930 2684 2987 Pascha:
2710 2931 3057 3002 suspenditur
3084 2933 3259 2989 hostia
3289 2933 3466 3006 ligno;
3495 2935 3562 3007 (c)

2075 3018 2225 3075 Ilnnc
2254 3020 2449 3077 Paulus
2474 3022 2661 3093 phase,
2688 3023 3036 3081 conscribens
3060 3025 3273 3083 decreta
3302 3028 3580 3095 Corintho,

2073 3110 2321 3168 Occisum
2348 3115 2510 3170 tradit
2535 3116 2827 3187 vitamque,
2862 3117 3138 3188 Deumque
3164 3117 3400 3176 futurum

1993 3210 2039 3272 C
2073 3205 2401 3262 Promissum
2431 3208 2858 3279 patribus,‘qnos
2885 3208 3220 3267 illectaverat
3244 3222 3392 3269 ante.

2072 3297 2293 3353 Cernite
2320 3298 2448 3369 quid
2476 3298 2667 3365 virtus,
2694 3300 2816 3372 quis
2837 3301 3051 3372 pascha:
3080 3304 3251 3373 possit
3281 3304 3477 3376 imago,

2073 3387 2163 3445 Sic
2193 3404 2379 3444 verum
2407 3389 2533 3461 quid
2564 3389 2637 3446 sit
2660 3391 2906 3463 poteritis
2934 3392 3134 3463 pascha
3162 3394 3365 3451 videre.

2072 3479 2149 3535 Ne
2181 3479 2318 3535 fidus
2350 3491 2520 3551 pater,
2549 3490 2604 3538 et
2631 3491 2783 3539 vates
2797 3482 2877 3557 (τι)
2909 3484 2996 3540 cni
3025 3485 3218 3557 pignus
3252 3496 3308 3542 et
3329 3486 3501 3545 haeres

2072 3573 2284 3630 Charus
2320 3569 2639 3647 crat,‘quem
2670 3575 2810 3634 forte
2834 3579 2976 3636 Deus
3001 3578 3293 3660 donaverat
3316 3580 3415 3650 illi,

1618 3686 1996 3745 LECTIONE‘S
2034 3686 2449 3745 VARIANTES.

443 3810 462 3875 (
472 3807 516 3873 l)
541 3808 929 3873 Contemptaque
950 3804 1113 3858 Obert.

2149 3803 2222 3868 (Ξ)
2246 3803 2310 3855 Et
2323 3816 2417 3856 nou
2441 3800 2556 3870 legit
2580 3807 2745 3858 Obert.

1754 3908 2319 3969 COMMENTARIUS.

383 4046 580 4106 operta,
605 4048 702 4105 pro
728 4034 914 4106 pectis:
939 4028 1080 4106 quod
1107 4029 1235 4106 vitio
1258 4028 1672 4101 typrographico
1701 4027 1980 4083 videbatur

385 4103 704 4176 irrepsisse;
736 4105 891 4159 sicuti
922 4103 1080 4158 etiam
1108 4103 1269 4177 paulo
1296 4109 1416 4171 post
1443 4116 1455 4154 :

510 4217 783 4281 Improvisc.
807 4228 989 4266 necans
1004 4215 1223 4265 incautos
1244 4220 1404 4263 morte
1422 4222 1671 4274 suprema,

386 4340 484 4396 pro
512 4321 536 4378 1
546 4323 808 4398 inprovisa
827 4337 1039 4398 negans.
1069 4320 1229 4398 Atqui
1254 4318 1484 4398 pertinet
1509 4317 1574 4371 ad
1602 4315 1820 4398 phrasin
1836 4312 1979 4398 _'I'er-

388 4388 713 4452 tulliauicatn
758 4388 924 4447 illud':
958 4401 1013 4445 ut
1039 4408 1132 4445 sua
1162 4388 1301 4455 facta
1342 4388 1450 4442 Deo
1478 4388 1736 4458 consignet
1774 4388 1978 4457 iniqua,

388 4479 444 4536 et
472 4483 670 4525 sttasos,
699 4480 796 4534 pro
826 4478 1113 4536 persuasus,
1138 4462 1349 4530 inﬁgere
1368 4459 1550 4530 panis,
1573 4469 1626 4514 et
1652 4458 1810 4528 paulo
1833 4468 1979 4536 post:
2010 4476 2063 4536 D

390 4535 600 4593 Domini
626 4533 935 4590 conmittere
959 4533 1129 4588 verba.

466 4608 542 4692 (ει)
574 4607 906 4689 Imminet-ala
932 4603 1030 4686 Dei
1061 4600 1327 4667 miracula,
1358 4601 1464 4654 visa
1490 4615 1580 4655 nec
1608 4616 1851 4669 unquam,
1879 4611 1982 4656 etc.

390 4676 490 4736 Isti
520 4676 684 4735 cursui
710 4676 1070 4746 conjunximas
1095 4688 1114 4726 :

517 4792 646 4841 Ante
668 4802 764 4839 nec
786 4787 970 4846 audita,
994 4790 1324 4848 contentaque
1339 4782 1485 4857 corde
1502 4796 1599 4835 nec
1623 4783 1740 4845 ullo,

392 4904 449 4954 et
475 4903 594 4967 post
620 4890 895 4964 posuimus
921 4888 1066 4943 ill‘um
1098 4905 1112 4943 :

519 5007 641 5059 Tam
658 5013 851 5056 temere
872 4999 1035 5052 scelus
1056 4999 1275 5051 illicitum
1297 5013 1595 5067 componere
1611 5001 1812 5065 verbis;

394 5127 465 5168 eo
480 5109 619 5182 quod
642 5108 749 5182 illic
764 5106 970 5182 alludat
995 5104 1061 5182 ad
1085 5104 1214 5160 illud
1244 5104 1361 5182 lsai.
1396 5106 1638 5182 LXlYet
1682 5107 1705 5162 Ι
1731 5108 1877 5182 Cor.,
1903 5104 1946 5161 II
1974 5122 1987 5161 :

395 5177 556 5251 Quod
577 5180 763 5235 oculus
788 5194 892 5251 non
925 5178 1075 5243 vidit,
1101 5192 1201 5251 nec
1233 5177 1380 5251 auris
1407 5179 1628 5242 audivit,
1662 5193 1760 5235 nec
1797 5180 1856 5251 in
1897 5194 1991 5234 cur

400 5248 634 5310 hominis
663 5248 933 5317 ascendit;
966 5264 1073 5319 quo
1110 5250 1168 5303 lit
1192 5257 1252 5303 ut
1293 5249 1453 5305 etiam
1493 5249 1988 5321 castigaveritnus:

395 5331 750 5388 contentaque,
801 5335 897 5390 pro
936 5328 1318 5389 contemptaque
1364 5334 1382 5372 :
1428 5322 1583 5375 sicuti
1622 5320 1787 5375 etiam
1835 5320 1992 5388 paulo

399 5404 524 5463 post
551 5410 564 5449 ε
588 5393 707 5463 quia
735 5392 888 5446 corde
905 5392 1145 5463 grauatis,
1172 5405 1269 5460 pro
1293 5393 1509 5460 gravati.
1538 5391 1706 5447 Porro
1733 5391 1896 5446 etiam
1920 5390 1991 5446 ibi

401 5462 656 5520 tuendum
689 5465 908 5520 subesse
934 5462 1187 5518 videtur:
1252 5486 1268 5494 -

326 5552 331 5557 ’
522 5554 707 5620 Spiritu
726 5555 820 5607 lata
844 5561 1016 5620 putant
1037 5552 1262 5608 habetes,
1285 5550 1509 5600 animalia
1522 5551 1698 5615 digna;

396 5669 518 5782 lant.
542 5660 690 5716 locus
727 5658 972 5743 mutilus,
1003 5658 1087 5713 cui
1114 5655 1319 5725 absque
1349 5653 1455 5709 MS.
1491 5653 1608 5709 cod.
1645 5652 1852 5711 mederi
1885 5669 1990 5711 non

420 5743 566 5782 ICIIII.

420 5746 465 5783 I‘
528 5743 566 5787 ι.

438 5748 627 5861 ιῖζΑΡ.
675 5801 827 5858 II.»
849 5800 925 5872 (lt)
954 5798 1028 5854 De
1045 5795 1409 5872 [aute/luvium
1445 5812 1658 5850 Iltttltttt‘e
1703 5808 1989 5863 perennem,

2085 4037 2192 4083 etc.
2224 4024 2476 4081 Solemnc
2504 4041 2643 4094 esse,
2682 4026 2819 4082 Beda
2854 4036 3008 4093 teste,
3043 4028 3214 4096 poetis
3256 4027 3580 4095 Christianis,
3625 4040 3685 4086 nt

2086 4115 2113 4152 ε
2141 4100 2190 4150 in
2224 4097 2327 4151 line
2360 4096 2676 4165 pl‘OtlttCattl,
2707 4098 2917 4153 duabus
2948 4098 3262 4156 in‘dictioue
3287 4100 3457 4156 altera
3484 4114 3683 4155 conso-

2088 4169 2340 4222 nantibus
2365 4169 2745 4237 scqueutibns;
2773 4170 2951 4235 sicuti,
2977 4170 3214 4239 exempli
3240 4170 3431 4239 gratia,
3461 4181 3570 4226 tum
3598 4172 3686 4227 hic

2086 4239 2309 4301 auctori,
2326 4248 2504 4293 etnon
2527 4240 2692 4293 semul
2710 4242 3068 4308 postmodum,
3097 4241 3499 4306 tnnt,Jttvenco,
3517 4241 3553 4294 Ι.
3578 4242 3681 4297 IV:

2087 4310 2312 4383 Aspicite
2339 4308 2567 4375 scribas;
2592 4318 2659 4383 et
2689 4309 2976 4383 Prudenlio
2996 4309 3213 4366 Cather.
3247 4312 3384 4367 ccede
3407 4312 3682 4383 stupenda.

2094 4379 2287 4453 Allutlit
2330 4388 2509 4435 autem
2550 4380 2616 4434 ad
2651 4381 2894 4453 bissenos
2937 4382 3228 4451 apostolos,
3252 4379 3686 4453 quorum'soans

2090 4452 2238 4506 exivit
2254 4451 2304 4503 in
2326 4466 2524 4505 onmem
2550 4460 2733 4506 terram
2749 4462 2793 4506 et
2807 4452 2859 4505 in
2872 4462 3042 4507 uentos
3062 4451 3284 4522 quatuor
3294 4454 3449 4518 orbis,
3470 4454 3519 4507 id
3538 4468 3612 4509 rs:
3633 4456 3685 4511 in

2094 4522 2228 4577 ﬁnes
2250 4522 2396 4596 orbis
2420 4533 2708 4596 terrarum,
2730 4523 2884 4596 sicuti
2919 4522 3110 4594 legitur
3136 4523 3274 4578 Psal.
3301 4523 3495 4596 XVIII.
3525 4525 3685 4596 Atqui

2095 4591 2537 4676 emendavintus:
2571 4593 2760 4649 Sordes
2786 4591 2999 4658 diluere,
3030 4609 3133 4676 pro
3169 4595 3391 4676 sordide,
3421 4596 3509 4650 ubi
3548 4591 3689 4652 nu've

2093 4682 2139 4717 at
2158 4664 2286 4732 cipit
2316 4667 2424 4733 fata
2450 4673 2649 4717 mortua
2672 4704 2685 4729 ,
2734 4679 2828 4733 pro
2856 4664 3068 4720 mortuis
3095 4665 3398 4733 hominibus,
3428 4676 3483 4722 et
3517 4683 3642 4722 mox
3670 4685 3683 4721 :

2096 4735 2371 4802 Eiectaque
2394 4734 2512 4801 ﬁde,
2543 4750 2639 4804 pro
2665 4734 2938 4804 eiectoque.

2156 4806 2319 4877 CAP.
2361 4804 2446 4860 III.
2494 4834 2563 4845 --
2612 4804 2686 4877 (c)
2730 4803 2837 4877 Hic
2883 4822 3047 4877 agnus
3101 4805 3315 4862 Pascha:
3360 4807 3692 4875 suspenditur

2094 4871 2261 4929 hostia
2302 4876 2461 4948 ligno,
2506 4871 2633 4948 etcf
2657 4871 2873 4948 Alludit
2908 4871 2972 4931 ad
3004 4877 3172 4932 illttdl
3203 4879 3327 4933 Cor.
3358 4877 3402 4932 V
3433 4871 3461 4933 ε’
3483 4878 3690 4934 Pascha

2095 4957 2323 5001 nostrum
2347 4947 2662 5001 immolatus
2706 4956 2780 5001 est
2819 4947 3100 5015 Christus;
3148 4957 3204 5003 et
3230 4948 3359 5003 illtul
3389 4965 3403 5002 :
3434 4950 3693 5014 vitamque

2095 5016 2358 5089 Deumque
2414 5018 2661 5087 futurum,
2710 5016 2939 5074 refertur
2990 5019 3055 5074 ad
3107 5019 3159 5073 id
3213 5018 3354 5089 quod
3414 5021 3691 5089 sequitur:

2097 5086 2440 5153 Promissum,
2471 5089 2559 5144 ubi
2590 5090 2829 5158 sequitur
2870 5104 2972 5145 vox
3001 5086 3563 5159 antiqtta'illeetaver'at
3588 5132 3602 5154 ,
3639 5101 3697 5147 et

2097 5173 2227 5232 mos
2261 5159 2472 5230 poetico
2516 5175 2666 5216 more
2706 5159 2962 5232 producta
3002 5159 3056 5215 in
3108 5160 3401 5230 penultima
3430 5175 3554 5227 vox,
3598 5179 3700 5232 po-

2096 5230 2274 5284 teritis.

2106 5327 2113 5337 »
2169 5300 2247 5371 (d)
2278 5300 2360 5355 Ne
2385 5300 2519 5371 ﬁdas
2542 5311 2703 5371 pater,
2734 5310 2779 5355 et
2807 5310 2962 5368 uates,
2993 5309 3096 5356 etc.
3137 5301 3497 5371 Ahrahamum
3529 5302 3695 5358 intel-

2096 5369 2227 5496 Liﬁit,
2258 5375 2340 5427 cui
2369 5369 2730 5445 (Cen.XXll)
2759 5387 2856 5443 pro
2873 5370 3018 5428 Isaac
3037 5373 3153 5443 ejus
3181 5370 3292 5429 ﬁlio
3309 5371 3374 5428 ad
3404 5372 3699 5431 immolau-

2174 5459 2243 5496 tn.

2136 5457 2243 5507 unt,

2226 5559 2490 5611 Connexus
2511 5561 2673 5624 capite
2691 5561 2843 5624 spinis
2865 5559 3141 5610 ostenditur
3159 5572 3334 5623 agnus,

2097 5640 2255 5699 sicuti
2278 5642 2331 5697 in
2358 5658 2423 5700 eo
2448 5643 2591 5716 quod
2616 5644 2887 5715 sequitur:

2717 5751 2944 5816 Cujusdc
2970 5760 3091 5804 mort
3150 5753 3199 5813 ri
3234 5753 3269 5801 ti

2223 5813 2368 5866 Esset
2391 5823 2446 5867 ut
2470 5819 2517 5867 in
2540 5818 2751 5879 signum,
