4006 6280
362 322 504 383 1065
1196 352 1205 359 -
1696 324 1944 387 APPENI

2096 325 2317 388 PRIMA.
2610 324 2635 335 ί
3398 356 3401 359 ·
3539 336 3678 395 1066

256 504 265 511 ο
358 433 515 492 Hunc
542 433 653 490 Deo
679 441 960 507 mactarct,
988 436 1183 494 merito
1214 442 1450 494 tentatus
1478 449 1698 505 amore;
1979 443 2037 503 A
2062 442 2152 497 Sic
2174 442 2377 513 placuit
2403 442 2634 501 Domino
2659 453 2889 511 mortem
2916 447 3152 520 spoliare
3179 448 3496 522 superbam;

359 527 690 598 Supplicium
722 545 995 602 magnum,
1030 539 1248 587 sanctus
1274 546 1371 602 pro
1391 532 1653 602 sanguine
1684 535 1908 607 sanguis
1970 543 1982 559 '
2068 533 2158 590 Sic
2178 537 2379 606 poterit
2404 538 2743 597 miserandus
2770 540 2933 595 homo
2953 544 3174 612 sperare
3201 545 3452 600 salutem.

357 621 647 679 Conucxus
674 623 848 695 capite
873 625 1042 695 spinis
1070 624 1372 682 ostenditur
1400 640 1568 697 agnus
2066 625 2222 705 Hunc
2244 630 2499 700 pascham
2526 631 2726 688 Paulus
2747 640 3037 689 mactatum
3066 633 3324 704 praedicat
3343 650 3571 708 agnum;

358 715 545 773 Ilcsﬁa
571 728 755 773 sancta
785 718 914 773 Deo.
947 717 1111 788 Cujus
1133 717 1201 773 de
1220 725 1395 774 morte
1421 718 1552 788 piati
1614 787 1626 796 _
2067 719 2179 776 Nec
2199 724 2408 802 species
2435 724 2645 781 Domini
2674 727 2880 797 pcccris
2909 725 3154 783 sublimis
3177 727 3365 784 inertis

356 810 517 867 Esset
542 822 601 867 ut
624 813 675 867 in
698 812 911 884 signum
937 822 991 868 et
1016 821 1234 869 vastata:
1265 813 1487 885 pignora
1508 811 1702 883 gentis,
2069 813 2391 887 Consimilisf
2411 818 2629 887 patitur,
2653 826 2978 890 quaprOpter
2996 817 3193 875 dicitur
3214 835 3413 892 agnus;

355 903 625 975 Sanguine
646 904 927 976 signantur
952 912 1137 976 postes
1164 914 1219 961 et
1244 905 1433 961 limina
1457 905 1649 973 multa,
2070 907 2178 964 Sed
2207 910 2331 980 quia
2358 911 2570 969 lanities
2596 918 2855 970 renovata
2882 913 2999 970 haec
3022 927 3252 985 corpora
3271 918 3458 985 vestit,

354 994 595 1053 Immane
623 996 903 1066 auxilium,
934 1010 1065 1054 caro
1096 997 1251 1053 testis
1276 997 1512 1053 creditur
1542 1011 1688 1053 esca.
2071 999 2173 1056 Dat
2191 1002 2423 1073 tegimen
2448 1004 2650 1077 multis,
2684 1020 2914 1078 unquam
2941 1022 3042 1065 nec
3066 1006 3399 1080 deﬁcitipsc.

353 1087 512 1146 Jesus
543 1098 911 1161 transgressus
933 1087 1136 1145 Jordan
1169 1096 1419 1159 terraque
1444 1087 1671 1160 politus,
1810 1114 1813 1117 ν
2082 1086 2087 1091 ’
2693 1142 2731 1161 η
2750 1143 2765 1161 ι
2786 1130 2813 1161 ᾖ

353 1132 512 1146 -..νυν
544 1132 910 1161 "ww-.-"
933 1132 1136 1145 -.η-η.
1170 1132 1419 1159 .-η-,μυ
1444 1132 1671 1160 pm"--.

353 1180 498 1253 Lege
518 1180 665 1237 dedit
688 1180 963 1252 pascham,
991 1179 1230 1253 gaudens
1254 1189 1412 1251 atque
1434 1180 1676 1236 immolat
1703 1194 1919 1252 agnum.
2691 1132 2919 1200 CAPUT
2959 1141 3048 1199 lv-

354 1274 423 1329 Et
450 1272 640 1344 reliqui
669 1274 844 1344 magni
865 1288 1021 1345 reges
1054 1274 1336 1345 sanctique
1363 1272 1670 1344 prephetm,
2138 1271 2228 1328 Sic
2261 1271 2517 1331 Dominus
2544 1256 2742 1333 virtute
2764 1276 2961 1345 Patris,
2987 1292 3124 1348 quos
3146 1288 3321 1337 morte
3341 1280 3571 1341 redemi.
3598 1283 3671 1358 (b)

352 1368 470 1425 Non
494 1369 802 1439 ignorantes
826 1377 989 1424 certa:
1009 1369 1274 1440 promissa
1295 1366 1504 1433 salutis,
2067 1362 2274 1421 Exutos
2294 1381 2391 1443 sua
2418 1368 2539 1425 luce
2571 1371 2720 1441 tegit,
2748 1385 2869 1441 qua:
2899 1386 3114 1444 semper
3139 1373 3193 1429 in
3222 1373 3314 1430 illo
3338 1386 3443 1432 est.

353 1461 756 1532 lngentcmque,
786 1470 936 1516 metu
965 1460 1130 1531 pleni,
1163 1460 1548 1516 transcendere
1577 1458 1778 1530 legem,
2065 1457 2209 1533 Ergo
2229 1460 2421 1520 Pastor
2448 1478 2603 1521 ovem
2633 1465 2725 1536 qui
2750 1466 3005 1537 perdidit,
3043 1467 3158 1538 ipse
3187 1471 3433 1540 requirit.

354 1554 645 1611 Venturam
667 1570 891 1612 summa:
915 1556 1131 1611 virtutis
1157 1554 1392 1626 imagine
1414 1554 1636 1619 molem,
2066 1551 2117 1609 Is
2146 1554 2313 1611 robur
2338 1555 2630 1629 Spinasque
2657 1573 2777 1614 uvae
2801 1559 3012 1617 calcare
3040 1570 3280 1632 paratus,

349 1644 651 1719 InSpectam
684 1664 716 1704 e
741 1649 964 1720 speculo
989 1648 1333 1705 celebrarunt
1360 1647 1550 1704 ordine
1572 1644 1847 1717 pascham.
2064 1645 2174 1701 Aut
2196 1647 2399 1704 rabiem
2429 1663 2687 1721 superare
2707 1650 2837 1721 lupi,
2871 1651 3249 1726 pecudumque
3273 1656 3459 1726 potiri.

348 1739 611 1811 Denique,
644 1741 690 1795 si
711 1740 881 1798 celeri
905 1740 1202 1812 primordia
1230 1748 1412 1796 mente
1431 1753 1710 1806 recurras,
2066 1736 2291 1809 Eripere
2311 1740 2484 1809 fortis,
2508 1743 2834 1813 contemptis
2859 1743 3110 1801 dentibus
3130 1747 3297 1817 ultro,

346 1831 595 1890 Invenies
620 1832 832 1890 funesta
864 1834 1045 1900 nimis,
1072 1843 1197 1906 post
1220 1829 1382 1904 impia
1404 1832 1570 1889 verba
1599 1850 1614 1888 :
1988 1838 2038 1900 Β
2066 1830 2312 1901 Objectat
2335 1848 2455 1890 sese
2485 1834 2570 1891 leo
2596 1835 2739 1905 pelle
2768 1836 3012 1893 obtectus
3040 1839 3190 1906 ovili,

347 1925 606 1983 Credulus
633 1927 742 1983 heu
766 1927 782 1982 l
811 1927 965 1984 facile
987 1927 1219 1984 nudatus
1248 1927 1481 1999 tegmine
1504 1927 1651 1995 vitae,
2066 1925 2353 1997 Decipiens
2381 1926 2590 1994 habitu,
2621 1937 2876 2000 rapturus
2902 1933 3164 2003 sanguine
3189 1931 3395 1991 fauces.

256 2078 259 2089 1
347 2016 588 2074 Pellibus
610 2027 666 2073 ut
699 2028 970 2089 tegeretur
995 2019 1180 2088 homo,
1210 2018 1560 2090 suspenditur
1598 2033 1793 2090 agnus,
1843 2044 1846 2047 η
2065 2017 2238 2073 Adam
2264 2013 2319 2074 vi
2341 2028 2558 2090 captum
2578 2021 2657 2076 sic
2677 2021 2869 2093 quaerit
2887 2019 3136 2079 Christus
3164 2023 3380 2095 ubique,

348 2109 457 2168 Aut
492 2121 711 2183 peccata
738 2122 916 2182 necat,
953 2122 1041 2168 aut
1069 2113 1329 2184 sanguine
1359 2111 1547 2168 funera
1582 2112 1751 2182 delet,
2063 2109 2183 2179 Ipse
2208 2111 2347 2166 viam
2368 2111 2644 2182 gradiens,
2674 2128 2777 2184 qua
2808 2129 2957 2169 mors
2979 2125 3199 2185 operata
3231 2119 3441 2174 ruinam
3472 2130 3554 2176 est

349 2205 459 2261 Aut
484 2207 690 2276 ceperit
715 2205 911 2273 nudos,
942 2205 1087 2262 fovet
1105 2214 1199 2261 aut
1220 2219 1319 2262 suo
1346 2205 1550 2261 vellere
1577 2205 1772 2261 vulnus
1801 2201 1900 2278 (a),
2063 2201 2255 2259 Omnia
2281 2205 2616 2274 perlustrans
2644 2215 2887 2262 veterum
2915 2218 3265 2287 monumenta
3296 2212 3557 2284 virorum,

348 2297 465 2353 Non
492 2299 703 2368 pecoris
734 2298 954 2370 sanguis
977 2297 1216 2354 humano
1242 2297 1502 2369 sanguine
1531 2296 1744 2368 pluris,‘
2064 2293 2285 2366 Singula
2310 2298 2671 2368 perspiciens,
2693 2299 2958 2369 exemplis
2985 2301 3234 2358 omnibus
3266 2318 3428 2373 unus,

349 2387 420 2445 Ut
445 2405 543 2460 pro
576 2390 809 2459 peccatis
840 2390 1053 2446 oblatus
1077 2390 1294 2445 dirimat
1316 2390 1471 2457 iram,
2063 2386 2147 2443 Ex
2174 2397 2328 2445 utero
2358 2390 2623 2461 incipiens
2643 2391 2917 2449 inimicam
2946 2395 3217 2465 expellere
3241 2406 3492 2467 mortem,

347 2483 458 2539 Aut
484 2484 665 2540 multae
691 2484 887 2555 plebis,
915 2484 1077 2541 veluti
1097 2485 1143 2541 si
1169 2484 1348 2539 carior
1368 2499 1558 2556 agnus.
2061 2477 2540 2552 Conceptaesimul
2562 2484 2615 2541 in
2641 2487 2851 2557 gremio
2874 2501 2998 2542 cum
3028 2488 3236 2545 semine
3258 2492 3439 2548 carnis

348 2575 621 2631 Auxilium
650 2575 909 2644 immane,
942 2586 1104 2633 tantae
1134 2576 1298 2632 tutela
1320 2575 1534 2643 salutis,
2063 2572 2276 2631 Elates
2301 2592 2488 2634 omnes
2516 2578 2679 2635 tacita
2704 2578 2975 2664 sapientig
2997 2582 3249 2651 lustrans,
3294 2607 3311 2650 ε

349 2667 572 2725 Oblatus
599 2671 776 2740 potuit
800 2671 1028 2739 pretium
1055 2671 1185 2727 satis
1209 2686 1331 2728 esse
1359 2670 1673 2741 redemptis.
1707 2666 1792 2743 (l)
2059 2663 2250 2722 Debita
2272 2669 2596 2741 suscipiens,
2627 2682 2856 2729 cunctos
2885 2663 3149 2730 mundare
3177 2684 3416 2745 paratus,

349 2762 422 2817 At
450 2762 594 2818 Deus
616 2763 980 2834 omnipotens,
1004 2766 1127 2821 coeli
1155 2774 1421 2836 terraeque
1442 2772 1677 2833 creator,
2061 2758 2310 2816 Reddere
2335 2761 2523 2819 factori
2549 2764 2770 2833 multos,
2801 2780 2937 2836 quos
2964 2776 3237 2837 Sparserat
3263 2784 3420 2827 unus.

349 2852 673 2922 Immensus,
700 2854 878 2922 vivus,
905 2855 1197 2927 perlectus,
1226 2857 1344 2913 luce
1369 2857 1646 2928 perennis,
2060 2849 2129 2906 Et
2158 2852 2278 2923 quia
2309 2854 2563 2911 terribilis
2598 2864 2761 2927 puteo
2790 2857 3073 2934 demersus
3102 2859 3288 2930 iniquo

353 2943 447 3001 His
478 2960 585 3002 non
616 2947 883 3018 placatur,
908 2947 1175 3018 pecudum
1199 2964 1374 3019 neque
1395 2949 1659 3020 sanguine
1679 2951 1896 3020 gaudet.
2063 2941 2159 2998 Vir
2177 2943 2391 3013 cecidit,
2421 2947 2592 3003 suasit
2619 2949 2768 3019 Virgo
2796 2947 3062 3005 SUbdllCla
3089 2949 3361 3017 ἀιῖίὶοοηθῖ

351 3037 539 3094 Omnia
569 3049 872 3097 mactentur
904 3056 1118 3111 pecora,
1148 3058 1277 3114 grex
1300 3043 1479 3099 omnis
1508 3043 1561 3098 in
1590 3057 1712 3098 aras
2060 3033 2299 3101 Οοηεῖιίο
2325 3038 2547 3108 placuit,
2578 3046 2791 3110 tegmen
2819 3041 3042 3097 caeleste
3062 3042 3311 3113 reliquit;

352 3129 657 3200 Decrcmet,
684 3140 743 3187 ut
768 3132 977 3187 veniam
1018 3133 1104 3190 vel
1136 3134 1345 3205 peccati
1374 3134 1555 3205 expiet
1581 3148 1719 3189 unus
1738 3151 1779 3207 ;ἶ
2061 3126 2250 3200 Arguil
2277 3129 2375 3186 hos
2400 3131 2603 3202 lignum
2632 3131 2829 3201 nudos,
2856 3120 3014 3190 mors
3034 3142 3150 3189 atra
3172 3136 3370 3207 coegit,

355 3220 705 3293 Nequaquam
738 3221 956 3279 Domini
984 3224 1199 3295 sapiens
1224 3226 1495 3283 maculata
1524 3226 1712 3296 ﬁgura,
1991 3222 2037 3286 C
2071 3217 2156 3275 EX
2180 3221 2368 3278 eadem
2390 3237 2568 3279 massa
2594 3224 2758 3280 Simili
2779 3224 2990 3281 talione
3008 3226 3212 3284 refecta

354 3312 488 3369 Tam
519 3314 613 3369 vili
640 3314 815 3385 pretio
844 3330 971 3371 caro
996 3317 1140 3373 foeda
1166 3318 1374 3404 paravit
1401 3319 1669 3385 honores;
2062 3311 2179 3368 Jam
2210 3324 2485 3383 renovata,
2515 3315 2652 3371 redit
2677 3315 2779 3372 ﬂos
2806 3318 3007 3384 carnis,
3038 3327 3094 3373 et
3120 3317 3327 3389 hospita
3359 3320 3503 3391 pacis
3551 3322 3635 3397 (2)

356 3404 467 3462 Sed
493 3420 618 3476 spes
644 3414 699 3462 et
726 3406 990 3477 promissa
1016 3407 1146 3465 ﬁdes
1176 3403 1494 3465 mortalibus
1522 3409 1673 3479 olim,
1794 3412 1797 3415 ’
2011 3439 2024 3451 -
2064 3403 2283 3477 Virgine
2310 3407 2576 3479 desponsa
2605 3422 2752 3478 caro,
2782 3424 2889 3466 non
2920 3425 2990 3466 ex
3018 3411 3223 3467 semine
3252 3422 3381 3470 nato

337 3497 488 3557 .Haec
515 3508 734 3570 operata
763 3499 901 3569 tulit,
928 3516 1134 3583 magna:
1156 3503 1380 3560 rationis
1402 3503 1599 3575 imago,
2064 3496 2271 3555 Artiﬁci
2299 3498 2586 3570 conjuncta
2616 3514 2738 3570 suo,
2766 3500 2884 3559 sine
2910 3500 3092 3558 debito
3119 3503 3309 3558 mortis

360 3589 736 3649 Praemeditata
767 3594 963 3662 Patris,
988 3594 1150 3651 nimia
1179 3596 1377 3667 pietate
1403 3604 1585 3667 parata
2063 3592 2300 3664 Angelus
2323 3590 2441 3649 haec
2465 3593 2713 3650 mandata
2744 3593 2939 3664 Patris,
2965 3609 3061 3666 per
3085 3593 3263 3651 sidera
3291 3594 3465 3652 defert

359 3683 660 3755 Venturum
689 3685 960 3742 Christum
995 3688 1171 3756 terris,
1200 3688 1582 3760 hominemque
1609 3686 1886 3757 futurum;
2064 3683 2288 3754 Lucida,
2314 3697 2371 3742 ut
2394 3686 2633 3759 angelica
2657 3687 2944 3744 credantur
2967 3687 3152 3744 nuntia
3173 3687 3336 3758 fama,

360 3777 531 3846 Quem
560 3778 734 3834 visum
769 3779 1023 3848 Joannes,
1061 3780 1312 3852 baptismi
1345 3781 1550 3853 primus
1578 3792 1818 3852 apertor,
2066 3776 2300 3850 Virginis
2329 3788 2388 3835 ut
2411 3780 2580 3851 virgo;
2604 3781 2783 3837 carnis
2810 3795 2940 3837 caro
2967 3780 3146 3837 debita
3172 3780 3366 3837 solvat.

361 3871 431 3928 Et
455 3880 636 3939 vatum
667 3873 869 3941 socius,
899 3888 1107 3930 necnon
1134 3882 1189 3929 et
1215 3874 1493 3944 apostolus
1514 3874 1721 3946 ingens,
2068 3868 2287 3929 Talibus
2300 3868 2591 3944 ingressus
2620 3874 2861 3945 sequitur
2888 3872 3112 3944 vestigia
3148 3874 3335 3929 mortis

363 3963 672 4021 Prtecursor
700 3967 897 4022 missus
923 3975 1122 4033 certus,
1154 3969 1411 4038 testisque
1443 3966 1640 4036 ﬁdelis,
2068 3961 2328 4019 Parvulus
2355 3964 2626 4031 immanis,
2667 3964 2850 4019 senior
2876 3979 3012 4036 puer
3037 3973 3092 4018 et
3111 3963 3325 4033 juvenis
3355 3963 3455 4037 vir.

366 4054 637 4126 Augustus
666 4056 790 4124 vita,
827 4041 1039 4113 sublimi
1068 4057 1224 4114 laude
1252 4066 1493 4125 notatus,
2071 4055 2219 4121 Post,
2251 4054 2342 4110 ubi
2364 4054 2507 4125 justa
2536 4053 2635 4109 viri
2669 4055 2934 4125 completa
2966 4062 3050 4111 est
3076 4053 3289 4110 roboris
3311 4062 3465 4125 tetas,

368 4144 509 4203 Olim
533 4148 731 4219 pascha
759 4148 875 4217 Dei,
903 4165 1092 4206 verum
1117 4150 1481 4221 quaerentibus
1506 4162 1725 4221 agnum,
2072 4148 2335 4206 Paulatim
2367 4148 2555 4205 solitus
2583 4147 2728 4205 socia
2756 4147 3053 4219 deperdere
3081 4149 3186 4205 vita
3204 4167 3243 4220 ;6

371 4240 616 4298 Ostendit
648 4243 860 4300 tandem
880 4244 1114 4311 venisse,
1136 4244 1345 4316 piacula
1371 4243 1497 4299 facti
2076 4239 2132 4296 In
2163 4239 2330 4297 foedas
2353 4242 2517 4297 etiam
2539 4255 2700 4312 rugas
2723 4247 2780 4297 et
2807 4240 2998 4298 inertia
3029 4242 3271 4300 membra

372 4334 472 4404 Qui
492 4336 686 4394 delicta
709 4352 808 4393 suo
836 4338 1127 4394 multorum
1151 4338 1411 4408 sanguine
1440 4338 1634 4404 solvat,
2073 4333 2263 4392 Mutari
2295 4334 2472 4405 specie
2499 4334 2737 4391 vacuatis
2763 4334 3022 4407 sanguine
3046 4336 3198 4392 venis

375 4430 479 4486 Pro
513 4430 756 4501 reprobis
781 4432 1004 4504 probus,
1034 4439 1089 4487 et
1114 4430 1335 4500 charns,
1361 4446 1459 4501 pro
1481 4431 1676 4487 vilibus
1705 4447 1863 4500 unus,
2077 4426 2348 4493 Constitit,
2379 4425 2521 4481 haud
2549 4424 2789 4481 habitum
2822 4441 3011 4497 passus
3040 4435 3373 4486 veterascere
3398 4430 3597 4499 carnis,

377 4522 612 4595 Corpore
636 4524 800 4581 homo
824 4525 1039 4597 vitaque
1059 4524 1223 4592 Deus,
1253 4532 1516 4581 mactatus
1542 4533 1601 4580 ut
1619 4540 1806 4596 agnus,
2077 4517 2260 4586 Quave
2285 4531 2504 4573 manum
2526 4517 2764 4573 extendit
2793 4525 2997 4574 temere
3025 4519 3336 4590 contingere
3361 4522 3585 4593 lignum.

380 4620 661 4691 Acciperet
686 4634 786 4677 nos
815 4630 872 4677 et
896 4619 1053 4683 nobis
1081 4635 1141 4678 se
1166 4617 1468 4679 effunderet
1494 4619 1689 4691 ipsum.
2008 4633 2063 4694 Β
2088 4612 2204 4680 Qua
2233 4611 2323 4668 die
2349 4625 2525 4700 quove
2556 4610 2678 4669 loco
2701 4610 2895 4669 cecidit
2922 4611 3252 4671 clarissimus
3277 4614 3447 4672 Adam
3479 4614 3573 4687 (c),

1600 4731 1981 4794 LECTIONES
2016 4730 2434 4794 VARIANTES.

443 4828 517 4895 (l)
545 4828 726 4882 Salutis
743 4830 887 4883 Pam.
922 4834 1084 4882 Venet.
2145 4824 2421 4891 (2),Paucis
2436 4826 2583 4879 Pam.

1755 4932 2315 4995 COMMENTARIUS.

386 5053 455 5137 ad
480 5052 654 5137 Exod.
678 5068 727 5109 c.
753 5051 872 5119 XII,
894 5052 1258 5137 ubisanguine
1281 5038 1401 5124 agni
1426 5050 1973 5133 paschalis_jubentur
2077 5048 2337 5106 Christum
2352 5049 2552 5175 probat
2575 5047 2750 5137 etiam'
2761 5062 2833 5132 ex
2859 5046 3151 5131 Evangelia
3169 5047 3334 5131 .Joan.
3366 5047 3411 5105 Ι.

386 5142 578 5175 manarr
609 5135 775 5175 hostes
814 5135 861 5175 et
894 5125 1075 5175 ltmma
1113 5125 1294 5175 malm.
1323 5139 1419 5175 nro
1444 5139 1550 5175 (tuo
1590 5123 1770 5175 maltm
1796 5124 1974 5175 legere
2147 5120 2281 5175 CAP
2328 5120 2348 5175 I
2403 5156 2419 5174 .
2460 5148 2534 5161 —-
2587 5119 2664 5175 (bl
2711 5120 2801 5175 διε
2844 5119 3096 5175 Dominus
3132 5130 3314 5175 virtute
3345 5120 3411 5175 Ρι

386 5126 579 5196 signari
609 5135 775 5196 postes
814 5135 861 5178 et
894 5125 1075 5180 limina
1107 5119 1294 5196 multa,
1314 5119 1550 5196 pro—quo
1572 5119 1770 5196 malim
1796 5124 1974 5193 legere
2082 5193 2122 5196 _
2147 5120 2300 5196 CAP
2328 5119 2419 5196 IV.
2460 5148 2534 5161 ——
2587 5119 2664 5191 (b)
2711 5119 3096 5196 Sic_Dominus
3132 5121 3314 5196 virtute
3345 5120 3538 5187 Patris,
3569 5131 3674 5179 etc.

390 5191 564 5261 mata;
593 5191 688 5252 sed
718 5195 846 5250 nihil
873 5197 1166 5251 immutavi.
1197 5191 1399 5263 Quibus
1425 5191 1606 5263 adjicit
1634 5204 1687 5249 ct
1718 5191 1977 5249 Pascha»:
2080 5191 2517 5265 Tertullianicum
2558 5200 2637 5265 est
2666 5191 3015 5265 pecudumque
3039 5192 3211 5265 potiri,
3239 5202 3306 5261 ιρι
3343 5196 3536 5263 eripere
3563 5197 3677 5265 for-

391 5267 713 5323 celebratam
735 5309 750 5332 ,
782 5266 903 5333 Jos..
927 5266 990 5321 V.
1021 5262 1407 5338 Castigavimus
1428 5262 1603 5321 autem
1635 5266 1793 5336 paulo
1833 5274 1973 5336 post,
2082 5266 2184 5331 tis;
2209 5265 2292 5338 sic
2312 5263 2456 5318 enim
2480 5264 2719 5338 legimus
2740 5279 2767 5317 e
2789 5263 2846 5319 in
2870 5262 2976 5338 ﬁne
3006 5263 3262 5338 producta
3283 5306 3296 5330 ,
3322 5262 3425 5338 pro
3444 5279 3508 5317 eo
3529 5262 3673 5334 quod

392 5340 757 5425 ααεεανξθιιίιξε
786 5332 964 5425 rem
993 5332 1284 5425 άεςςιέῡνο.
1303 5338 1516 5425 dare-
1684 5421 1711 5425 _
2083 5332 3087 5425 steEX'inrfelenagirasferuet?
3114 5332 3677 5425 4?i‘!f?”€i-il9!‘3§f¥9f}

468 5408 541 5480 (a)
573 5404 729 5463 Fovet
753 5404 843 5462 aut
868 5426 962 5464 suo
996 5404 1403 5473 vellere'vulnus,
1436 5417 1542 5480 etc.
1567 5406 1664 5480 llic
1684 5421 1781 5477 per
1802 5407 1982 5480 Alicen-
2086 5406 2256 5480 multo
2279 5414 2403 5480 post
2425 5404 2535 5480 sine
2576 5404 2741 5480 debito
2771 5406 2969 5480 mortis,
2991 5408 3080 5480 _sic
3117 5407 3260 5480 enim
3301 5406 3677 5475 castigavimus

395 5476 531 5534 tiam
552 5481 809 5551 poeticam
833 5481 1118 5550 corripitur
1138 5498 1167 5534 ο
1199 5480 1354 5535 litera
1381 5480 1433 5551 in
1467 5476 1845 5551 ﬁneqdicjtionis
1865 5495 1978 5551 auro,
2084 5490 2185 5551 pro
2208 5476 2395 5543 debita,
2442 5476 2596 5551 sicuti
2623 5477 2783 5551 etiam
2825 5476 3036 5551 vestigia
3081 5477 3278 5551 mortis,
3319 5491 3418 5547 pro
3439 5488 3674 5532 mortem.

396 5546 740 5622 sicutteliant
770 5546 1083 5621 frequenter.
1104 5560 1287 5622 postea
1315 5551 1367 5607 in
1400 5549 1749 5622 his_ce_lil_)ris,
1772 5549 1839 5622 d_e
1867 5546 1984 5604 aliis
2087 5546 2291 5622 Rursus
2318 5559 2447 5602 vero
2474 5546 2540 5601 ad
2571 5546 3048 5622 stylumuauctoris
3092 5546 3337 5618 pertinet
3354 5546 3558 5601 manum
3584 5564 3677 5603 ex-

399 5620 705 5693 christianis
734 5618 903 5691 poetis
944 5618 1175 5693 idipsum
1197 5622 1320 5678 vide
1353 5620 1495 5691 apud
1537 5619 1985 5693 BedamaEmen:
2089 5618 2734 5693 tendit,_etc.,__contingere
2761 5618 2976 5693 lignum2

402 5691 644 5765 davimus
688 5687 851 5748 etiam
896 5701 950 5747 ut
980 5687 1071 5763 pro
1112 5694 1349 5765 peccatis,
1380 5687 1478 5762 pro
1502 5700 1627 5765 _aut,
1658 5696 1718 5745 ut
1761 5689 1813 5765 id
1842 5689 1987 5765 quod
2093 5759 2143 5765 Ἀ
2164 5688 2234 5761 (c)
2261 5689 2494 5765 Qua-die,
2524 5687 2682 5758 quave
2703 5690 2815 5744 loco
2834 5687 3015 5765 cecidit
3033 5687 3345 5765 clarissimus
3367 5688 3678 5765 Adam,et_c.

401 5763 675 5834 praecedit,
701 5778 804 5817 non
839 5759 1053 5833 pecoris.
1097 5759 1169 5820 sit
1208 5759 1552 5834 interrogatio
1572 5770 1672 5834 ,_et
1698 5759 1989 5831 accipiatur
2090 5759 2182 5834 Sic
2202 5759 2625 5834 emendavimus,
2653 5775 2753 5832 pro
2782 5759 3286 5834 carissimus._Atqui
3322 5761 3462 5832 quod
3490 5759 3577 5817 hic
3601 5761 3687 5817 di-

403 5830 552 5895 inore
581 5830 981 5905 Tertullianico,
1016 5834 1159 5903 Non,
1206 5850 1304 5907 pro
1353 5830 1561 5891 nam.
1599 5831 1769 5894 Porro
1801 5830 1990 5908 agnum
2126 5832 2187 5902 it,
2215 5840 2271 5891 et
2296 5845 2420 5897 mox
2446 5831 2643 5891 clarius
2656 5830 2868 5906 repetit
2898 5830 2982 5886 his
3004 5830 3180 5886 verbis
3208 5850 3221 5887 :

888 5932 1326 5995 TBRTULLIANI
1362 5930 1440 5994 II.
2714 5949 2720 5977 π
2794 5926 3352 6013 {Troum—qualn.)
