4006 6280
196 411 221 427 Ι

351 320 487 403 ltiti?
1004 425 1008 433 ι

347 460 459 514 llac
484 448 670 511 eadem
699 444 955 510 redeunte
983 440 1071 506 die
1101 446 1440 506 volventibus
1466 449 1618 505 annis

348 549 404 603 lu
437 548 610 603 stadio
639 538 788 615 ligni,
812 538 966 598 fortis
990 556 1310 613 congressus
1341 542 1538 596 athleta
1567 556 1581 606 ;

347 638 705 708 Extenditque
736 642 944 703 manus,
978 618 1190 705 poenam
1219 643 1271 688 ct
1300 640 1396 704 pro
1424 630 1577 689 laude
1608 624 1822 689 secutus
1885 646 1894 655 '

345 731 551 787 Devicit
579 737 830 784 mortem.
858 722 981 799 Quia
1002 736 1239 801 mortem
1271 736 1463 797 sponte
1491 725 1723 797 reliquit,

343 822 512 879 Exuit
542 821 763 878 exuvias
788 820 964 877 carnis
990 828 1043 877 et
1070 819 1246 877 debita
1276 821 1500 885 mortis;
1590 815 1597 819 “

345 915 624 987 Serpentis
650 913 898 986 spolium,
927 908 1136 970 devicto
1163 910 1399 985 principe
1427 913 1631 981 mundi,

344 1008 551 1066 Adﬁxit
578 1010 741 1081 ligno,
770 1008 1073 1079 refugarum
1102 1009 1333 1065 immane
1356 1008 1675 1079 trophaetuu.

344 1102 406 1159 lu
435 1104 587 1175 cujus
610 1104 817 1175 signum
844 1103 1017 1161 Moses
1046 1104 1400 1176 suspenderat
1425 1121 1675 1177 anguem,

344 1196 413 1253 Et
440 1205 699 1268 quotquot
727 1196 936 1252 fuerant
962 1198 1145 1253 multis
1175 1197 1512 1268 serpentibus
1541 1198 1650 1266 icti,

343 1277 700 1363 Adspicerent
729 1290 907 1362 ipsum
935 1276 1115 1347 lictum
1150 1292 1420 1362 ﬁxumque
1447 1288 1735 1347 draconem

341 1384 491 1453 Post,
523 1384 615 1440 ubi
638 1390 875 1440 secretas
905 1382 1095 1439 inferni
1122 1384 1266 1440 venit
1291 1383 1359 1439 ad
1389 1370 1578 1450 undas,

342 1478 517 1550 Atque
544 1491 698 1533 suum
731 1476 900 1533 victor
925 1476 1190 1548 captivum
1223 1474 1341 1533 l'uee
1367 1475 1587 1544 retexit,

344 1566 586 1625 Adstanti
614 1568 928 1641 iussumque
956 1558 1129 1625 Patris
1153 1569 1349 1624 virtute
1376 1570 1600 1640 peregit,

344 1663 547 1735 Sponte
584 1674 740 1719 suum
765 1677 958 1734 corpus
986 1661 1127 1735 quod
1150 1644 1397 1735 liquerat,
1430 1662 1544 1734 ipse
1576 1662 1795 1733 recepit.

341 1754 541 1811 Caussa
574 1755 689 1811 haec
717 1744 905 1810 mOrtis
934 1758 1067 1822 erat,
1099 1754 1287 1812 eadem
1315 1756 1398 1811 via
1419 1756 1554 1811 facta
1582 1756 1798 1825 salutis;

340 1846 569 1905 Nuntius
595 1847 683 1904 ille
710 1846 840 1921 doli,
868 1846 961 1904 sed
988 1848 1136 1919 pacis
1162 1849 1378 1903 nuntias
1405 1848 1504 1904 iste
1529 1866 1543 1917 ;

341 1940 548 2011 Sponsa
579 1938 748 1996 virum
776 1936 978 2008 necuit,
1008 1940 1192 2012 genuit
1216 1939 1310 1997 sed
1335 1956 1531 2012 sponsa
1564 1940 1794 1999 leonem.

347 2032 506 2106 Virgo
537 2033 652 2090 viro
680 2035 880 2099 nocuit,
913 2029 1006 2089 sed
1033 2033 1114 2089 vir
1136 2032 1205 2089 de
1232 2033 1435 2105 virgine
1465 2028 1607 2090 vicit.

338 2125 504 2197 Cujus
533 2126 586 2182 in
607 2126 935 2197 exemplum,
963 2126 1139 2196 sopito
1169 2142 1396 2198 corpore
1421 2144 1635 2196 somno,

340 2218 584 2278 Sumitur
608 2234 672 2275 ex
699 2219 865 2276 latere
893 2220 1104 2286 mulier,
1135 2237 1253 2292 qum
1281 2230 1427 2277 costa
1454 2222 1651 2291 mariti;

340 2313 511 2384 Quam
534 2326 751 2369 carnem
783 2312 850 2369 de
876 2326 1036 2369 carne
1062 2329 1158 2369 sua
1184 2298 1357 2385 deque
1387 2314 1599 2373 ossibus
1625 2331 1770 2386 ossa,

339 2408 611 2479 Evigilaus
638 2406 790 2477 dixit,
817 2421 1053 2479 praesaga
1080 2414 1258 2462 mente
1279 2406 1507 2464 locutus.
1554 2464 1557 2469 ,

340 2501 476 2557 Mira
505 2487 659 2568 fides,
689 2500 880 2557 merito
911 2481 1110 2555 Paulus
1132 2485 1465 2557 certissimus
1494 2514 1699 2568 auctor,

338 2591 613 2648 Christum
637 2590 707 2647 de
734 2590 884 2647 caelis
904 2588 1272 2647 Adam-decet
1294 2576 1414 2648 esse
1441 2594 1755 2651 secundum.

340 2685 552 2741 Veritas
574 2685 685 2756 ipsa
712 2683 823 2740 suis
848 2682 1107 2754 exemplis
1136 2698 1227 2739 usa
1251 2684 1508 2757 refulget;

337 2778 451 2836 Nec
469 2780 617 2850 cupit
642 2792 705 2835 ex
737 2778 910 2834 alieno
932 2793 1087 2834 acres
1115 2774 1400 2836 ostendere
1431 2796 1644 2851 gressus
1672 2801 1684 2838 :

339 2871 598 2944 Pauperis
625 2873 728 2929 hoc
748 2886 882 2943 opus
909 2879 1012 2939 est,
1045 2874 1276 2944 preprize
1306 2873 1515 2929 virtutis
1543 2874 1697 2947 egeni
1730 2893 1744 2931 :

341 2967 470 3024 llaec
500 2968 695 3023 Paulus
722 2966 905 3022 docuit
934 2983 1159 3038 magnus
1190 2970 1441 3043 mysteria
1472 2970 1650 3041 docta,

337 3060 555 3119 Scilicet
579 3061 631 3117 in
670 3060 888 3117 Christo
925 3075 1047 3117 esse
1087 3057 1270 3127 decus,
1304 3070 1474 3129 tuum,
1521 3054 1784 3141 Ecclesia,
1814 3078 1936 3120 cer-

570 3140 571 3143 “
1670 3152 1830 3228 [nens
1861 3154 1935 3229 (α)

340 3247 510 3319 llujus
534 3247 602 3305 de
620 3247 812 3316 latere,
838 3245 984 3319 ligno
1013 3244 1294 3315 pendentis
1325 3248 1376 3303 in
1401 3240 1508 3303 alto

337 3339 593 3411 Corporis
618 3339 850 3395 exanimi
879 3338 1096 3411 sanguis
1123 3340 1356 3396 manavit
1386 3352 1441 3397 et
1469 3326 1679 3398 humer.

335 3432 580 3492 meina
606 3433 823 3505 sanguis
851 3443 990 3499 erat,
1014 3449 1174 3509 aquzc
1204 3428 1354 3505 erant
1382 3451 1516 3490 nova
1543 3435 1682 3492 dona
1714 3435 1932 3507 lavacri,

333 3525 462 3582 llmc
508 3527 687 3599 populi
723 3540 843 3580 vera
872 3533 954 3580 est
979 3520 1206 3599 viventis
1234 3510 1468 3582 Ecclesia
1501 3510 1691 3593 mater,

333 3615 412 3674 De
431 3614 628 3673 Christi
656 3632 791 3672 nova
818 3632 980 3697 carne
1003 3630 1150 3686 caro,
1175 3606 1345 3688 deque
1371 3619 1590 3675 ossibus
1619 3635 1800 3676 ossnm
1830 3620 1931 3695 (l).

334 3710 598 3781 Golgotha
626 3709 777 3764 locus
803 3702 903 3773 est,
931 3704 1122 3778 capitis
1140 3706 1371 3763 calvaria
1396 3702 1662 3780 quondam
1691 3713 1786 3785 (b);

338 3804 546 3876 Lingua
576 3812 797 3874 paterna
825 3790 971 3874 prior
1004 3786 1081 3857 sic
1111 3790 1261 3858 illum
1290 3801 1504 3860 nomine
1543 3804 1710 3873 dixit;
1754 3850 1757 3853 .

334 3899 433 3956 llic
458 3898 691 3955 medium
723 3890 1007 3979 terrcee's‘t,
1030 3892 1118 3979 hic
1144 3894 1227 3953 est
1250 3892 1466 3954 victoria
1498 3898 1707 3970 signum
1739 3921 1753 3956 :

330 3996 406 4053 Os
427 3984 678 4066 magnum
700 3990 785 4048 hic
812 3973 1019 4048 veteres
1049 3970 1125 4066 (ἑ)
1154 3992 1323 4047 nostri
1354 3982 1586 4051 docuere
1613 4006 1888 4066 repertum

333 4085 434 4144 llic
458 4072 732 4142 hominem
761 4068 992 4154 primum
1018 4083 1357 4154 suscepimus
1382 4098 1501 4140 esse
1533 4070 1825 4155 sepultum,

1753 294 2216 389 remotum

1967 446 2018 507 A
2048 445 2143 502 llic
2174 446 2369 517 patitur
2397 440 2666 511 Christus,
2692 440 2779 516 pio
2806 432 3065 515 sanguine
3097 451 3240 500 terra
3265 440 3545 509 madescit,

3503 318 3642 383 1063

2044 538 2223 595 Pulvis
2250 530 2381 594 Adae
2412 549 2469 594 ut
2490 536 2657 609 possit
2682 538 2877 594 veteris
2902 553 3022 593 cum
3049 538 3310 606 sanguine
3334 535 3517 593 Christ

2042 632 2394 696 Comtnixtus,
2426 629 2676 686 stillantis
2703 646 2857 702 aquae
2891 630 3084 687 virtute
3112 630 3277 688 levari
3311 629 3414 703 (3).

2043 725 2170 781 llaec
2198 725 2315 780 ovis
2340 733 2423 780 est
2453 720 2553 779 una
2581 740 2740 797 quam
2768 741 2825 780 se
2857 726 2950 794 per
2979 723 3199 786 sabbata
3219 723 3393 780 vivam
3417 721 3489 797 (c)

2043 817 2245 874 Inferni
2270 832 2301 874 c
2331 828 2489 888 puteo
2510 817 2696 873 statuit
2724 816 3025 874 subducere
3052 826 3257 889 pastor.

2045 913 2337 985 Propterea
2361 916 2569 967 euuctre
2597 911 2777 969 carnis
2804 920 3125 983 prazmortua
3155 907 3394 967 membra

2044 1005 2279 1062 Curabat
2304 998 2601 1072 s'abbathis,
2632 1012 2723 1059 aut
2751 1003 2882 1062 eieci
2907 1019 2935 1059 a
2957 1003 3194 1075 germine
3220 1005 3333 1060 nati

2044 1099 2290 1163 Lumina,
2321 1114 2440 1169 qua:
2462 1098 2695 1154 nondum
2726 1096 2967 1165 dederat,
2997 1084 3267 1155 cernendo
3298 1099 3532 1171 peregit;

2044 1192 2153 1246 Aut
2180 1189 2450 1246 hominem
2486 1200 2651 1247 totum
2683 1187 3006 1269 exanimem,
3029 1180 3124 1261 per
3149 1178 3368 1247 sabbata
3395 1191 3569 1246 vivum

2046 1284 2229 1355 Deque
2256 1282 2553 1354 sepultura,
2586 1278 2836 1355 praesenti
2871 1272 3045 1353 plebe,
3072 1276 3314 1349 vocavit;

2047 1378 2164 1448 lpsc
2191 1376 2316 1433 novi
2349 1376 2538 1444 factor,
2574 1376 2770 1433 veteris
2798 1374 2970 1433 bonus
2997 1364 3110 1461 ipse
3138 1378 3387 1445 refector,

2046 1468 2154 1526 Aut
2181 1484 2301 1540 quae
2331 1460 2617 1525 defuerunt
2645 1468 2924 1539 suppleas,
2955 1454 3047 1547 aut
3078 1468 3287 1541 perdita
3314 1467 3568 1527 reddens.

2046 1564 2175 1620 Haec
2206 1563 2422 1620 ineunte
2448 1563 2533 1620 die
2561 1573 2749 1621 sancto
2775 1565 3116 1636 sperantibus
3147 1564 3199 1620 in
3227 1580 3283 1621 sc

2050 1656 2309 1714 Facturus
2329 1656 2487 1729 plene
2513 1672 2611 1729 pro
2639 1668 2813 1729 pacto,
2848 1672 3005 1741 posse
3029 1653 3271 1714 docebat.

2676 1740 2903 1810 CAPUT
2947 1740 3011 1807 v.

1973 1842 2021 1903 B
2120 1846 2291 1917 Quid?
2321 1861 2449 1903 caro
2474 1848 2517 1901 si
2549 1844 2796 1913 moritur,
2839 1832 2940 1901 nec
2981 1828 3108 1916 spes
3148 1828 3305 1901 datur
3330 1841 3455 1915 ulla
3498 1842 3644 1917 salu-

3066 2000 3071 2005 .
3424 1934 3513 2008 [lis
3538 1932 3643 2008 (ιι).

2045 2035 2187 2105 Quas
2214 2032 2396 2089 habuit
2424 2024 2642 2089 caussas
2668 2016 2943 2087 hominem
2967 2014 3025 2087 se
3047 2030 3248 2102 fingere
3270 2026 3540 2094 Christus,

2046 2128 2114 2182 Et
2154 2116 2421 2185 medicare
2445 2125 2712 2192 homines,
2740 2136 2833 2183 aut
2860 2139 3041 2180 curam
3069 2112 3249 2179 carnis
3279 2120 3517 2177 habere?

2043 2218 2359 2290 Corruptela
2390 2229 2579 2290 potens
2610 2218 2953 2290 liquefactum
2982 2216 3196 2273 solvere
3216 2228 3444 2285 corpus:

2044 2310 2159 2368 Non
2189 2312 2385 2384 poterit
2418 2310 2582 2367 virtus
2606 2311 2819 2367 Domini
2844 2325 3101 2367 revocare
3122 2306 3392 2364 solutum?

2043 2405 2284 2461 Credunt
2307 2405 2521 2461 interitu
2550 2404 2641 2476 qui
2667 2421 2773 2461 non
2799 2418 2897 2462 sua
2926 2419 3151 2475 corpora
3183 2402 3340 2472 solvi,

2046 2499 2163 2556 Non
2191 2500 2415 2575 credunt
2442 2497 2688 2564 Domino,
2720 2514 2813 2554 sua
2852 2501 2940 2571 qui
2974 2500 3087 2556 vult
3123 2516 3302 2558 mersa
3333 2500 3535 2566 levare,

2046 2597 2152 2648 Aut
2176 2592 2318 2646 nolle
2348 2580 2605 2662 perstare
2627 2590 2848 2661 bonum,
2881 2608 3056 2664 neque
3088 2610 3247 2666 posse
3276 2604 3550 2667 potentem

2047 2687 2256 2755 Dicunt,
2290 2685 2461 2758 ignari
2483 2698 2680 2759 quanto
2707 2686 2773 2741 de
2799 2688 3024 2745 crimine
3055 2689 3274 2759 lactent,

2043 2780 2289 2835 lulirmas
2316 2781 2428 2835 ausi
2454 2796 2675 2838 caussas
2709 2798 3022 2853 prccponere
3048 2785 3230 2843 morti.

2043 2871 2101 2928 lu
2130 2871 2295 2944 grano
2321 2875 2448 2931 latet
2475 2875 2655 2943 arbor,
2686 2888 2736 2932 et
2765 2875 2864 2932 hoc
2888 2878 2986 2933 nisi
3012 2888 3153 2935 terra
3176 2880 3443 2953 sepultum

2043 2958 2340 3034 Putrescat,
2369 2983 2474 3024 non
2497 2968 2587 3025 dat
2614 2968 2895 3053 decoratos
2926 2970 3119 3028 arbore
3143 2971 3367 3045 fructus.

2041 3061 2158 3118 Jam
2190 3062 2403 3133 liquida:
2429 3047 2757 3135 stringentur
2783 3047 2965 3136 aqum;
2999 3066 3259 3125 stridente
3287 3069 3463 3141 rigore

2042 3155 2182 3212 Saxa
2214 3156 2361 3223 tieut,
2394 3164 2448 3211 et
2472 3171 2686 3227 semper
2705 3166 2882 3224 erunt,
2913 3158 3014 3213 nisi
3043 3174 3236 3230 magna
3266 3171 3499 3231 potestas
3571 3169 3579 3179 '

1963 3239 2008 3302 C
2042 3251 2273 3307 Solverit
2296 3251 2512 3308 inducto
2538 3251 2682 3307 molli
2710 3252 2945 3322 spirante
2973 3261 3175 3323 tepore.
3392 3330 3397 3339 Ι

2020 3345 2286 3417 ,νὶιὶοιιιω
2316 3345 2371 3401 in
2408 3346 2591 3418 gracili
2619 3347 2749 3402 latet
2778 3348 2966 3418 ingens
2992 3362 3219 3419 corpore
3250 3348 3459 3415 botrus;

2040 3439 2096 3497 Si
2127 3454 2359 3512 qumras,
2388 3456 2495 3495 non
2524 3447 2607 3495 est
2632 3455 2644 3492 :
2675 3454 2795 3495 cum
2830 3440 2939 3496 vult
2971 3441 3132 3506 Deus,
3162 3456 3283 3497 esse
3299 3441 3530 3498 videtur.

2041 3531 2338 3589 Arboribus
2367 3531 2509 3598 folia,
2544 3531 2714 3602 spinis
2741 3546 2883 3595 rosa,
2915 3532 3156 3603 germina
3181 3533 3392 3605 campis

2042 3625 2247 3703 Mortua
2278 3622 2554 3689 deficiunt,
2586 3630 2640 3678 et
2666 3639 2855 3678 rursus
2880 3622 2996 3679 viva
3021 3632 3327 3696 resurgunt.

2044 3716 2169 3772 Hinc
2199 3715 2397 3771 homini
2425 3714 2564 3770 Deus
2585 3723 2710 3769 ante
2738 3715 2923 3770 oculos
2948 3725 3195 3772 revocata
3222 3716 3493 3782 reformat,

2042 3806 2266 3876 Propter
2294 3820 2454 3876 quem
2486 3804 2724 3877 locuples
2755 3807 2957 3876 primus
2989 3805 3155 3878 large
3176 3807 3353 3863 omnia
3385 3806 3528 3863 fecit.

2042 3897 2231 3954 Omnia
2257 3886 2396 3953 nuda
2418 3897 2633 3962 cadunt,
2662 3912 2761 3953 suo
2792 3913 3017 3970 corpore
3043 3899 3249 3979 singula
3287 3900 3446 3955 vestit
3478 3919 3491 3956 :

2040 3992 2151 4047 (Eur
2181 3978 2452 4046 hominem
2483 3988 2672 4059 solum,
2708 3989 2793 4045 cui
2821 3998 2997 4046 tantos
3024 3978 3156 4047 fudit
3183 3991 3438 4060 honores,

2041 4086 2156 4142 Non
2185 4094 2389 4140 tantum
2410 4092 2626 4141 revocet
2653 4082 2777 4154 sibi,
2817 4098 2976 4155 quem
3005 4099 3170 4156 super
3194 4085 3377 4144 omnia
3401 4084 3567 4144 fecit?

1564 4199 1948 4264 LECTIONES
1984 4202 2400 4264 VARIANTES.

415 4316 467 4379 1)
498 4313 626 4379 Ossa
663 4315 832 4379 Venet.

417 4375 470 4444 2)
494 4376 696 4432 Veteris
714 4375 875 4430 Obert.

1956 4359 2011 4423 D

2099 4317 2173 4385 (3)
2197 4316 2388 4370 Levare
2412 4316 2573 4371 Obert.

1710 4485 2265 4551 COMMENTARIUS.

390 4603 399 4622 '
456 4599 703 4667 Golgotha
720 4598 858 4673 locus
885 4596 980 4657 est,
993 4592 1170 4659 capitis
1191 4593 1410 4667 Calvaria
1430 4596 1692 4659 quondam;
1716 4606 1819 4651 etc.

454 4665 524 4705 ns
547 4675 778 4705 magnum
796 4662 877 4705 hic
898 4668 1101 4705 veteres
1125 4665 1276 4705 nostri
1293 4657 1508 4705 docuere
1530 4669 1800 4705 renerinm-

454 4665 524 4715 Os
546 4662 778 4725 magnum
796 4662 877 4710 hic
898 4668 1101 4710 veteres
1125 4662 1276 4729 nostri
1293 4662 1508 4708 docuere
1530 4669 1802 4728 repertum,
1878 4706 1885 4711 .

450 4726 545 4776 Hic
562 4725 809 4776 hominem
836 4724 1046 4787 primum
1067 4731 1376 4781 suscepimus
1398 4732 1509 4770 esse
1526 4722 1793 4785 sepultum,
1815 4731 1911 4778 etc.

330 4807 508 4865 llabes
551 4809 712 4864 etiam
765 4804 906 4875 apud
951 4803 1009 4857 Β.
1043 4802 1369 4875 Cyprianum
1421 4812 1576 4860 tract.
1620 4802 1683 4861 de
1710 4808 1927 4865 R'esurr.

333 4880 539 4946 Christi,
564 4879 654 4934 ubi
675 4873 1025 4932 vide'similes
1050 4883 1289 4946 veterum
1317 4873 1464 4946 locos
1493 4877 1544 4930 in
1567 4882 1929 4946 annotationi-

332 4951 432 5007 bus
453 4940 671 5022 nostris,
699 4963 845 5002 num.
881 4948 934 5001 5.
960 4944 1471 5022 ductoripeculiare
1491 4957 1574 5022 est
1595 4950 1739 5019 quod
1766 4940 1926 5007 etiam

328 5023 505 5077 eodem
536 5021 618 5073 die
647 5015 1061 5088 passuntscrihit
1081 5014 1337 5088 Christum
1363 5033 1462 5087 quo
1494 5014 1657 5075 Adam
1684 5024 1887 5082 cecidit.

402 5091 476 5167 (a)
511 5086 718 5167 Scilicet
744 5089 799 5142 in
827 5087 1026 5142 Christo
1045 5103 1163 5167 esse
1188 5086 1359 5153 decus,
1377 5086 1531 5167 tuum
1560 5091 1789 5167 Ecclesia
1816 5094 1928 5148 cer-

328 5159 471 5228 netis,
492 5170 601 5233 etc.
622 5161 918 5233 Corruptus
938 5170 1019 5215 est
1043 5159 1126 5233 hic
1150 5174 1354 5233 versus,
1379 5161 1486 5228 cui,
1515 5164 1655 5233 quod
1677 5164 1929 5221 deessent

327 5233 437 5308 llis.
467 5230 620 5308 codd.
636 5230 900 5308 ,“medere
928 5246 1039 5308 non
1066 5230 1247 5308 putei;
1279 5230 1605 5308 uhi_interiiu
1630 5236 1800 5305 prima
1822 5238 1930 5308 syl-

328 5306 445 5361 laba
473 5304 618 5359 vocis
645 5300 876 5374 Ecclesia
904 5300 1211 5374 corripitur,
1244 5303 1387 5373 quod
1418 5300 1687 5374 peculiare
1716 5317 1802 5362 est
1828 5300 1926 5361 a'u-

326 5377 462 5443 ctpri
486 5383 596 5429 tum
625 5389 782 5444 supra
810 5372 967 5444 hujus
999 5374 1037 5429 l.
1068 5373 1161 5438 Vl,
1218 5372 1271 5431 α
1313 5374 1368 5443 2,
1417 5372 1650 5432 Decurrt't
1694 5377 1928 5434 Ecclesia

324 5447 491 5514 verba,
525 5456 635 5501 tum
667 5447 773 5513 hic,
805 5456 914 5501 tum
939 5447 1095 5516 paulo
1123 5455 1277 5517 post:

447 5538 567 5591 Ηωο
584 5538 750 5604 pepuli
773 5551 890 5591 vera
910 5549 988 5591 est
1010 5541 1224 5593 viventis
1242 5538 1465 5593 Ecclesia
1486 5547 1659 5606 mater,

323 5633 376 5680 et
406 5623 500 5682 lib.
530 5624 630 5691 Ill;
663 5623 820 5689 infra,
852 5640 970 5696 cap.
1004 5624 1057 5680 7.
1732 5668 1737 5673 .

446 5716 569 5770 Esse
587 5721 736 5782 caput
758 5715 1021 5779 Christum,
1045 5722 1161 5768 sunt
1182 5718 1318 5780 cujus
1335 5715 1558 5779 Ecclesia
1578 5714 1815 5765 membra.

321 5784 575 5885 Suspicor
620 5814 797 5859 autem
828 5803 988 5861 etiam
1021 5803 1093 5861 ibi
1120 5803 1376 5862 mendum
1422 5800 1647 5860 subesse
1676 5818 1687 5854 :
1714 5799 1923 5873 [winina

318 5891 531 5949 languit
562 5885 690 5934 eral.

2112 4606 2190 4679 (h)
2234 4603 2513 4680 Golgotlta”
2533 4606 2677 4680 locus
2720 4615 2954 4680 cst,_etc.
2986 4605 3313 4666 Producitur
3343 4596 3430 4669 hi’c
3458 4598 3633 4671 litauit

2037 4677 2387 4755 lmjti_s_vocis
2419 4677 2641 4755 syllaba,
2684 4695 2804 4749 quae
2833 4678 3046 4753 Hymno
3067 4681 3134 4738 de
3163 4682 3367 4738 Pascha
3400 4685 3631 4755 Domini,

2036 4747 2174 4819 apud
2200 4747 2332 4821 Cyp.
2372 4747 2658 4820 corripitur
2690 4769 2703 4804 :

2158 4883 2246 4953 Est
2269 4882 2528 4953 locus,_es_t
2544 4885 2673 4953 omni
2706 4884 2898 4953 medius
2920 4897 3071 4953 quem
3094 4887 3341 4953 cernimus
3365 4888 3503 4953 orbe,

2158 4945 2403 5008 Golgotha
2423 4944 2579 4995 Judaei
2606 4948 2760 5009 patrio
2783 4944 3076 5011 coguo'miue
3098 4950 3295 5002 dicunt.-

2034 5060 2377 5150 sicutietiani
2406 5071 2718 5150 a_Juvenco,
2751 5073 2840 5130 lib.
2869 5073 2956 5129 IV.
2986 5075 3084 5130 Ubi
3096 5078 3241 5150 pruris
3265 5075 3630 5150 Golgothana-

2033 5142 2583 5221 nten._Castigavinnts
2609 5154 2787 5200 autem
2817 5160 2941 5201 mox
2968 5163 2983 5202 :
3015 5149 3259 5204 stillantis
3279 5142 3422 5221 αίμῖω
3451 5152 3635 5207 virtute

2035 5213 2211 5279 levari,
2244 5230 2338 5286 pro
2365 5216 2552 5269 levare.

2105 5302 2178 5377 (c)
2217 5306 2316 5357 Aut
2346 5305 2598 5381 hominem
2643 5317 2804 5381 toturn
2834 5310 3113 5364 exanimem
3164 5322 3254 5381 per
3293 5311 3517 5368 Sabbula
3556 5313 3636 5366 ri-

2030 5390 2168 5442 vum,
2207 5376 2620 5453 etc._Peculiare
2656 5379 2887 5453 esthoc
2932 5376 3172 5453 auctori,
3204 5383 3344 5453 quod
3392 5385 3634 5440 insinuet

2032 5447 2492 5533 resuscitatiouepi
2526 5448 2921 5533 Lazari.(.loan2
2944 5450 3031 5523 H)
3086 5447 3275 5533 laetam
3308 5455 3359 5508 iu
3387 5455 3629 5533 sublimo;

2017 5534 2152 5597 ,nam
2183 5518 2250 5574 de
2280 5518 2371 5597 illo
2400 5519 2544 5597 illum
2578 5521 2723 5597 loqui
2750 5518 3086 5578 manifestum
3116 5522 3173 5579 fit
3202 5541 3265 5583 ex
3285 5539 3350 5581 eo
3365 5522 3507 5597 quod
3537 5518 3632 5583 se:

2029 5590 2209 5660 quitur
2240 5606 2253 5643 :
2288 5588 2413 5643 Hm:
2441 5588 2745 5646 ineunte’die
2774 5604 2969 5656 sancto,
3001 5602 3109 5648 etc.

2296 5661 2361 5737 V.
2390 5691 2462 5737 -τ-
2486 5661 2566 5734 (d)
2609 5662 2747 5737 Quid
2774 5679 2893 5737 caro
2920 5665 2967 5737 si
3006 5666 3239 5737 moritur,
3270 5680 3362 5721 nec
3384 5683 3501 5737 spes
3524 5666 3630 5724 db-

2030 5741 2112 5785 tur
2138 5733 2470 5811 ulla_salutis,
2503 5733 2618 5811 etc.
2644 5734 3056 5811 Einettdarimtts
3086 5754 3097 5788 :
3135 5736 3313 5811 Quid!
3338 5733 3437 5808 pro
3461 5740 3624 5811 quod,

2027 5812 2081 5878 et
2105 5804 2307 5871 salutis,
2340 5796 2639 5878 βτο-’ςιαιιιιὶ⁸
2668 5803 2760 5859 Est
2802 5815 2976 5863 autem
3008 5796 3484 5878 Tertulliaitiéitmg'
3509 5796 3625 5873 'n'r’e:

2026 5873 2216 5945 dicare,
2247 5884 2352 5934 etc.
2385 5892 2398 5930 :
2427 5873 2547 5932 Non
2577 5878 2786 5951 poterit,
2815 5887 2939 5948 etc.,
2973 5891 3090 5951 pro;
3126 5876 3332 5943 Nonne.
