4006 6280
334 414 472 488 ioue

336 546 479 615 Ergo
506 557 632 599 caro
664 553 718 601 et
744 547 957 619 sanguis
976 546 1081 619 Dei
1121 560 1286 618 regno
1326 545 1484 617 digna
1510 554 1734 617 negatur
1756 545 1858 619 (a),

336 636 631 707 Tamquam
658 638 727 693 sit
757 638 952 695 Paulus
982 639 1197 710 proprie
1227 638 1294 694 de
1322 653 1484 695 carne
1510 639 1740 696 locutus.

336 728 428 785 llle
455 729 673 801 quidem
701 747 889 803 magna
911 731 1111 800 docuit,
1141 732 1235 789 sed
1262 731 1439 788 inania
1463 733 1646 789 corda.

335 820 549 878 Carnali
574 836 823 881 sermone
848 833 1065 896 putent;
1093 839 1216 882 nam
1242 826 1464 897 pristina
1488 825 1625 881 facta

336 913 626 987 Sanguinis
655 925 708 974 et
735 919 913 974 carnis
945 920 1110 976 voluit
1149 918 1247 976 sub
1268 920 1487 975 nomine
1516 918 1675 984 dicta,

337 1007 581 1066 leestis
607 1010 783 1081 magni
811 1020 1136 1068 memoratus
1158 1011 1321 1067 verba
1351 1010 1613 1082 magistri,

337 1099 440 1170 Qui
470 1116 568 1173 per
595 1117 785 1174 aquam
807 1102 874 1160 de
902 1118 960 1160 se
987 1103 1179 1175 genitis
1209 1102 1289 1159 sui
1320 1118 1516 1158 nomen
1539 1099 1730 1159 honori

337 1193 588 1264 Donavit,
615 1194 916 1267 pignusque
942 1211 1039 1251 suo
1062 1195 1130 1252 de
1159 1196 1350 1267 spiritu
1383 1194 1552 1262 ludit;

339 1286 410 1345 Ut
433 1288 585 1359 cujus
618 1289 829 1345 fuerant
852 1290 1103 1347 homines
1128 1291 1329 1346 virtute
1359 1289 1646 1361 redempti,

342 1380 513 1452 Hujus
551 1390 606 1438 et
629 1382 934 1453 acciperent
958 1384 1199 1441 renovati
1228 1398 1427 1440 nomen
1448 1382 1691 1438 honoris.
1719 1383 1728 1390 '

344 1470 507 1544 Ergo,
537 1468 660 1544 quia
688 1460 919 1545 populis,
943 1474 1180 1531 nondum
1211 1490 1307 1531 suo
1337 1474 1482 1530 fonte
1504 1473 1724 1541 renatis,

310 1593 317 1601 υ
343 1562 603 1621 Sardibus
623 1565 857 1637 antiquis
884 1568 1060 1635 tectis,
1094 1576 1147 1623 et
1175 1565 1357 1623 debito
1386 1566 1575 1624 mortis

341 1658 424 1715 Ex
453 1660 621 1717 veteri
650 1675 838 1718 caussa
867 1675 1090 1741 regnum
1121 1662 1343 1719 caeleste
1368 1660 1603 1735 negavit,

343 1752 539 1812 Dicens
564 1754 857 1812 humanum
878 1770 1066 1814 rursus
1086 1755 1286 1813 debere
1307 1758 1519 1813 renasci
1541 1774 1556 1823 ;

1664 426 2013 489 APPENDIX
2054 428 2288 487 PRIMA.

3506 436 3645 497 1070

1959 553 2015 612 Α
2042 544 2256 601 Radicis
2279 545 2479 603 veteris
2507 560 2640 602 nova
2666 549 2905 619 germina
2927 548 3098 620 gloria
3119 557 3330 606 mutans

2047 639 2303 696 Ablutum
2329 657 2526 714 corpus
2543 641 2655 713 jam
2681 658 2785 700 non
2810 643 2879 699 de
2905 659 3067 700 carne
3095 646 3272 700 vocari
3297 661 3311 712 ;

2047 731 2166 789 Hoc
2196 733 2436 805 sequitur
2462 733 2677 802 Paulus,
2702 735 2781 792 sic
2805 744 2887 792 est
2907 734 2975 792 de
3000 751 3162 793 carne
3189 737 3419 806 locutus,

2050 823 2291 896 Denique
2310 825 2445 883 dixit
2472 838 2725 898 oportere
2751 829 3065 900 superindui
3095 840 3299 887 vestem
3321 829 3416 903 (b),

2050 916 2205 975 llunc
2230 919 2469 977 habitum
2491 920 2753 993 fragilem,
2784 923 3066 980 mortalem
3092 925 3302 996 contegi
3325 925 3570 983 formam.

1972 1024 1979 1025 ί
2050 1011 2169 1068 Νοη
2195 1013 2337 1071 aliud
2367 1030 2564 1086 corpus
2592 1014 2728 1081 dari,
2760 1016 2854 1072 sed
2882 1018 3032 1089 prius
3054 1018 3184 1073 illud
3210 1020 3471 1077 inermem

2053 1102 2303 1175 Undique
2334 1121 2501 1177 regno
2530 1106 2625 1162 Dei
2652 1108 2761 1164 lato
2784 1109 3105 1166 circumdari
3139 1120 3329 1181 totum,

2053 1194 2327 1253 Momento
2350 1207 2600 1270 aspectus
2627 1199 2763 1255 oculi
2797 1200 3108 1270 mutabitur,
3136 1202 3331 1273 inquit,

2052 1286 2125 1347 Ut
2146 1290 2280 1345 rufa)
2308 1305 2449 1346 certe
2476 1289 2639 1346 facies
2663 1288 3000 1361 dispanditur
3030 1293 3216 1361 herba,

2053 1379 2122 1436 Et
2147 1390 2319 1437 mutat
2356 1382 2631 1453 proprium
2663 1380 2915 1440 candenti
2944 1384 3059 1440 sole
3083 1385 3322 1443 colorem
3351 1402 3367 1442 :

2008 1526 2013 1531 .
2053 1472 2142 1531 Sic
2170 1474 2356 1531 eadem
2383 1489 2510 1531 caro
2535 1474 2757 1548 fulgenti
2773 1476 2842 1533 de
2868 1477 3034 1548 gloria
3056 1492 3296 1546 sumens,

2054 1567 2321 1625 Gaudebit
2350 1583 2565 1641 semper
2586 1570 2825 1641 gaudens
2850 1580 2905 1627 ct
2932 1580 3105 1627 morte
3132 1571 3353 1638 carebit,

2052 1659 2329 1717 Devictum
2354 1659 2590 1717 clamans
2614 1661 2891 1720 crudelem
2918 1664 3159 1736 corporis
3198 1664 3431 1734 hostem,

2052 1754 2310 1812 Glutitam
2330 1764 2579 1826 mortem,
2611 1756 2765 1814 fortis
2791 1759 3015 1816 victoria
3036 1758 3301 1826 Christus,

344 1845 499 1917 Quod
527 1856 715 1907 natum
735 1859 818 1908 est
844 1849 913 1908 de
941 1864 1125 1922 carne,
1156 1864 1284 1907 caro
1311 1860 1414 1917 est,
1445 1848 1513 1906 de
1540 1847 1752 1921 spiritu,
1779 1849 1908 1905 vita.
1977 1840 2027 1902 B
2054 1848 2306 1920 lugentes
2330 1848 2442 1907 Deo
2469 1865 2682 1907 summa
2702 1850 2885 1909 ferens
2912 1852 2981 1910 ad
3002 1851 3182 1910 sidera
3208 1851 3417 1910 laudes.

1697 1962 2260 2034 COMMENTARIUS.

422 2083 517 2214 ςιιί)
537 2082 680 2214 Ergo
708 2103 829 2171 caro
855 2095 901 2143 et
927 2086 1144 2170 sanguis.
1179 2084 1276 2141 Dei
1326 2101 1483 2184 regno
1513 2085 1670 2155 digna
1714 2093 1949 2189 ueqatur,

422 2196 457 2214 α.
522 2160 604 2214 ulc
645 2176 705 2214 re
726 2170 1110 2214 interpretatur
1130 2158 1258 2214 illud
1279 2157 1471 2214 Apost.
1496 2156 1516 2211 l
1537 2158 1664 2214 Cor.
1689 2156 1757 2212 ιν
1784 2202 1797 2213 .
1821 2156 1949 2214 Caro

352 2156 457 2216 etc.
476 2156 705 2216 Pulchre
726 2156 1110 2230 interpretatur
1130 2158 1258 2230 illud
1279 2156 1471 2228 Apost.
1496 2156 1516 2211 l
1537 2158 1664 2214 Cor.
1689 2156 1797 2230 1Υρ
1821 2156 1953 2214 Caro

353 2241 397 2302 et
427 2232 636 2302 sanguis
660 2226 883 2302 regnant
900 2226 997 2302 Dei
1027 2229 1284 2301 possidere
1310 2226 1409 2284 non
1433 2238 1709 2302 possunt;
1745 2226 1817 2302 de
1846 2243 1952 2301 quo

354 2290 693 2372 latius'supra
714 2290 784 2358 ῖ.
818 2304 885 2358 de
908 2290 1128 2372 Resurr.
1156 2316 1307 2357 earn.
1339 2316 1389 2357 c.
1419 2290 1513 2363 4'6.
1540 2297 1633 2368 49,
1658 2290 1744 2356 5].
1774 2290 1952 2355 Casti-

353 2372 593 2443 gavimus
619 2384 795 2429 autem
820 2389 943 2429 mox
973 2371 1183 2429 Carnali
1209 2389 1443 2427 sermone
1484 2381 1683 2442 putent,
1716 2380 1773 2426 ut
1801 2371 1950 2428 deri-

356 2453 509 2515 vetur
531 2460 561 2498 a
588 2454 779 2515 putere,
808 2462 902 2515 pro
923 2455 1124 2515 putant,
1152 2460 1217 2500 ac
1241 2445 1401 2515 paulo
1414 2453 1536 2515 post
1560 2456 1773 2499 rursum
1791 2454 1839 2496 et
1864 2444 1954 2515 de:

358 2514 457 2571 bito
482 2510 679 2582 mortis,
699 2531 797 2587 pro
810 2510 1008 2572 'debita.
1031 2510 1161 2573 Item
1188 2510 1469 2570 humanum
1492 2513 1510 2588 (
1534 2530 1726 2586 nempe
1746 2510 1952 2586 genus)

2060 2100 2240 2140 rursus
2266 2084 2445 2143 debere
2471 2084 2688 2152 renasci,
2719 2100 2816 2154 pro
2843 2087 3086 2142 humano.

2131 2156 2209 2231 (b)
2244 2156 2469 2228 Denique
2499 2158 2635 2231 dixit
2654 2173 2674 2213 :
2703 2157 2951 2231 Oportere
2977 2158 3277 2228 superindui
3304 2173 3532 2231 carnem,
3556 2165 3663 2231 etc.

2056 2228 2269 2284 De’boc
2289 2236 2478 2300 Apost.
2511 2228 2565 2300 ll_
2593 2228 2757 2300 rCor.,'
2786 2229 2847 2293 V,
2882 2230 3001 2286 loco
3030 2231 3192 2286 etiam
3224 2230 3537 2297 supradicto
3565 2230 3663 2287 lib.

2057 2300 2240 2367 latius,
2267 2296 2385 2370 cap.
2419 2299 2511 2364 Μ,
2540 2296 2615 2355 42
2638 2311 2691 2356 et
2719 2301 2820 2367 4'5;
2850 2302 3007 2357 sicuti
3028 2302 3189 2356 etiam
3217 2301 3286 2356 de
3316 2300 3406 2356 illo
3429 2319 3442 2356 :
3468 2302 3520 2355 in
3543 2302 3668 2355 Ato-

2056 2388 2160 2437 mo,
2185 2373 2238 2425 in
2283 2380 2634 2426 momentaneo
2662 2380 2801 2425 motu
2830 2373 2984 2437 oculi,
3015 2371 3238 2427 ibidem.
3285 2373 3445 2442 Atqui
3491 2373 3667 2443 rufam

2056 2459 2223 2516 ceram
2250 2458 2402 2516 more
2429 2459 2529 2499 suo
2551 2443 2774 2500 rubeam
2805 2443 3077 2515 intelligit,
3106 2451 3161 2499 et
3180 2444 3421 2516 glutitam
3445 2450 3669 2514 usurpat

2056 2529 2155 2586 pro
2183 2514 2507 2586 deglutitatn.

360 2641 3650 2668 Μ

1361 2747 1843 2864 LIBER
1930 2746 2652 2865 TERTIUS.

360 2973 519 3062 DE
555 2964 1254 3110 CONCORDIA
1297 2968 1799 3056 PATRUM
1826 2964 2332 3057 VETERIS
2372 2968 2522 3053 ET
2558 2966 2851 3055 NOVI
2878 2968 3677 3060 TESTAMENTI.‘

1328 3147 1815 3213 ARGUMENTUM,
1860 3146 2064 3196 ΕΤΙΔΜ
2106 3145 2304 3195 IPSIUS
2348 3147 2686 3196 AUCTORIS.

1167 3302 1449 3379 Tertius,
1477 3303 1763 3382 ingenua
1787 3304 2044 3383 gentem
2072 3299 2150 3365 de
2180 3304 2385 3367 matre
2412 3303 2696 3367 creatam
2726 3346 2743 3379 ,

1166 3400 1437 3470 Vatibus
1471 3408 1533 3467 et
1561 3404 1855 3484 patribus
1883 3408 2173 3470 sacratos
2222 3422 2363 3470 esse
2390 3405 2743 3469 ministros.

365 3595 487 3663 Ubi
511 3592 907 3675 subintelh'gi
935 3591 1107 3656 debet
1136 3609 1396 3660 'rnmrr.
1427 3598 1537 3654 aut
1562 3592 1716 3674 quid
1741 3592 1937 3656 simile
1968 3613 1989 3654 :
2022 3598 2254 3655 tractat
2280 3591 2438 3655 enim
2463 3590 2626 3657 libro
2654 3591 2847 3657 tertio
2876 3594 3069 3678 (quod
3091 3594 3242 3661 adeo
3263 3599 3450 3664 etiam
3476 3601 3668 3667 titulo

444 3699 807 3784 adjecimus)
836 3699 908 3762 de
931 3697 1270 3762 concordia
1293 3705 1550 3778 patrum
1579 3698 1801 3760 veteris
1833 3704 1888 3757 et
1913 3696 2067 3759 novi
2085 3696 2482 3766 Testamenti,
2510 3690 2835 3761 occasione
2861 3696 3038 3763 illius
3054 3700 3349 3780 Apostoti
3367 3702 3533 3785 (Gal.
3557 3706 3671 3785 Ν,

442 3824 521 3868 ex
553 3805 681 3868 Isa.
715 3821 770 3865 c.
807 3798 970 3883 LIV)
1007 3822 1021 3862 :
1061 3819 1377 3865 SCRIPTUM
1416 3818 1531 3862 EST
1565 3818 1725 3863 ENIM
1757 3818 1771 3859 :
1806 3816 2098 3877 manus,
2139 3817 2421 3863 STERILIS
2452 3818 2594 3871 ρυλε
2624 3819 2996 3881 ΝοΝ.ι>Αιιιε;
3030 3822 3290 3869 ERUMPE
3318 3826 3400 3869 ET
3428 3827 3669 3887 CLAMA,

444 3926 588 3980 ρυλε
620 3926 746 3971 NON
772 3923 1082 3970 PARTUBIS
1106 3950 1123 3981 ,
1174 3914 1289 3967 etc.
1318 3900 1413 3965 Et
1445 3902 1623 3966 illius
1649 3924 1669 3963 :
1700 3920 1843 3965 ILLA
1884 3921 2027 3974 ρυλε
2069 3921 2321 3967 suasum
2363 3920 2480 3965 EST
2519 3921 2886 3968 JERUSALEM
2937 3924 3172 3970 unum
3212 3928 3349 3986 EST,
3383 3927 3525 3981 quas
3553 3929 3672 3973 EST

442 4030 665 4076 MATER
689 4030 959 4076 NOSTRA.
995 4010 1144 4073 Hoc
1168 4008 1328 4069 enim
1360 4003 1494 4089 (est)
1526 4004 1695 4086 quod
1724 4003 1793 4066 in
1819 4004 1988 4067 dicto
2016 4012 2381 4086 argumento
2414 4001 2655 4065 dicitur
2682 4027 2702 4066 :
2735 4024 3017 4075 INGENUA
3041 4029 3303 4076 GENTEM
3332 4031 3416 4074 DE
3446 4032 3673 4077 amur:

389 4194 393 4201 .
444 4132 763 4178 σηιξη-ΑΜ.
802 4114 1006 4177 Plura
1032 4119 1236 4189 autem
1266 4106 1443 4170 habet
1475 4114 1702 4170 auctor
1727 4105 1915 4173 initio
1944 4105 2096 4175 libri
2132 4108 2206 4177 Υ,
2238 4105 2344 4170 sed
2373 4106 2464 4187 ita
2492 4106 2778 4183 obscura,
2807 4119 2879 4176 ut
2905 4122 3158 4195 prtestet
3185 4121 3304 4182 suo
3326 4118 3464 4184 loco
3494 4118 3674 4184 dum-

446 4222 624 4279 taxat
656 4221 950 4278 tractare.

881 4425 1110 4487 CAPUT
1147 4425 1435 4486 PRIMUM.

440 4522 557 4584 Jam
600 4525 805 4601 genuit,
855 4524 1126 4598 quondam
1183 4523 1379 4582 sterilis
1428 4520 1765 4594 cognomine,
1813 4535 1928 4577 ma-

1695 4616 1800 4690 lle?
1829 4614 1923 4690 (ε),

364 4713 588 4787 Jamque
618 4728 788 4771 novus
814 4713 1011 4785 gaudet
1035 4710 1263 4783 populus
1289 4704 1543 4767 delibera
1568 4718 1747 4777 natus,

365 4805 596 4884 Expulsa
623 4810 821 4866 famula
850 4808 1042 4864 merito
1062 4822 1183 4863 cum
1210 4804 1361 4877 prole
1391 4802 1652 4874 superba;

368 4903 603 4960 Viventis
630 4917 843 4975 quoque
864 4900 1028 4956 fontis
1050 4914 1217 4972 aquas
1244 4899 1451 4969 ingrata
1480 4895 1719 4967 reliquit,

294 5002 299 5007 '
366 4995 431 5051 Et
456 4996 647 5067 tepidis
673 5009 863 5051 errans
889 4992 1099 5049 ardenti
1122 4991 1297 5048 sidere
1325 4999 1494 5061 p0tat.

363 5086 481 5144 Jam
510 5096 735 5160 possunt
752 5095 942 5158 gentes
963 5084 1233 5141 Abraham
1253 5084 1488 5139 clamare
1514 5087 1816 5152 parentem,

364 5179 492 5247 Qum
520 5195 707 5238 vocem
731 5163 942 5234 Domini
965 5176 1124 5233 simili
1146 5178 1353 5231 ratione
1381 5183 1600 5243 secutte,

365 5270 554 5329 Omnia
582 5274 855 5346 liquerunt
879 5285 1104 5345 peregre
1128 5283 1188 5327 se
1214 5270 1405 5326 sistere
1429 5268 1569 5327 vitae.

1984 4428 2029 4494 C
2062 4428 2292 4501 Laetare,
2316 4445 2349 4489 o
2375 4432 2594 4501 sterilis,
2619 4435 2939 4505 promissam
2965 4437 3188 4511 concipe
3212 4437 3446 4510 plebem;

2068 4524 2308 4597 Erumpe
2336 4532 2392 4581 et
2415 4526 2611 4596 clama,
2641 4543 2743 4599 qua
2772 4529 2915 4585 nulla
2944 4529 3093 4599 prole
3119 4530 3295 4588 beata.

2071 4618 2157 4679 De.
2175 4634 2278 4690 qua
2306 4618 2520 4677 dicebat
2549 4636 2646 4692 per
2674 4631 2822 4677 vates
2850 4622 3080 4692 Spiritus
3106 4624 3233 4679 olim
3260 4641 3274 4679 :

2068 4713 2197 4785 Hrcc
2222 4714 2406 4786 genuit
2429 4724 2643 4787 gentem
2668 4717 2848 4772 multis
2874 4732 2938 4773 ex
2967 4718 3216 4789 gentibus
3248 4733 3429 4785 unam,

2066 4792 2232 4878 cujus
2260 4806 2524 4878 principio
2548 4823 2760 4880 semper
2783 4810 2867 4879 pia
2899 4810 3139 4866 membra
3164 4810 3445 4867 laborant:

2698 4900 2927 4957 CAPUT
2966 4900 3031 4956 ll.

2138 4991 2305 5064 Hujus
2335 4992 2469 5049 Abel
2494 4992 2693 5064 justus,
2724 5001 2908 5062 pastor
2937 4991 3307 5064 pecudumque
3338 4994 3612 5068 magister,

2065 5082 2341 5139 Fraternm
2371 5083 2566 5139 occidit
2602 5097 2760 5153 quem
2787 5082 2915 5136 olim
2946 5082 3196 5138 violentia
3223 5083 3459 5153 dextrae;

2065 5175 2234 5249 Hujus
2280 5176 2488 5246 Enoch,
2540 5176 2749 5248 insigne
2801 5174 3004 5248 decus,
3061 5176 3128 5234 de
3177 5185 3405 5253 corpore
3460 5196 3630 5240 mema

3348 5273 3525 5345 [brum
3550 5272 3629 5348 (α)

1726 5378 2284 5441 COMMENTARIUS.

432 5503 586 5562 CAP.
616 5504 659 5562 Ι.
693 5535 765 5546 -
796 5502 866 5578 (c)
892 5504 1015 5559 Jam
1045 5501 1525 5578 genuit,_quondam
1551 5499 1735 5555 sterilis
1761 5512 1943 5578 cogn-o-
1974 5499 2029 5560 D
2055 5501 2125 5557 ob
2134 5499 2384 5578 inqpiam
2414 5495 2679 5578 cod.__MS.
2709 5499 2998 5578 corrigere.

362 5579 695 5649 minemater,
716 5567 860 5649 eici,
886 5567 1201 5646 veterumque
1228 5567 1442 5649 Patrum
1459 5582 1516 5649 _et
1542 5581 1741 5627 nosrtra
1766 5567 1950 5649 Eccle-

360 5653 456 5723 sia.
489 5646 646 5723 (Gal.
678 5639 785 5720 ἰν)
828 5639 881 5704 in
926 5639 1141 5703 carnem
1186 5646 1410 5717 redegit,
1458 5645 1539 5723 ita
1574 5658 1695 5723 cum
1727 5639 1947 5723 subdit;

372 5709 819 5791 l’iveirtiggquoqt'te
866 5723 1029 5787 fontes
1072 5736 1250 5791 aquas,
1299 5709 1426 5784 ρῖοζ,
1473 5715 1660 5791 alludit
1712 5709 1951 5791 adnillutl

375 5737 595 5776 viventis
657 5737 819 5791 neque
866 5737 1029 5787 [antes
1072 5737 1250 5791 aquas,
1299 5737 1426 5784 etc.,
1473 5737 1660 5771 auuuu.
1712 5737 1777 5765 au
1822 5737 1951 5765 quu

360 5793 492 5852 Gen.
519 5737 664 5861 xxi,
688 5791 776 5847 ubi
802 5792 945 5861 Agar
975 5793 1166 5861 legitur
1195 5799 1311 5846 utre
1338 5802 1489 5861 aqua}
1516 5782 1831 5861 in_scap_ulis
1850 5782 1952 5861 im-

360 5865 536 5938 posito
583 5853 813 5938 errasse
847 5853 900 5938 in
946 5853 1252 5938 solitudine.
1317 5853 1534 5938 Videtur
1578 5853 1950 5938 interitn__alia
1994 5868 2005 5881 ·

358 5923 539 6012 aliqua
582 5950 685 5993 vox
735 5931 1104 5993 substituenda
1149 5948 1247 6005 pro
1286 5932 1487 6004 tepidis,
1534 5930 1629 5987 sed
1675 5942 1779 5984 non
1807 5923 1952 5981 licuit

2125 5567 2280 5629 CAP.
2295 5568 2512 5642 ll.—-(il)
2536 5567 2705 5642 Hujus
2724 5567 2932 5642 Enoc'li1
2945 5568 3328 5629 etc.Peculiare
3343 5568 3446 5631 hoc
3459 5586 3539 5631 est
3552 5576 3660 5634 Au-

2055 5644 2213 5718 ctori,
2232 5640 2374 5712 quod
2390 5640 2588 5718 scribat
2608 5658 2619 5694 :
2648 5640 2827 5718 ξιήοείι
2849 5660 2880 5695 a
2897 5640 3009 5697 Deo
3030 5642 3281 5718 digressos
3303 5649 3519 5718 papulas
3537 5665 3661 5703 con-

2055 5716 2169 5771 sitio
2183 5714 2574 5789 revocassetqui
2600 5714 2763 5789 etiam
2775 5729 2876 5789 per
2898 5714 3413 5789 prteoccupationetn
3432 5720 3661 5789 gigantes

2056 5794 2329 5860 nuncupat
2356 5783 2548 5860 impios
2570 5785 2797 5860 civitatis
2826 5785 3023 5841 diaboli
3051 5783 3340 5860 ministros,
3375 5783 3450 5843 de
3468 5783 3662 5860 quibus

2055 5856 2191 5917 Gen.
2224 5855 2290 5915 Vl
2319 5857 2419 5916 sub
2434 5855 2562 5914 'Noe
2586 5856 2814 5928 primum
2845 5860 2905 5914 lit
2935 5855 3133 5913 mentio
3163 5857 3214 5912 in
3242 5855 3551 5931 Scripturis.
