  <div class='ocr_page' id='page_1' title='image "/cluster/home/n/w/nwhite01/storage/ocr_20150623/2/uva.x000669815/541.png"; bbox 0 0 4006 6280; ppageno 0'>
   <div class='ocr_carea' id='block_1_1' title="bbox 392 334 528 392">
    <p class='ocr_par' dir='ltr' id='par_1_1' title="bbox 392 334 528 392">
     <span class='ocr_line' id='line_1_1' title="bbox 392 334 528 392; baseline 0.007 -1"><span class='ocrx_word' id='word_1_1' title='bbox 392 334 528 392; x_wconf 52' lang='lat' dir='ltr'><strong>itii</strong></span> 
     </span>
    </p>
   </div>
   <div class='ocr_carea' id='block_1_2' title="bbox 389 440 1874 523">
    <p class='ocr_par' dir='ltr' id='par_1_2' title="bbox 389 440 1874 523">
     <span class='ocr_line' id='line_1_2' title="bbox 389 440 1874 523; baseline -0.005 -20"><span class='ocrx_word' id='word_1_2' title='bbox 389 449 435 503; x_wconf 92' lang='lat' dir='ltr'><strong>A</strong></span> <span class='ocrx_word' id='word_1_3' title='bbox 465 446 541 519; x_wconf 86' lang='lat' dir='ltr'><strong>(i)</strong></span> <span class='ocrx_word' id='word_1_4' title='bbox 567 446 675 502; x_wconf 83' lang='lat' dir='ltr'><strong>Deo</strong></span> <span class='ocrx_word' id='word_1_5' title='bbox 701 444 968 523; x_wconf 53' lang='lat' dir='ltr'><strong>dfgressos</strong></span> <span class='ocrx_word' id='word_1_6' title='bbox 992 440 1213 513; x_wconf 88' lang='lat' dir='ltr'><strong>populos</strong></span> <span class='ocrx_word' id='word_1_7' title='bbox 1234 441 1544 511; x_wconf 80' lang='lat' dir='ltr'><strong>facinusque</strong></span> <span class='ocrx_word' id='word_1_8' title='bbox 1570 450 1874 510; x_wconf 77' lang='lat' dir='ltr'><strong>sequentes,</strong></span> 
     </span>
    </p>
   </div>
   <div class='ocr_carea' id='block_1_3' title="bbox 395 532 1822 609">
    <p class='ocr_par' dir='ltr' id='par_1_3' title="bbox 395 532 1822 609">
     <span class='ocr_line' id='line_1_3' title="bbox 395 532 1822 609; baseline -0.006 -15"><span class='ocrx_word' id='word_1_9' title='bbox 395 540 569 594; x_wconf 84' lang='lat' dir='ltr'><strong>Deum</strong></span> <span class='ocrx_word' id='word_1_10' title='bbox 597 537 721 592; x_wconf 81' lang='lat' dir='ltr'><strong>furit</strong></span> <span class='ocrx_word' id='word_1_11' title='bbox 746 537 802 591; x_wconf 90' lang='lat' dir='ltr'><strong>in</strong></span> <span class='ocrx_word' id='word_1_12' title='bbox 830 536 989 591; x_wconf 87' lang='lat' dir='ltr'><strong>terris</strong></span> <span class='ocrx_word' id='word_1_13' title='bbox 1015 532 1317 604; x_wconf 82' lang='lat' dir='ltr'><strong>reittgarum</strong></span> <span class='ocrx_word' id='word_1_14' title='bbox 1344 533 1497 588; x_wconf 89' lang='lat' dir='ltr'><strong>turba</strong></span> <span class='ocrx_word' id='word_1_15' title='bbox 1526 534 1822 609; x_wconf 84' lang='lat' dir='ltr'><strong>latronum;</strong></span> 
     </span>
    </p>
   </div>
   <div class='ocr_carea' id='block_1_4' title="bbox 394 626 1791 700">
    <p class='ocr_par' dir='ltr' id='par_1_4' title="bbox 394 626 1791 700">
     <span class='ocr_line' id='line_1_4' title="bbox 394 626 1791 700; baseline -0.006 -13"><span class='ocrx_word' id='word_1_16' title='bbox 394 629 723 700; x_wconf 74' lang='lat' dir='ltr'><strong>Sacrilegum</strong></span> <span class='ocrx_word' id='word_1_17' title='bbox 752 643 922 699; x_wconf 91' lang='lat' dir='ltr'><strong>genus</strong></span> <span class='ocrx_word' id='word_1_18' title='bbox 942 638 998 682; x_wconf 94' lang='lat' dir='ltr'><strong>ut</strong></span> <span class='ocrx_word' id='word_1_19' title='bbox 1028 626 1232 697; x_wconf 79' lang='lat' dir='ltr'><strong>fugeret</strong></span> <span class='ocrx_word' id='word_1_20' title='bbox 1258 626 1476 683; x_wconf 89' lang='lat' dir='ltr'><strong>crudele</strong></span> <span class='ocrx_word' id='word_1_21' title='bbox 1496 628 1791 697; x_wconf 88' lang='lat' dir='ltr'><strong>gigantutn,</strong></span> 
     </span>
    </p>
   </div>
   <div class='ocr_carea' id='block_1_5' title="bbox 394 717 1685 789">
    <p class='ocr_par' dir='ltr' id='par_1_5' title="bbox 394 717 1685 789">
     <span class='ocr_line' id='line_1_5' title="bbox 394 717 1685 789; baseline -0.002 -13"><span class='ocrx_word' id='word_1_22' title='bbox 394 720 635 776; x_wconf 83' lang='lat' dir='ltr'><strong>Consilio</strong></span> <span class='ocrx_word' id='word_1_23' title='bbox 660 719 964 785; x_wconf 77' lang='lat' dir='ltr'><strong>revocabat,</strong></span> <span class='ocrx_word' id='word_1_24' title='bbox 995 719 1047 773; x_wconf 92' lang='lat' dir='ltr'><strong>in</strong></span> <span class='ocrx_word' id='word_1_25' title='bbox 1071 718 1321 773; x_wconf 90' lang='lat' dir='ltr'><strong>omnibus</strong></span> <span class='ocrx_word' id='word_1_26' title='bbox 1350 718 1465 789; x_wconf 85' lang='lat' dir='ltr'><strong>ipse</strong></span> <span class='ocrx_word' id='word_1_27' title='bbox 1492 717 1685 773; x_wconf 86' lang='lat' dir='ltr'><strong>iideiis.</strong></span> 
     </span>
    </p>
   </div>
   <div class='ocr_carea' id='block_1_6' title="bbox 395 809 1618 885">
    <p class='ocr_par' dir='ltr' id='par_1_6' title="bbox 395 809 1618 885">
     <span class='ocr_line' id='line_1_6' title="bbox 395 809 1618 885; baseline -0.002 -17"><span class='ocrx_word' id='word_1_28' title='bbox 395 813 601 883; x_wconf 86' lang='lat' dir='ltr'><strong>lugenti</strong></span> <span class='ocrx_word' id='word_1_29' title='bbox 631 812 831 885; x_wconf 90' lang='lat' dir='ltr'><strong>gemitu</strong></span> <span class='ocrx_word' id='word_1_30' title='bbox 860 812 1079 883; x_wconf 89' lang='lat' dir='ltr'><strong>placuit,</strong></span> <span class='ocrx_word' id='word_1_31' title='bbox 1109 809 1407 880; x_wconf 89' lang='lat' dir='ltr'><strong>meritoque</strong></span> <span class='ocrx_word' id='word_1_32' title='bbox 1435 810 1618 866; x_wconf 88' lang='lat' dir='ltr'><strong>labore</strong></span> 
     </span>
    </p>
   </div>
   <div class='ocr_carea' id='block_1_7' title="bbox 395 903 1684 977">
    <p class='ocr_par' dir='ltr' id='par_1_7' title="bbox 395 903 1684 977">
     <span class='ocr_line' id='line_1_7' title="bbox 395 903 1684 977; baseline -0.006 -12"><span class='ocrx_word' id='word_1_33' title='bbox 395 907 743 965; x_wconf 83' lang='lat' dir='ltr'><strong>Translatum</strong></span> <span class='ocrx_word' id='word_1_34' title='bbox 765 921 960 977; x_wconf 87' lang='lat' dir='ltr'><strong>magno</strong></span> <span class='ocrx_word' id='word_1_35' title='bbox 980 905 1174 977; x_wconf 87' lang='lat' dir='ltr'><strong>pignus</strong></span> <span class='ocrx_word' id='word_1_36' title='bbox 1195 913 1439 960; x_wconf 78' lang='lat' dir='ltr'><strong>servatur</strong></span> <span class='ocrx_word' id='word_1_37' title='bbox 1461 903 1684 959; x_wconf 91' lang='lat' dir='ltr'><strong>honore.</strong></span> 
     </span>
    </p>
   </div>
   <div class='ocr_carea' id='block_1_8' title="bbox 393 997 1743 1070">
    <p class='ocr_par' dir='ltr' id='par_1_8' title="bbox 393 997 1743 1070">
     <span class='ocr_line' id='line_1_8' title="bbox 393 997 1743 1070; baseline -0.003 -15"><span class='ocrx_word' id='word_1_38' title='bbox 393 1000 669 1057; x_wconf 80' lang='lat' dir='ltr'><strong>Perfectus</strong></span> <span class='ocrx_word' id='word_1_39' title='bbox 692 1000 849 1056; x_wconf 84' lang='lat' dir='ltr'><strong>laude</strong></span> <span class='ocrx_word' id='word_1_40' title='bbox 869 1008 920 1057; x_wconf 89' lang='lat' dir='ltr'><strong>et</strong></span> <span class='ocrx_word' id='word_1_41' title='bbox 942 999 1058 1054; x_wconf 90' lang='lat' dir='ltr'><strong>sine</strong></span> <span class='ocrx_word' id='word_1_42' title='bbox 1081 998 1235 1069; x_wconf 90' lang='lat' dir='ltr'><strong>culpa</strong></span> <span class='ocrx_word' id='word_1_43' title='bbox 1255 998 1368 1054; x_wconf 90' lang='lat' dir='ltr'><strong>Noe</strong></span> <span class='ocrx_word' id='word_1_44' title='bbox 1388 1007 1631 1070; x_wconf 88' lang='lat' dir='ltr'><strong>repertus</strong></span> <span class='ocrx_word' id='word_1_45' title='bbox 1663 997 1743 1069; x_wconf 92' lang='lat' dir='ltr'><strong>(a)</strong></span> 
     </span>
    </p>
   </div>
   <div class='ocr_carea' id='block_1_9' title="bbox 396 1091 1636 1162">
    <p class='ocr_par' dir='ltr' id='par_1_9' title="bbox 396 1091 1636 1162">
     <span class='ocr_line' id='line_1_9' title="bbox 396 1091 1636 1162; baseline -0.002 -13"><span class='ocrx_word' id='word_1_46' title='bbox 396 1094 741 1149; x_wconf 86' lang='lat' dir='ltr'><strong>Testilicante</strong></span> <span class='ocrx_word' id='word_1_47' title='bbox 781 1091 891 1147; x_wconf 91' lang='lat' dir='ltr'><strong>Deo</strong></span> <span class='ocrx_word' id='word_1_48' title='bbox 914 1092 1090 1162; x_wconf 89' lang='lat' dir='ltr'><strong>justus</strong></span> <span class='ocrx_word' id='word_1_49' title='bbox 1120 1092 1170 1146; x_wconf 94' lang='lat' dir='ltr'><strong>in</strong></span> <span class='ocrx_word' id='word_1_50' title='bbox 1194 1091 1431 1148; x_wconf 90' lang='lat' dir='ltr'><strong>adultera</strong></span> <span class='ocrx_word' id='word_1_51' title='bbox 1460 1092 1636 1162; x_wconf 89' lang='lat' dir='ltr'><strong>plebe,</strong></span> 
     </span>
    </p>
   </div>
   <div class='ocr_carea' id='block_1_10' title="bbox 395 1183 1617 1258">
    <p class='ocr_par' dir='ltr' id='par_1_10' title="bbox 395 1183 1617 1258">
     <span class='ocr_line' id='line_1_10' title="bbox 395 1183 1617 1258; baseline -0.001 -18"><span class='ocrx_word' id='word_1_52' title='bbox 395 1186 489 1242; x_wconf 84' lang='lat' dir='ltr'><strong>Bis</strong></span> <span class='ocrx_word' id='word_1_53' title='bbox 508 1184 894 1258; x_wconf 84' lang='lat' dir='ltr'><strong>quinquagenis</strong></span> <span class='ocrx_word' id='word_1_54' title='bbox 915 1199 1094 1240; x_wconf 87' lang='lat' dir='ltr'><strong>arcam</strong></span> <span class='ocrx_word' id='word_1_55' title='bbox 1120 1183 1212 1255; x_wconf 89' lang='lat' dir='ltr'><strong>qui</strong></span> <span class='ocrx_word' id='word_1_56' title='bbox 1240 1184 1417 1240; x_wconf 82' lang='lat' dir='ltr'><strong>texuit</strong></span> <span class='ocrx_word' id='word_1_57' title='bbox 1439 1185 1617 1251; x_wconf 88' lang='lat' dir='ltr'><strong>annis,</strong></span> 
     </span>
    </p>
   </div>
   <div class='ocr_carea' id='block_1_11' title="bbox 394 1277 1652 1345">
    <p class='ocr_par' dir='ltr' id='par_1_11' title="bbox 394 1277 1652 1345">
     <span class='ocr_line' id='line_1_11' title="bbox 394 1277 1652 1345; baseline -0.002 -9"><span class='ocrx_word' id='word_1_58' title='bbox 394 1278 690 1336; x_wconf 80' lang='lat' dir='ltr'><strong>Venturum</strong></span> <span class='ocrx_word' id='word_1_59' title='bbox 716 1278 981 1335; x_wconf 78' lang='lat' dir='ltr'><strong>excidium</strong></span> <span class='ocrx_word' id='word_1_60' title='bbox 1005 1278 1157 1334; x_wconf 83' lang='lat' dir='ltr'><strong>lactis</strong></span> <span class='ocrx_word' id='word_1_61' title='bbox 1181 1287 1236 1334; x_wconf 92' lang='lat' dir='ltr'><strong>et</strong></span> <span class='ocrx_word' id='word_1_62' title='bbox 1264 1293 1394 1335; x_wconf 89' lang='lat' dir='ltr'><strong>voce</strong></span> <span class='ocrx_word' id='word_1_63' title='bbox 1417 1277 1652 1345; x_wconf 80' lang='lat' dir='ltr'><strong>ferebat;</strong></span> 
     </span>
    </p>
   </div>
   <div class='ocr_carea' id='block_1_12' title="bbox 395 1371 1634 1442">
    <p class='ocr_par' dir='ltr' id='par_1_12' title="bbox 395 1371 1634 1442">
     <span class='ocr_line' id='line_1_12' title="bbox 395 1371 1634 1442; baseline 0.001 -15"><span class='ocrx_word' id='word_1_64' title='bbox 395 1371 698 1428; x_wconf 87' lang='lat' dir='ltr'><strong>Promeruit</strong></span> <span class='ocrx_word' id='word_1_65' title='bbox 720 1371 879 1427; x_wconf 89' lang='lat' dir='ltr'><strong>tantis</strong></span> <span class='ocrx_word' id='word_1_66' title='bbox 909 1381 1123 1442; x_wconf 91' lang='lat' dir='ltr'><strong>ereptus</strong></span> <span class='ocrx_word' id='word_1_67' title='bbox 1151 1372 1340 1428; x_wconf 92' lang='lat' dir='ltr'><strong>mortis</strong></span> <span class='ocrx_word' id='word_1_68' title='bbox 1361 1372 1429 1428; x_wconf 90' lang='lat' dir='ltr'><strong>ab</strong></span> <span class='ocrx_word' id='word_1_69' title='bbox 1455 1372 1634 1440; x_wconf 89' lang='lat' dir='ltr'><strong>undis,</strong></span> 
     </span>
    </p>
   </div>
   <div class='ocr_carea' id='block_1_13' title="bbox 394 1462 1709 1535">
    <p class='ocr_par' dir='ltr' id='par_1_13' title="bbox 394 1462 1709 1535">
     <span class='ocr_line' id='line_1_13' title="bbox 394 1462 1709 1535; baseline 0.001 -17"><span class='ocrx_word' id='word_1_70' title='bbox 394 1462 606 1518; x_wconf 86' lang='lat' dir='ltr'><strong>Etcum</strong></span> <span class='ocrx_word' id='word_1_71' title='bbox 638 1464 790 1534; x_wconf 79' lang='lat' dir='ltr'><strong>prole</strong></span> <span class='ocrx_word' id='word_1_72' title='bbox 816 1477 912 1519; x_wconf 86' lang='lat' dir='ltr'><strong>sua</strong></span> <span class='ocrx_word' id='word_1_73' title='bbox 944 1474 1211 1519; x_wconf 90' lang='lat' dir='ltr'><strong>servatus.</strong></span> <span class='ocrx_word' id='word_1_74' title='bbox 1244 1463 1419 1519; x_wconf 91' lang='lat' dir='ltr'><strong>Gente</strong></span> <span class='ocrx_word' id='word_1_75' title='bbox 1446 1472 1709 1535; x_wconf 82' lang='lat' dir='ltr'><strong>sequente</strong></span> 
     </span>
    </p>
   </div>
   <div class='ocr_carea' id='block_1_14' title="bbox 392 1556 1735 1627">
    <p class='ocr_par' dir='ltr' id='par_1_14' title="bbox 392 1556 1735 1627">
     <span class='ocr_line' id='line_1_14' title="bbox 392 1556 1735 1627; baseline -0.001 -15"><span class='ocrx_word' id='word_1_76' title='bbox 392 1556 493 1613; x_wconf 88' lang='lat' dir='ltr'><strong>Est</strong></span> <span class='ocrx_word' id='word_1_77' title='bbox 519 1556 810 1621; x_wconf 85' lang='lat' dir='ltr'><strong>Abraham,</strong></span> <span class='ocrx_word' id='word_1_78' title='bbox 837 1557 987 1626; x_wconf 87' lang='lat' dir='ltr'><strong>cujus</strong></span> <span class='ocrx_word' id='word_1_79' title='bbox 1016 1565 1207 1627; x_wconf 90' lang='lat' dir='ltr'><strong>gnatos</strong></span> <span class='ocrx_word' id='word_1_80' title='bbox 1236 1570 1331 1614; x_wconf 87' lang='lat' dir='ltr'><strong>vos</strong></span> <span class='ocrx_word' id='word_1_81' title='bbox 1359 1571 1480 1613; x_wconf 90' lang='lat' dir='ltr'><strong>esse</strong></span> <span class='ocrx_word' id='word_1_82' title='bbox 1509 1556 1735 1627; x_wconf 78' lang='lat' dir='ltr'><strong>negatis,</strong></span> 
     </span>
    </p>
   </div>
   <div class='ocr_carea' id='block_1_15' title="bbox 391 1647 1829 1720">
    <p class='ocr_par' dir='ltr' id='par_1_15' title="bbox 391 1647 1829 1720">
     <span class='ocr_line' id='line_1_15' title="bbox 391 1647 1829 1720; baseline -0.001 -18"><span class='ocrx_word' id='word_1_83' title='bbox 391 1649 493 1715; x_wconf 79' lang='lat' dir='ltr'><strong>Qui</strong></span> <span class='ocrx_word' id='word_1_84' title='bbox 522 1649 743 1719; x_wconf 91' lang='lat' dir='ltr'><strong>primus,</strong></span> <span class='ocrx_word' id='word_1_85' title='bbox 774 1662 972 1720; x_wconf 84' lang='lat' dir='ltr'><strong>genere</strong></span> <span class='ocrx_word' id='word_1_86' title='bbox 1000 1657 1056 1704; x_wconf 91' lang='lat' dir='ltr'><strong>et</strong></span> <span class='ocrx_word' id='word_1_87' title='bbox 1075 1648 1246 1718; x_wconf 89' lang='lat' dir='ltr'><strong>patria</strong></span> <span class='ocrx_word' id='word_1_88' title='bbox 1271 1657 1326 1705; x_wconf 92' lang='lat' dir='ltr'><strong>et</strong></span> <span class='ocrx_word' id='word_1_89' title='bbox 1354 1648 1596 1720; x_wconf 90' lang='lat' dir='ltr'><strong>genitore</strong></span> <span class='ocrx_word' id='word_1_90' title='bbox 1619 1647 1829 1715; x_wconf 87' lang='lat' dir='ltr'><strong>relicto,</strong></span> 
     </span>
    </p>
   </div>
   <div class='ocr_carea' id='block_1_16' title="bbox 390 1739 1633 1810">
    <p class='ocr_par' dir='ltr' id='par_1_16' title="bbox 390 1739 1633 1810">
     <span class='ocr_line' id='line_1_16' title="bbox 390 1739 1633 1810; baseline -0.002 -15"><span class='ocrx_word' id='word_1_91' title='bbox 390 1739 539 1795; x_wconf 76' lang='lat' dir='ltr'><strong>Voce</strong></span> <span class='ocrx_word' id='word_1_92' title='bbox 568 1739 661 1795; x_wconf 85' lang='lat' dir='ltr'><strong>Dei</strong></span> <span class='ocrx_word' id='word_1_93' title='bbox 683 1754 891 1806; x_wconf 90' lang='lat' dir='ltr'><strong>snasus,</strong></span> <span class='ocrx_word' id='word_1_94' title='bbox 915 1740 1139 1795; x_wconf 86' lang='lat' dir='ltr'><strong>secessit</strong></span> <span class='ocrx_word' id='word_1_95' title='bbox 1161 1740 1213 1794; x_wconf 94' lang='lat' dir='ltr'><strong>in</strong></span> <span class='ocrx_word' id='word_1_96' title='bbox 1238 1748 1421 1796; x_wconf 84' lang='lat' dir='ltr'><strong>extera</strong></span> <span class='ocrx_word' id='word_1_97' title='bbox 1447 1754 1633 1810; x_wconf 89' lang='lat' dir='ltr'><strong>regna,</strong></span> 
     </span>
    </p>
   </div>
   <div class='ocr_carea' id='block_1_17' title="bbox 388 1831 1740 1905">
    <p class='ocr_par' dir='ltr' id='par_1_17' title="bbox 388 1831 1740 1905">
     <span class='ocr_line' id='line_1_17' title="bbox 388 1831 1740 1905; baseline -0.002 -16"><span class='ocrx_word' id='word_1_98' title='bbox 388 1834 564 1889; x_wconf 86' lang='lat' dir='ltr'><strong>Tanto</strong></span> <span class='ocrx_word' id='word_1_99' title='bbox 595 1833 688 1890; x_wconf 88' lang='lat' dir='ltr'><strong>Dei</strong></span> <span class='ocrx_word' id='word_1_100' title='bbox 715 1833 909 1891; x_wconf 86' lang='lat' dir='ltr'><strong>meruit</strong></span> <span class='ocrx_word' id='word_1_101' title='bbox 931 1833 1172 1889; x_wconf 89' lang='lat' dir='ltr'><strong>sublimis</strong></span> <span class='ocrx_word' id='word_1_102' title='bbox 1188 1832 1380 1904; x_wconf 90' lang='lat' dir='ltr'><strong>dignus</strong></span> <span class='ocrx_word' id='word_1_103' title='bbox 1404 1832 1610 1889; x_wconf 91' lang='lat' dir='ltr'><strong>honore</strong></span> <span class='ocrx_word' id='word_1_104' title='bbox 1634 1831 1740 1905; x_wconf 75' lang='lat'><strong>(2),</strong></span> 
     </span>
    </p>
   </div>
   <div class='ocr_carea' id='block_1_18' title="bbox 393 1925 1810 1997">
    <p class='ocr_par' dir='ltr' id='par_1_18' title="bbox 393 1925 1810 1997">
     <span class='ocr_line' id='line_1_18' title="bbox 393 1925 1810 1997; baseline -0.002 -14"><span class='ocrx_word' id='word_1_105' title='bbox 393 1925 660 1983; x_wconf 85' lang='lat' dir='ltr'><strong>Gentibus</strong></span> <span class='ocrx_word' id='word_1_106' title='bbox 687 1935 743 1981; x_wconf 90' lang='lat' dir='ltr'><strong>ut</strong></span> <span class='ocrx_word' id='word_1_107' title='bbox 771 1936 926 1997; x_wconf 89' lang='lat' dir='ltr'><strong>pater</strong></span> <span class='ocrx_word' id='word_1_108' title='bbox 949 1933 1006 1982; x_wconf 86' lang='lat' dir='ltr'><strong>et</strong></span> <span class='ocrx_word' id='word_1_109' title='bbox 1028 1926 1244 1997; x_wconf 86' lang='lat' dir='ltr'><strong>populis</strong></span> <span class='ocrx_word' id='word_1_110' title='bbox 1270 1925 1616 1982; x_wconf 87' lang='lat' dir='ltr'><strong>credentibus</strong></span> <span class='ocrx_word' id='word_1_111' title='bbox 1645 1934 1810 1981; x_wconf 89' lang='lat' dir='ltr'><strong>esset.</strong></span> 
     </span>
    </p>
   </div>
   <div class='ocr_carea' id='block_1_19' title="bbox 387 2019 1898 2091">
    <p class='ocr_par' dir='ltr' id='par_1_19' title="bbox 387 2019 1898 2091">
     <span class='ocr_line' id='line_1_19' title="bbox 387 2019 1898 2091; baseline -0.001 -15"><span class='ocrx_word' id='word_1_112' title='bbox 387 2019 522 2076; x_wconf 91' lang='lat' dir='ltr'><strong>Cum</strong></span> <span class='ocrx_word' id='word_1_113' title='bbox 546 2020 783 2091; x_wconf 89' lang='lat' dir='ltr'><strong>patribus</strong></span> <span class='ocrx_word' id='word_1_114' title='bbox 803 2019 1248 2089; x_wconf 77' lang='lat' dir='ltr'><strong>Jacob,-quorunt</strong></span> <span class='ocrx_word' id='word_1_115' title='bbox 1278 2027 1429 2089; x_wconf 87' lang='lat' dir='ltr'><strong>pater</strong></span> <span class='ocrx_word' id='word_1_116' title='bbox 1458 2019 1593 2089; x_wconf 91' lang='lat' dir='ltr'><strong>ipse,</strong></span> <span class='ocrx_word' id='word_1_117' title='bbox 1619 2034 1716 2089; x_wconf 90' lang='lat' dir='ltr'><strong>per</strong></span> <span class='ocrx_word' id='word_1_118' title='bbox 1736 2033 1898 2075; x_wconf 89' lang='lat' dir='ltr'><strong>omne</strong></span> 
     </span>
    </p>
   </div>
   <div class='ocr_carea' id='block_1_20' title="bbox 388 2110 1710 2183">
    <p class='ocr_par' dir='ltr' id='par_1_20' title="bbox 388 2110 1710 2183">
     <span class='ocr_line' id='line_1_20' title="bbox 388 2110 1710 2183; baseline 0 -17"><span class='ocrx_word' id='word_1_119' title='bbox 388 2113 526 2169; x_wconf 75' lang='lat' dir='ltr'><strong>Vita:</strong></span> <span class='ocrx_word' id='word_1_120' title='bbox 555 2129 665 2170; x_wconf 86' lang='lat' dir='ltr'><strong>suae</strong></span> <span class='ocrx_word' id='word_1_121' title='bbox 688 2113 917 2183; x_wconf 80' lang='lat' dir='ltr'><strong>Spatium</strong></span> <span class='ocrx_word' id='word_1_122' title='bbox 948 2111 1220 2168; x_wconf 79' lang='lat' dir='ltr'><strong>laetissima</strong></span> <span class='ocrx_word' id='word_1_123' title='bbox 1245 2120 1488 2182; x_wconf 86' lang='lat' dir='ltr'><strong>tempora</strong></span> <span class='ocrx_word' id='word_1_124' title='bbox 1514 2110 1710 2167; x_wconf 90' lang='lat' dir='ltr'><strong>Christi</strong></span> 
     </span>
    </p>
   </div>
   <div class='ocr_carea' id='block_1_21' title="bbox 389 2203 1595 2272">
    <p class='ocr_par' dir='ltr' id='par_1_21' title="bbox 389 2203 1595 2272">
     <span class='ocr_line' id='line_1_21' title="bbox 389 2203 1595 2272; baseline -0.002 -12"><span class='ocrx_word' id='word_1_125' title='bbox 389 2204 710 2261; x_wconf 85' lang='lat' dir='ltr'><strong>Pracceeinit</strong></span> <span class='ocrx_word' id='word_1_126' title='bbox 737 2205 933 2272; x_wconf 90' lang='lat' dir='ltr'><strong>verbis,</strong></span> <span class='ocrx_word' id='word_1_127' title='bbox 963 2213 1108 2271; x_wconf 91' lang='lat' dir='ltr'><strong>actu,</strong></span> <span class='ocrx_word' id='word_1_128' title='bbox 1138 2205 1358 2271; x_wconf 89' lang='lat' dir='ltr'><strong>virtute,</strong></span> <span class='ocrx_word' id='word_1_129' title='bbox 1390 2203 1595 2259; x_wconf 89' lang='lat' dir='ltr'><strong>labore.</strong></span> 
     </span>
    </p>
   </div>
   <div class='ocr_carea' id='block_1_22' title="bbox 388 2294 1828 2370">
    <p class='ocr_par' dir='ltr' id='par_1_22' title="bbox 388 2294 1828 2370">
     <span class='ocr_line' id='line_1_22' title="bbox 388 2294 1828 2370; baseline 0 -18"><span class='ocrx_word' id='word_1_130' title='bbox 388 2296 544 2354; x_wconf 87' lang='lat' dir='ltr'><strong>llunc</strong></span> <span class='ocrx_word' id='word_1_131' title='bbox 567 2299 809 2370; x_wconf 90' lang='lat' dir='ltr'><strong>sequitur</strong></span> <span class='ocrx_word' id='word_1_132' title='bbox 835 2298 1057 2368; x_wconf 85' lang='lat' dir='ltr'><strong>Joseph,</strong></span> <span class='ocrx_word' id='word_1_133' title='bbox 1082 2296 1231 2353; x_wconf 71' lang='lat' dir='ltr'><strong>facila:</strong></span> <span class='ocrx_word' id='word_1_134' title='bbox 1254 2297 1370 2352; x_wconf 90' lang='lat' dir='ltr'><strong>sine</strong></span> <span class='ocrx_word' id='word_1_135' title='bbox 1390 2296 1550 2352; x_wconf 90' lang='lat' dir='ltr'><strong>sorde</strong></span> <span class='ocrx_word' id='word_1_136' title='bbox 1570 2294 1828 2366; x_wconf 82' lang='lat' dir='ltr'><strong>juventae,</strong></span> 
     </span>
    </p>
   </div>
   <div class='ocr_carea' id='block_1_23' title="bbox 388 2387 1685 2459">
    <p class='ocr_par' dir='ltr' id='par_1_23' title="bbox 388 2387 1685 2459">
     <span class='ocr_line' id='line_1_23' title="bbox 388 2387 1685 2459; baseline -0.002 -14"><span class='ocrx_word' id='word_1_137' title='bbox 388 2387 636 2446; x_wconf 84' lang='lat' dir='ltr'><strong>Carceris</strong></span> <span class='ocrx_word' id='word_1_138' title='bbox 663 2401 720 2447; x_wconf 91' lang='lat' dir='ltr'><strong>et</strong></span> <span class='ocrx_word' id='word_1_139' title='bbox 743 2390 892 2451; x_wconf 73' lang='lat' dir='ltr'><strong>dura:</strong></span> <span class='ocrx_word' id='word_1_140' title='bbox 915 2389 1145 2445; x_wconf 84' lang='lat' dir='ltr'><strong>conﬁcta</strong></span> <span class='ocrx_word' id='word_1_141' title='bbox 1170 2389 1436 2451; x_wconf 86' lang='lat' dir='ltr'><strong>calumnia</strong></span> <span class='ocrx_word' id='word_1_142' title='bbox 1467 2403 1643 2459; x_wconf 67' lang='lat' dir='ltr'><strong>paena:</strong></span> <span class='ocrx_word' id='word_1_143' title='bbox 1671 2405 1685 2442; x_wconf 92' lang='lat'><strong>:</strong></span> 
     </span>
    </p>
   </div>
   <div class='ocr_carea' id='block_1_24' title="bbox 312 2480 1793 2554">
    <p class='ocr_par' dir='ltr' id='par_1_24' title="bbox 312 2480 1793 2554">
     <span class='ocr_line' id='line_1_24' title="bbox 312 2480 1793 2554; baseline -0.004 -14"><span class='ocrx_word' id='word_1_144' title='bbox 312 2546 323 2551; x_wconf 57' lang='grc'><em>,</em></span> <span class='ocrx_word' id='word_1_145' title='bbox 391 2484 572 2540; x_wconf 85' lang='lat' dir='ltr'><strong>Gloria</strong></span> <span class='ocrx_word' id='word_1_146' title='bbox 600 2492 720 2554; x_wconf 90' lang='lat' dir='ltr'><strong>post</strong></span> <span class='ocrx_word' id='word_1_147' title='bbox 739 2483 989 2554; x_wconf 81' lang='lat' dir='ltr'><strong>gemitus,</strong></span> <span class='ocrx_word' id='word_1_148' title='bbox 1016 2482 1283 2553; x_wconf 87' lang='lat' dir='ltr'><strong>regnique</strong></span> <span class='ocrx_word' id='word_1_149' title='bbox 1309 2480 1546 2537; x_wconf 90' lang='lat' dir='ltr'><strong>secunda</strong></span> <span class='ocrx_word' id='word_1_150' title='bbox 1571 2494 1793 2548; x_wconf 88' lang='lat' dir='ltr'><strong>corona,</strong></span> 
     </span>
    </p>
   </div>
   <div class='ocr_carea' id='block_1_25' title="bbox 392 2575 1684 2647">
    <p class='ocr_par' dir='ltr' id='par_1_25' title="bbox 392 2575 1684 2647">
     <span class='ocr_line' id='line_1_25' title="bbox 392 2575 1684 2647; baseline -0.003 -15"><span class='ocrx_word' id='word_1_151' title='bbox 392 2577 563 2647; x_wconf 84' lang='lat' dir='ltr'><strong>inque</strong></span> <span class='ocrx_word' id='word_1_152' title='bbox 594 2576 733 2631; x_wconf 83' lang='lat' dir='ltr'><strong>fame</strong></span> <span class='ocrx_word' id='word_1_153' title='bbox 760 2577 913 2647; x_wconf 85' lang='lat' dir='ltr'><strong>panis</strong></span> <span class='ocrx_word' id='word_1_154' title='bbox 946 2575 1214 2631; x_wconf 91' lang='lat' dir='ltr'><strong>tribuendi</strong></span> <span class='ocrx_word' id='word_1_155' title='bbox 1243 2576 1389 2646; x_wconf 91' lang='lat' dir='ltr'><strong>larga</strong></span> <span class='ocrx_word' id='word_1_156' title='bbox 1430 2584 1684 2643; x_wconf 89' lang='lat' dir='ltr'><strong>potestas.</strong></span> 
     </span>
    </p>
   </div>
   <div class='ocr_carea' id='block_1_26' title="bbox 391 2666 1709 2739">
    <p class='ocr_par' dir='ltr' id='par_1_26' title="bbox 391 2666 1709 2739">
     <span class='ocr_line' id='line_1_26' title="bbox 391 2666 1709 2739; baseline -0.002 -15"><span class='ocrx_word' id='word_1_157' title='bbox 391 2668 524 2724; x_wconf 90' lang='lat' dir='ltr'><strong>Tam</strong></span> <span class='ocrx_word' id='word_1_158' title='bbox 552 2668 765 2739; x_wconf 89' lang='lat' dir='ltr'><strong>propria</strong></span> <span class='ocrx_word' id='word_1_159' title='bbox 794 2667 1013 2735; x_wconf 87' lang='lat' dir='ltr'><strong>Christi,</strong></span> <span class='ocrx_word' id='word_1_160' title='bbox 1043 2677 1150 2723; x_wconf 90' lang='lat' dir='ltr'><strong>tam</strong></span> <span class='ocrx_word' id='word_1_161' title='bbox 1179 2666 1355 2722; x_wconf 89' lang='lat' dir='ltr'><strong>lucida</strong></span> <span class='ocrx_word' id='word_1_162' title='bbox 1379 2666 1513 2722; x_wconf 92' lang='lat' dir='ltr'><strong>lucis</strong></span> <span class='ocrx_word' id='word_1_163' title='bbox 1535 2667 1709 2737; x_wconf 89' lang='lat' dir='ltr'><strong>imago</strong></span> 
     </span>
    </p>
   </div>
   <div class='ocr_carea' id='block_1_27' title="bbox 391 2756 1902 2829">
    <p class='ocr_par' dir='ltr' id='par_1_27' title="bbox 391 2756 1902 2829">
     <span class='ocr_line' id='line_1_27' title="bbox 391 2756 1902 2829; baseline -0.002 -15"><span class='ocrx_word' id='word_1_164' title='bbox 391 2758 656 2814; x_wconf 86' lang='lat' dir='ltr'><strong>Omnibus</strong></span> <span class='ocrx_word' id='word_1_165' title='bbox 685 2767 770 2814; x_wconf 87' lang='lat' dir='ltr'><strong>est</strong></span> <span class='ocrx_word' id='word_1_166' title='bbox 794 2757 1096 2824; x_wconf 83' lang='lat' dir='ltr'><strong>manifesta,</strong></span> <span class='ocrx_word' id='word_1_167' title='bbox 1125 2757 1318 2829; x_wconf 91' lang='lat' dir='ltr'><strong>quibus</strong></span> <span class='ocrx_word' id='word_1_168' title='bbox 1341 2766 1468 2815; x_wconf 89' lang='lat' dir='ltr'><strong>sunt</strong></span> <span class='ocrx_word' id='word_1_169' title='bbox 1492 2758 1693 2813; x_wconf 89' lang='lat' dir='ltr'><strong>lumina</strong></span> <span class='ocrx_word' id='word_1_170' title='bbox 1716 2756 1902 2825; x_wconf 90' lang='lat' dir='ltr'><strong>menti,</strong></span> 
     </span>
    </p>
   </div>
   <div class='ocr_carea' id='block_1_28' title="bbox 390 2849 1847 2922">
    <p class='ocr_par' dir='ltr' id='par_1_28' title="bbox 390 2849 1847 2922">
     <span class='ocr_line' id='line_1_28' title="bbox 390 2849 1847 2922; baseline -0.001 -15"><span class='ocrx_word' id='word_1_171' title='bbox 390 2849 465 2908; x_wconf 90' lang='lat' dir='ltr'><strong>Ut</strong></span> <span class='ocrx_word' id='word_1_172' title='bbox 502 2851 721 2922; x_wconf 91' lang='lat' dir='ltr'><strong>speculo</strong></span> <span class='ocrx_word' id='word_1_173' title='bbox 746 2850 924 2907; x_wconf 87' lang='lat' dir='ltr'><strong>vultus</strong></span> <span class='ocrx_word' id='word_1_174' title='bbox 946 2850 1155 2906; x_wconf 82' lang='lat' dir='ltr'><strong>ﬁrmam</strong></span> <span class='ocrx_word' id='word_1_175' title='bbox 1185 2866 1335 2922; x_wconf 90' lang='lat' dir='ltr'><strong>spem</strong></span> <span class='ocrx_word' id='word_1_176' title='bbox 1364 2865 1589 2908; x_wconf 89' lang='lat' dir='ltr'><strong>cernere</strong></span> <span class='ocrx_word' id='word_1_177' title='bbox 1618 2850 1847 2921; x_wconf 79' lang='lat' dir='ltr'><strong>possint.</strong></span> 
     </span>
    </p>
   </div>
   <div class='ocr_carea' id='block_1_29' title="bbox 386 2945 1489 3017">
    <p class='ocr_par' dir='ltr' id='par_1_29' title="bbox 386 2945 1489 3017">
     <span class='ocr_line' id='line_1_29' title="bbox 386 2945 1489 3017; baseline 0 -16"><span class='ocrx_word' id='word_1_178' title='bbox 386 2945 419 3001; x_wconf 76' lang='grc' dir='ltr'><strong>,Ι</strong></span> <span class='ocrx_word' id='word_1_179' title='bbox 427 2946 556 3001; x_wconf 87' lang='lat' dir='ltr'><strong>udas</strong></span> <span class='ocrx_word' id='word_1_180' title='bbox 580 2945 693 3017; x_wconf 89' lang='lat' dir='ltr'><strong>ipse</strong></span> <span class='ocrx_word' id='word_1_181' title='bbox 711 2955 885 3016; x_wconf 88' lang='lat' dir='ltr'><strong>pater,</strong></span> <span class='ocrx_word' id='word_1_182' title='bbox 917 2945 1109 3016; x_wconf 85' lang='lat' dir='ltr'><strong>regalis</strong></span> <span class='ocrx_word' id='word_1_183' title='bbox 1131 2946 1295 3001; x_wconf 89' lang='lat' dir='ltr'><strong>sortis</strong></span> <span class='ocrx_word' id='word_1_184' title='bbox 1318 2947 1489 3017; x_wconf 84' lang='lat' dir='ltr'><strong>origo,</strong></span> 
     </span>
    </p>
   </div>
   <div class='ocr_carea' id='block_1_30' title="bbox 390 3035 1636 3107">
    <p class='ocr_par' dir='ltr' id='par_1_30' title="bbox 390 3035 1636 3107">
     <span class='ocr_line' id='line_1_30' title="bbox 390 3035 1636 3107; baseline -0.001 -14"><span class='ocrx_word' id='word_1_185' title='bbox 390 3035 548 3093; x_wconf 84' lang='lat' dir='ltr'><strong>Unde</strong></span> <span class='ocrx_word' id='word_1_186' title='bbox 575 3036 737 3091; x_wconf 91' lang='lat' dir='ltr'><strong>duces</strong></span> <span class='ocrx_word' id='word_1_187' title='bbox 759 3036 944 3105; x_wconf 83' lang='lat' dir='ltr'><strong>geniti,</strong></span> <span class='ocrx_word' id='word_1_188' title='bbox 977 3037 1128 3105; x_wconf 90' lang='lat' dir='ltr'><strong>cujus</strong></span> <span class='ocrx_word' id='word_1_189' title='bbox 1156 3035 1225 3092; x_wconf 91' lang='lat' dir='ltr'><strong>de</strong></span> <span class='ocrx_word' id='word_1_190' title='bbox 1253 3037 1636 3107; x_wconf 84' lang='lat' dir='ltr'><strong>seminercges</strong></span> 
     </span>
    </p>
   </div>
   <div class='ocr_carea' id='block_1_31' title="bbox 389 3128 1731 3200">
    <p class='ocr_par' dir='ltr' id='par_1_31' title="bbox 389 3128 1731 3200">
     <span class='ocr_line' id='line_1_31' title="bbox 389 3128 1731 3200; baseline 0.001 -16"><span class='ocrx_word' id='word_1_191' title='bbox 389 3130 671 3200; x_wconf 87' lang='lat' dir='ltr'><strong>Nunquam</strong></span> <span class='ocrx_word' id='word_1_192' title='bbox 699 3128 1004 3195; x_wconf 81' lang='lat' dir='ltr'><strong>defuerunt,</strong></span> <span class='ocrx_word' id='word_1_193' title='bbox 1034 3128 1208 3185; x_wconf 89' lang='lat' dir='ltr'><strong>donec</strong></span> <span class='ocrx_word' id='word_1_194' title='bbox 1237 3133 1462 3184; x_wconf 87' lang='lat' dir='ltr'><strong>ventura</strong></span> <span class='ocrx_word' id='word_1_195' title='bbox 1490 3137 1731 3199; x_wconf 88' lang='lat' dir='ltr'><strong>potestas</strong></span> 
     </span>
    </p>
   </div>
   <div class='ocr_carea' id='block_1_32' title="bbox 393 3221 1623 3294">
    <p class='ocr_par' dir='ltr' id='par_1_32' title="bbox 393 3221 1623 3294">
     <span class='ocr_line' id='line_1_32' title="bbox 393 3221 1623 3294; baseline -0.004 -15"><span class='ocrx_word' id='word_1_196' title='bbox 393 3222 654 3279; x_wconf 91' lang='lat' dir='ltr'><strong>Gentibus</strong></span> <span class='ocrx_word' id='word_1_197' title='bbox 682 3230 960 3294; x_wconf 81' lang='lat' dir='ltr'><strong>expectata</strong></span> <span class='ocrx_word' id='word_1_198' title='bbox 979 3221 1070 3277; x_wconf 89' lang='lat' dir='ltr'><strong>diu</strong></span> <span class='ocrx_word' id='word_1_199' title='bbox 1102 3222 1367 3292; x_wconf 89' lang='lat' dir='ltr'><strong>promissa</strong></span> <span class='ocrx_word' id='word_1_200' title='bbox 1396 3222 1623 3278; x_wconf 87' lang='lat' dir='ltr'><strong>veniret.</strong></span> 
     </span>
    </p>
   </div>
   <div class='ocr_carea' id='block_1_33' title="bbox 1018 3314 1373 3371">
    <p class='ocr_par' dir='ltr' id='par_1_33' title="bbox 1018 3314 1373 3371">
     <span class='ocr_line' id='line_1_33' title="bbox 1018 3314 1373 3371; baseline -0.003 -1"><span class='ocrx_word' id='word_1_201' title='bbox 1018 3314 1246 3371; x_wconf 82' lang='lat' dir='ltr'><strong>CAPUT</strong></span> <span class='ocrx_word' id='word_1_202' title='bbox 1285 3314 1373 3371; x_wconf 87' lang='lat' dir='ltr'><strong>Ill.</strong></span> 
     </span>
    </p>
   </div>
   <div class='ocr_carea' id='block_1_34' title="bbox 408 3394 1729 3482">
    <p class='ocr_par' dir='ltr' id='par_1_34' title="bbox 408 3394 1729 3482">
     <span class='ocr_line' id='line_1_34' title="bbox 408 3394 1729 3482; baseline -0.002 -16"><span class='ocrx_word' id='word_1_203' title='bbox 408 3394 416 3401; x_wconf 65' lang='grc'><strong>’</strong></span> <span class='ocrx_word' id='word_1_204' title='bbox 465 3395 584 3467; x_wconf 77' lang='lat' dir='ltr'><strong>Dux</strong></span> <span class='ocrx_word' id='word_1_205' title='bbox 618 3409 796 3482; x_wconf 87' lang='lat' dir='ltr'><strong>populi</strong></span> <span class='ocrx_word' id='word_1_206' title='bbox 822 3409 1018 3475; x_wconf 82' lang='lat' dir='ltr'><strong>Moses,</strong></span> <span class='ocrx_word' id='word_1_207' title='bbox 1049 3409 1141 3479; x_wconf 89' lang='lat' dir='ltr'><strong>qui</strong></span> <span class='ocrx_word' id='word_1_208' title='bbox 1168 3408 1349 3463; x_wconf 85' lang='lat' dir='ltr'><strong>limina</strong></span> <span class='ocrx_word' id='word_1_209' title='bbox 1378 3408 1521 3480; x_wconf 89' lang='lat' dir='ltr'><strong>regia</strong></span> <span class='ocrx_word' id='word_1_210' title='bbox 1549 3409 1729 3481; x_wconf 92' lang='lat' dir='ltr'><strong>liquit,</strong></span> 
     </span>
    </p>
   </div>
   <div class='ocr_carea' id='block_1_35' title="bbox 392 3501 1673 3575">
    <p class='ocr_par' dir='ltr' id='par_1_35' title="bbox 392 3501 1673 3575">
     <span class='ocr_line' id='line_1_35' title="bbox 392 3501 1673 3575; baseline -0.002 -13"><span class='ocrx_word' id='word_1_211' title='bbox 392 3506 667 3575; x_wconf 84' lang='lat' dir='ltr'><strong>Sperucns</strong></span> <span class='ocrx_word' id='word_1_212' title='bbox 695 3502 907 3557; x_wconf 90' lang='lat' dir='ltr'><strong>divitias</strong></span> <span class='ocrx_word' id='word_1_213' title='bbox 932 3501 1189 3557; x_wconf 89' lang='lat' dir='ltr'><strong>ﬂorentes</strong></span> <span class='ocrx_word' id='word_1_214' title='bbox 1219 3509 1461 3571; x_wconf 85' lang='lat' dir='ltr'><strong>tempore</strong></span> <span class='ocrx_word' id='word_1_215' title='bbox 1486 3517 1673 3572; x_wconf 90' lang='lat' dir='ltr'><strong>parvo,</strong></span> 
     </span>
    </p>
   </div>
   <div class='ocr_carea' id='block_1_36' title="bbox 395 3582 1543 3665">
    <p class='ocr_par' dir='ltr' id='par_1_36' title="bbox 395 3582 1543 3665">
     <span class='ocr_line' id='line_1_36' title="bbox 395 3582 1543 3665; baseline -0.003 -13"><span class='ocrx_word' id='word_1_216' title='bbox 395 3595 581 3653; x_wconf 79' lang='lat' dir='ltr'><strong>Maluit</strong></span> <span class='ocrx_word' id='word_1_217' title='bbox 604 3594 849 3651; x_wconf 89' lang='lat' dir='ltr'><strong>adﬂictus</strong></span> <span class='ocrx_word' id='word_1_218' title='bbox 874 3595 1055 3665; x_wconf 91' lang='lat' dir='ltr'><strong>populi</strong></span> <span class='ocrx_word' id='word_1_219' title='bbox 1089 3582 1302 3664; x_wconf 86' lang='lat' dir='ltr'><strong>portare</strong></span> <span class='ocrx_word' id='word_1_220' title='bbox 1330 3592 1543 3650; x_wconf 86' lang='lat' dir='ltr'><strong>labores</strong></span> 
     </span>
    </p>
   </div>
   <div class='ocr_carea' id='block_1_37' title="bbox 395 3686 1634 3755">
    <p class='ocr_par' dir='ltr' id='par_1_37' title="bbox 395 3686 1634 3755">
     <span class='ocr_line' id='line_1_37' title="bbox 395 3686 1634 3755; baseline -0.003 -10"><span class='ocrx_word' id='word_1_221' title='bbox 395 3688 632 3745; x_wconf 82' lang='lat' dir='ltr'><strong>Subnixa</strong></span> <span class='ocrx_word' id='word_1_222' title='bbox 662 3688 894 3755; x_wconf 89' lang='lat' dir='ltr'><strong>cervice,</strong></span> <span class='ocrx_word' id='word_1_223' title='bbox 923 3687 1082 3741; x_wconf 93' lang='lat' dir='ltr'><strong>minis</strong></span> <span class='ocrx_word' id='word_1_224' title='bbox 1112 3701 1217 3743; x_wconf 92' lang='lat' dir='ltr'><strong>non</strong></span> <span class='ocrx_word' id='word_1_225' title='bbox 1246 3687 1462 3743; x_wconf 91' lang='lat' dir='ltr'><strong>territus</strong></span> <span class='ocrx_word' id='word_1_226' title='bbox 1487 3686 1634 3753; x_wconf 91' lang='lat' dir='ltr'><strong>uilis,</strong></span> 
     </span>
    </p>
   </div>
   <div class='ocr_carea' id='block_1_38' title="bbox 396 3777 1810 3851">
    <p class='ocr_par' dir='ltr' id='par_1_38' title="bbox 396 3777 1810 3851">
     <span class='ocr_line' id='line_1_38' title="bbox 396 3777 1810 3851; baseline 0.001 -15"><span class='ocrx_word' id='word_1_227' title='bbox 396 3782 568 3848; x_wconf 84' lang='lat' dir='ltr'><strong>Quam</strong></span> <span class='ocrx_word' id='word_1_228' title='bbox 600 3780 702 3836; x_wconf 89' lang='lat' dir='ltr'><strong>sibi</strong></span> <span class='ocrx_word' id='word_1_229' title='bbox 726 3778 946 3836; x_wconf 86' lang='lat' dir='ltr'><strong>delicias</strong></span> <span class='ocrx_word' id='word_1_230' title='bbox 970 3777 1273 3849; x_wconf 89' lang='lat' dir='ltr'><strong>multasque</strong></span> <span class='ocrx_word' id='word_1_231' title='bbox 1300 3780 1574 3837; x_wconf 89' lang='lat' dir='ltr'><strong>remittere</strong></span> <span class='ocrx_word' id='word_1_232' title='bbox 1602 3795 1810 3851; x_wconf 62' lang='lat' dir='ltr'><strong>paruas,</strong></span> 
     </span>
    </p>
   </div>
   <div class='ocr_carea' id='block_1_39' title="bbox 391 3874 1723 3947">
    <p class='ocr_par' dir='ltr' id='par_1_39' title="bbox 391 3874 1723 3947">
     <span class='ocr_line' id='line_1_39' title="bbox 391 3874 1723 3947; baseline -0.002 -14"><span class='ocrx_word' id='word_1_233' title='bbox 391 3876 504 3933; x_wconf 88' lang='lat' dir='ltr'><strong>Pro</strong></span> <span class='ocrx_word' id='word_1_234' title='bbox 528 3889 827 3947; x_wconf 87' lang='lat' dir='ltr'><strong>magnaque</strong></span> <span class='ocrx_word' id='word_1_235' title='bbox 853 3874 980 3938; x_wconf 87' lang='lat' dir='ltr'><strong>ﬁde,</strong></span> <span class='ocrx_word' id='word_1_236' title='bbox 1011 3888 1108 3946; x_wconf 90' lang='lat' dir='ltr'><strong>pro</strong></span> <span class='ocrx_word' id='word_1_237' title='bbox 1140 3884 1286 3931; x_wconf 81' lang='lat' dir='ltr'><strong>tante</strong></span> <span class='ocrx_word' id='word_1_238' title='bbox 1312 3874 1480 3930; x_wconf 91' lang='lat' dir='ltr'><strong>mirus</strong></span> <span class='ocrx_word' id='word_1_239' title='bbox 1507 3889 1723 3945; x_wconf 88' lang='lat' dir='ltr'><strong>amore,</strong></span> 
     </span>
    </p>
   </div>
   <div class='ocr_carea' id='block_1_40' title="bbox 399 3966 1525 4039">
    <p class='ocr_par' dir='ltr' id='par_1_40' title="bbox 399 3966 1525 4039">
     <span class='ocr_line' id='line_1_40' title="bbox 399 3966 1525 4039; baseline -0.002 -15"><span class='ocrx_word' id='word_1_240' title='bbox 399 3968 650 4023; x_wconf 87' lang='lat' dir='ltr'><strong>Armatus</strong></span> <span class='ocrx_word' id='word_1_241' title='bbox 685 3967 882 4022; x_wconf 92' lang='lat' dir='ltr'><strong>virtute</strong></span> <span class='ocrx_word' id='word_1_242' title='bbox 914 3966 1006 4023; x_wconf 91' lang='lat' dir='ltr'><strong>Dei</strong></span> <span class='ocrx_word' id='word_1_243' title='bbox 1030 3966 1291 4038; x_wconf 87' lang='lat' dir='ltr'><strong>magnalia</strong></span> <span class='ocrx_word' id='word_1_244' title='bbox 1323 3967 1484 4039; x_wconf 83' lang='lat' dir='ltr'><strong>gessit</strong></span> <span class='ocrx_word' id='word_1_245' title='bbox 1511 3984 1525 4022; x_wconf 89' lang='lat'><strong>:</strong></span> 
     </span>
    </p>
   </div>
   <div class='ocr_carea' id='block_1_41' title="bbox 398 4058 1735 4131">
    <p class='ocr_par' dir='ltr' id='par_1_41' title="bbox 398 4058 1735 4131">
     <span class='ocr_line' id='line_1_41' title="bbox 398 4058 1735 4131; baseline -0.001 -17"><span class='ocrx_word' id='word_1_246' title='bbox 398 4058 673 4114; x_wconf 88' lang='lat' dir='ltr'><strong>Percussit</strong></span> <span class='ocrx_word' id='word_1_247' title='bbox 695 4066 909 4128; x_wconf 86' lang='lat' dir='ltr'><strong>gentem</strong></span> <span class='ocrx_word' id='word_1_248' title='bbox 937 4058 1127 4129; x_wconf 86' lang='lat' dir='ltr'><strong>plagis,</strong></span> <span class='ocrx_word' id='word_1_249' title='bbox 1162 4067 1469 4131; x_wconf 89' lang='lat' dir='ltr'><strong>terramque</strong></span> <span class='ocrx_word' id='word_1_250' title='bbox 1498 4060 1735 4130; x_wconf 87' lang='lat' dir='ltr'><strong>reliquit,</strong></span> 
     </span>
    </p>
   </div>
   <div class='ocr_carea' id='block_1_42' title="bbox 396 4149 1778 4223">
    <p class='ocr_par' dir='ltr' id='par_1_42' title="bbox 396 4149 1778 4223">
     <span class='ocr_line' id='line_1_42' title="bbox 396 4149 1778 4223; baseline 0.001 -18"><span class='ocrx_word' id='word_1_251' title='bbox 396 4149 676 4205; x_wconf 79' lang='lat' dir='ltr'><strong>confundit</strong></span> <span class='ocrx_word' id='word_1_252' title='bbox 699 4165 878 4221; x_wconf 85' lang='lat' dir='ltr'><strong>regem</strong></span> <span class='ocrx_word' id='word_1_253' title='bbox 907 4149 1121 4217; x_wconf 89' lang='lat' dir='ltr'><strong>durttm,</strong></span> <span class='ocrx_word' id='word_1_254' title='bbox 1148 4152 1510 4223; x_wconf 90' lang='lat' dir='ltr'><strong>populumque</strong></span> <span class='ocrx_word' id='word_1_255' title='bbox 1538 4151 1778 4217; x_wconf 87' lang='lat' dir='ltr'><strong>reducit;</strong></span> 
     </span>
    </p>
   </div>
   <div class='ocr_carea' id='block_1_43' title="bbox 398 4241 1681 4310">
    <p class='ocr_par' dir='ltr' id='par_1_43' title="bbox 398 4241 1681 4310">
     <span class='ocr_line' id='line_1_43' title="bbox 398 4241 1681 4310; baseline 0.002 -13"><span class='ocrx_word' id='word_1_256' title='bbox 398 4241 633 4298; x_wconf 88' lang='lat' dir='ltr'><strong>Caleavit</strong></span> <span class='ocrx_word' id='word_1_257' title='bbox 663 4241 875 4307; x_wconf 87' lang='lat' dir='ltr'><strong>ﬂuctus,</strong></span> <span class='ocrx_word' id='word_1_258' title='bbox 909 4242 1095 4300; x_wconf 88' lang='lat' dir='ltr'><strong>hostes</strong></span> <span class='ocrx_word' id='word_1_259' title='bbox 1124 4243 1381 4303; x_wconf 88' lang='lat' dir='ltr'><strong>demersit</strong></span> <span class='ocrx_word' id='word_1_260' title='bbox 1410 4244 1463 4299; x_wconf 93' lang='lat' dir='ltr'><strong>in</strong></span> <span class='ocrx_word' id='word_1_261' title='bbox 1494 4243 1681 4310; x_wconf 89' lang='lat' dir='ltr'><strong>undis;</strong></span> 
     </span>
    </p>
   </div>
   <div class='ocr_carea' id='block_1_44' title="bbox 396 4333 1922 4407">
    <p class='ocr_par' dir='ltr' id='par_1_44' title="bbox 396 4333 1922 4407">
     <span class='ocr_line' id='line_1_44' title="bbox 396 4333 1922 4407; baseline 0.004 -17"><span class='ocrx_word' id='word_1_262' title='bbox 396 4334 550 4390; x_wconf 87' lang='lat' dir='ltr'><strong>Fecit</strong></span> <span class='ocrx_word' id='word_1_263' title='bbox 576 4348 767 4403; x_wconf 88' lang='lat' dir='ltr'><strong>aquam</strong></span> <span class='ocrx_word' id='word_1_264' title='bbox 799 4333 1010 4391; x_wconf 87' lang='lat' dir='ltr'><strong>dulcem</strong></span> <span class='ocrx_word' id='word_1_265' title='bbox 1045 4350 1137 4405; x_wconf 90' lang='lat' dir='ltr'><strong>per</strong></span> <span class='ocrx_word' id='word_1_266' title='bbox 1162 4335 1381 4405; x_wconf 90' lang='lat' dir='ltr'><strong>lignum,</strong></span> <span class='ocrx_word' id='word_1_267' title='bbox 1419 4350 1635 4406; x_wconf 89' lang='lat' dir='ltr'><strong>semper</strong></span> <span class='ocrx_word' id='word_1_268' title='bbox 1658 4353 1922 4407; x_wconf 88' lang='lat' dir='ltr'><strong>amaram,</strong></span> 
     </span>
    </p>
   </div>
   <div class='ocr_carea' id='block_1_45' title="bbox 395 4423 1741 4500">
    <p class='ocr_par' dir='ltr' id='par_1_45' title="bbox 395 4423 1741 4500">
     <span class='ocr_line' id='line_1_45' title="bbox 395 4423 1741 4500; baseline 0.004 -21"><span class='ocrx_word' id='word_1_269' title='bbox 395 4426 529 4480; x_wconf 91' lang='lat' dir='ltr'><strong>Cum</strong></span> <span class='ocrx_word' id='word_1_270' title='bbox 553 4423 749 4481; x_wconf 90' lang='lat' dir='ltr'><strong>Christi</strong></span> <span class='ocrx_word' id='word_1_271' title='bbox 778 4427 975 4496; x_wconf 90' lang='lat' dir='ltr'><strong>populo</strong></span> <span class='ocrx_word' id='word_1_272' title='bbox 1001 4426 1283 4483; x_wconf 78' lang='lat' dir='ltr'><strong>manifeste</strong></span> <span class='ocrx_word' id='word_1_273' title='bbox 1319 4428 1483 4481; x_wconf 90' lang='lat' dir='ltr'><strong>multa</strong></span> <span class='ocrx_word' id='word_1_274' title='bbox 1509 4427 1741 4500; x_wconf 89' lang='lat' dir='ltr'><strong>locutus,</strong></span> 
     </span>
    </p>
   </div>
   <div class='ocr_carea' id='block_1_46' title="bbox 394 4515 1578 4587">
    <p class='ocr_par' dir='ltr' id='par_1_46' title="bbox 394 4515 1578 4587">
     <span class='ocr_line' id='line_1_46' title="bbox 394 4515 1578 4587; baseline 0.003 -17"><span class='ocrx_word' id='word_1_275' title='bbox 394 4515 561 4587; x_wconf 87' lang='lat' dir='ltr'><strong>Cujus</strong></span> <span class='ocrx_word' id='word_1_276' title='bbox 588 4516 656 4572; x_wconf 88' lang='lat' dir='ltr'><strong>de</strong></span> <span class='ocrx_word' id='word_1_277' title='bbox 686 4518 821 4574; x_wconf 83' lang='lat' dir='ltr'><strong>facie</strong></span> <span class='ocrx_word' id='word_1_278' title='bbox 850 4518 942 4573; x_wconf 77' lang='lat' dir='ltr'><strong>lux</strong></span> <span class='ocrx_word' id='word_1_279' title='bbox 970 4527 1026 4573; x_wconf 91' lang='lat' dir='ltr'><strong>et</strong></span> <span class='ocrx_word' id='word_1_280' title='bbox 1048 4518 1189 4574; x_wconf 89' lang='lat' dir='ltr'><strong>nitor</strong></span> <span class='ocrx_word' id='word_1_281' title='bbox 1216 4533 1309 4574; x_wconf 92' lang='lat' dir='ltr'><strong>ore</strong></span> <span class='ocrx_word' id='word_1_282' title='bbox 1340 4519 1578 4587; x_wconf 78' lang='lat' dir='ltr'><strong>refulsit;</strong></span> 
     </span>
    </p>
   </div>
   <div class='ocr_carea' id='block_1_47' title="bbox 393 4609 1705 4683">
    <p class='ocr_par' dir='ltr' id='par_1_47' title="bbox 393 4609 1705 4683">
     <span class='ocr_line' id='line_1_47' title="bbox 393 4609 1705 4683; baseline 0.004 -17"><span class='ocrx_word' id='word_1_283' title='bbox 393 4612 685 4683; x_wconf 83' lang='lat' dir='ltr'><strong>Acceptam</strong></span> <span class='ocrx_word' id='word_1_284' title='bbox 712 4610 882 4683; x_wconf 83' lang='lat' dir='ltr'><strong>legem</strong></span> <span class='ocrx_word' id='word_1_285' title='bbox 911 4626 1008 4681; x_wconf 88' lang='lat' dir='ltr'><strong>per</strong></span> <span class='ocrx_word' id='word_1_286' title='bbox 1035 4625 1234 4682; x_wconf 85' lang='lat' dir='ltr'><strong>paucos</strong></span> <span class='ocrx_word' id='word_1_287' title='bbox 1255 4609 1391 4667; x_wconf 82' lang='lat' dir='ltr'><strong>fudit</strong></span> <span class='ocrx_word' id='word_1_288' title='bbox 1414 4611 1468 4669; x_wconf 90' lang='lat' dir='ltr'><strong>in</strong></span> <span class='ocrx_word' id='word_1_289' title='bbox 1496 4613 1705 4681; x_wconf 91' lang='lat' dir='ltr'><strong>orbem,</strong></span> 
     </span>
    </p>
   </div>
   <div class='ocr_carea' id='block_1_48' title="bbox 1806 323 2271 385">
    <p class='ocr_par' dir='ltr' id='par_1_48' title="bbox 1806 323 2271 385">
     <span class='ocr_line' id='line_1_48' title="bbox 1806 323 2271 385; baseline -0.004 0"><span class='ocrx_word' id='word_1_290' title='bbox 1806 323 2271 385; x_wconf 70' lang='lat' dir='ltr'><strong>TERTULLIANI</strong></span> 
     </span>
    </p>
   </div>
   <div class='ocr_carea' id='block_1_49' title="bbox 3553 326 3692 386">
    <p class='ocr_par' dir='ltr' id='par_1_49' title="bbox 3553 326 3692 386">
     <span class='ocr_line' id='line_1_49' title="bbox 3553 326 3692 386; baseline -0.014 0"><span class='ocrx_word' id='word_1_291' title='bbox 3553 326 3692 386; x_wconf 66' lang='lat'><strong>{072</strong></span> 
     </span>
    </p>
   </div>
   <div class='ocr_carea' id='block_1_50' title="bbox 2014 441 3487 512">
    <p class='ocr_par' dir='ltr' id='par_1_50' title="bbox 2014 441 3487 512">
     <span class='ocr_line' id='line_1_50' title="bbox 2014 441 3487 512; baseline 0.002 -17"><span class='ocrx_word' id='word_1_292' title='bbox 2014 444 2063 502; x_wconf 80' lang='grc' dir='ltr'><strong>Α</strong></span> <span class='ocrx_word' id='word_1_293' title='bbox 2096 441 2353 512; x_wconf 79' lang='lat' dir='ltr'><strong>Exempla</strong></span> <span class='ocrx_word' id='word_1_294' title='bbox 2386 442 2638 512; x_wconf 86' lang='lat' dir='ltr'><strong>implicita</strong></span> <span class='ocrx_word' id='word_1_295' title='bbox 2669 443 3003 512; x_wconf 87' lang='lat' dir='ltr'><strong>propriorum</strong></span> <span class='ocrx_word' id='word_1_296' title='bbox 3032 451 3176 505; x_wconf 84' lang='lat' dir='ltr'><strong>certa</strong></span> <span class='ocrx_word' id='word_1_297' title='bbox 3209 442 3451 498; x_wconf 82' lang='lat' dir='ltr'><strong>laborum</strong></span> <span class='ocrx_word' id='word_1_298' title='bbox 3472 487 3487 511; x_wconf 95' lang='lat'><strong>,</strong></span> 
     </span>
    </p>
   </div>
   <div class='ocr_carea' id='block_1_51' title="bbox 2096 532 3504 605">
    <p class='ocr_par' dir='ltr' id='par_1_51' title="bbox 2096 532 3504 605">
     <span class='ocr_line' id='line_1_51' title="bbox 2096 532 3504 605; baseline 0 -16"><span class='ocrx_word' id='word_1_299' title='bbox 2096 533 2368 589; x_wconf 88' lang='lat' dir='ltr'><strong>Percussit</strong></span> <span class='ocrx_word' id='word_1_300' title='bbox 2395 544 2621 604; x_wconf 88' lang='lat' dir='ltr'><strong>petram,</strong></span> <span class='ocrx_word' id='word_1_301' title='bbox 2640 532 2821 604; x_wconf 89' lang='lat' dir='ltr'><strong>jussus</strong></span> <span class='ocrx_word' id='word_1_302' title='bbox 2849 548 3065 605; x_wconf 90' lang='lat' dir='ltr'><strong>quoque</strong></span> <span class='ocrx_word' id='word_1_303' title='bbox 3093 534 3311 589; x_wconf 88' lang='lat' dir='ltr'><strong>ﬂumina</strong></span> <span class='ocrx_word' id='word_1_304' title='bbox 3344 534 3504 600; x_wconf 81' lang='lat' dir='ltr'><strong>fudit;</strong></span> 
     </span>
    </p>
   </div>
   <div class='ocr_carea' id='block_1_52' title="bbox 2097 625 3485 696">
    <p class='ocr_par' dir='ltr' id='par_1_52' title="bbox 2097 625 3485 696">
     <span class='ocr_line' id='line_1_52' title="bbox 2097 625 3485 696; baseline -0.001 -17"><span class='ocrx_word' id='word_1_305' title='bbox 2097 625 2456 696; x_wconf 80' lang='lat' dir='ltr'><strong>Extenditque</strong></span> <span class='ocrx_word' id='word_1_306' title='bbox 2486 639 2695 690; x_wconf 87' lang='lat' dir='ltr'><strong>manus,</strong></span> <span class='ocrx_word' id='word_1_307' title='bbox 2722 636 2780 681; x_wconf 90' lang='lat' dir='ltr'><strong>ut</strong></span> <span class='ocrx_word' id='word_1_308' title='bbox 2810 626 2964 696; x_wconf 89' lang='lat' dir='ltr'><strong>signo</strong></span> <span class='ocrx_word' id='word_1_309' title='bbox 2985 627 3221 681; x_wconf 88' lang='lat' dir='ltr'><strong>vinceret</strong></span> <span class='ocrx_word' id='word_1_310' title='bbox 3251 625 3485 681; x_wconf 75' lang='lat' dir='ltr'><strong>hostem.</strong></span> 
     </span>
    </p>
   </div>
   <div class='ocr_carea' id='block_1_53' title="bbox 2096 717 3619 789">
    <p class='ocr_par' dir='ltr' id='par_1_53' title="bbox 2096 717 3619 789">
     <span class='ocr_line' id='line_1_53' title="bbox 2096 717 3619 789; baseline 0.001 -16"><span class='ocrx_word' id='word_1_311' title='bbox 2096 717 2287 773; x_wconf 87' lang='lat' dir='ltr'><strong>Omnia</strong></span> <span class='ocrx_word' id='word_1_312' title='bbox 2318 721 2385 776; x_wconf 90' lang='lat' dir='ltr'><strong>de</strong></span> <span class='ocrx_word' id='word_1_313' title='bbox 2412 719 2646 785; x_wconf 91' lang='lat' dir='ltr'><strong>Christo,</strong></span> <span class='ocrx_word' id='word_1_314' title='bbox 2676 734 2771 788; x_wconf 91' lang='lat' dir='ltr'><strong>per</strong></span> <span class='ocrx_word' id='word_1_315' title='bbox 2795 718 3065 775; x_wconf 89' lang='lat' dir='ltr'><strong>Christum</strong></span> <span class='ocrx_word' id='word_1_316' title='bbox 3092 730 3281 775; x_wconf 90' lang='lat' dir='ltr'><strong>cuncta</strong></span> <span class='ocrx_word' id='word_1_317' title='bbox 3310 718 3619 789; x_wconf 85' lang='lat' dir='ltr'><strong>loquuntur.</strong></span> 
     </span>
    </p>
   </div>
   <div class='ocr_carea' id='block_1_54' title="bbox 2096 809 3513 883">
    <p class='ocr_par' dir='ltr' id='par_1_54' title="bbox 2096 809 3513 883">
     <span class='ocr_line' id='line_1_54' title="bbox 2096 809 3513 883; baseline -0.001 -17"><span class='ocrx_word' id='word_1_318' title='bbox 2096 809 2195 868; x_wconf 88' lang='lat' dir='ltr'><strong>Hic</strong></span> <span class='ocrx_word' id='word_1_319' title='bbox 2224 812 2426 881; x_wconf 91' lang='lat' dir='ltr'><strong>probus</strong></span> <span class='ocrx_word' id='word_1_320' title='bbox 2454 820 2508 866; x_wconf 89' lang='lat' dir='ltr'><strong>et</strong></span> <span class='ocrx_word' id='word_1_321' title='bbox 2540 826 2762 881; x_wconf 88' lang='lat' dir='ltr'><strong>magnus</strong></span> <span class='ocrx_word' id='word_1_322' title='bbox 2787 826 2907 867; x_wconf 90' lang='lat' dir='ltr'><strong>cum</strong></span> <span class='ocrx_word' id='word_1_323' title='bbox 2939 810 3111 868; x_wconf 91' lang='lat' dir='ltr'><strong>laudis</strong></span> <span class='ocrx_word' id='word_1_324' title='bbox 3137 826 3267 883; x_wconf 88' lang='lat' dir='ltr'><strong>pace</strong></span> <span class='ocrx_word' id='word_1_325' title='bbox 3293 810 3513 882; x_wconf 79' lang='lat' dir='ltr'><strong>quievit.</strong></span> 
     </span>
    </p>
   </div>
   <div class='ocr_carea' id='block_1_55' title="bbox 2099 891 3563 974">
    <p class='ocr_par' dir='ltr' id='par_1_55' title="bbox 2099 891 3563 974">
     <span class='ocr_line' id='line_1_55' title="bbox 2099 891 3563 974; baseline 0.002 -15"><span class='ocrx_word' id='word_1_326' title='bbox 2099 906 2169 960; x_wconf 90' lang='lat' dir='ltr'><strong>At</strong></span> <span class='ocrx_word' id='word_1_327' title='bbox 2190 904 2345 961; x_wconf 89' lang='lat' dir='ltr'><strong>Jesus</strong></span> <span class='ocrx_word' id='word_1_328' title='bbox 2364 904 2509 962; x_wconf 89' lang='lat' dir='ltr'><strong>Nave</strong></span> <span class='ocrx_word' id='word_1_329' title='bbox 2540 906 2699 973; x_wconf 84' lang='lat' dir='ltr'><strong>tilius,</strong></span> <span class='ocrx_word' id='word_1_330' title='bbox 2729 906 2902 962; x_wconf 87' lang='lat' dir='ltr'><strong>Auses</strong></span> <span class='ocrx_word' id='word_1_331' title='bbox 2923 914 3049 963; x_wconf 88' lang='lat' dir='ltr'><strong>ante</strong></span> <span class='ocrx_word' id='word_1_332' title='bbox 3076 915 3318 974; x_wconf 83' lang='lat' dir='ltr'><strong>vocatus,</strong></span> <span class='ocrx_word' id='word_1_333' title='bbox 3552 891 3563 897; x_wconf 59' lang='grc'><strong>’</strong></span> 
     </span>
    </p>
   </div>
   <div class='ocr_carea' id='block_1_56' title="bbox 2098 996 3566 1071">
    <p class='ocr_par' dir='ltr' id='par_1_56' title="bbox 2098 996 3566 1071">
     <span class='ocr_line' id='line_1_56' title="bbox 2098 996 3566 1071; baseline 0.001 -18"><span class='ocrx_word' id='word_1_334' title='bbox 2098 996 2330 1066; x_wconf 90' lang='lat' dir='ltr'><strong>Spiritus</strong></span> <span class='ocrx_word' id='word_1_335' title='bbox 2356 998 2500 1054; x_wconf 88' lang='lat' dir='ltr'><strong>hunc</strong></span> <span class='ocrx_word' id='word_1_336' title='bbox 2529 1005 2745 1055; x_wconf 92' lang='lat' dir='ltr'><strong>sanctus</strong></span> <span class='ocrx_word' id='word_1_337' title='bbox 2774 998 2979 1055; x_wconf 89' lang='lat' dir='ltr'><strong>socium</strong></span> <span class='ocrx_word' id='word_1_338' title='bbox 3016 999 3120 1054; x_wconf 84' lang='lat' dir='ltr'><strong>sibi</strong></span> <span class='ocrx_word' id='word_1_339' title='bbox 3145 1000 3364 1056; x_wconf 87' lang='lat' dir='ltr'><strong>nomine</strong></span> <span class='ocrx_word' id='word_1_340' title='bbox 3386 997 3566 1071; x_wconf 80' lang='lat' dir='ltr'><strong>junxit</strong></span> 
     </span>
    </p>
   </div>
   <div class='ocr_carea' id='block_1_57' title="bbox 2098 1090 3541 1165">
    <p class='ocr_par' dir='ltr' id='par_1_57' title="bbox 2098 1090 3541 1165">
     <span class='ocr_line' id='line_1_57' title="bbox 2098 1090 3541 1165; baseline 0.001 -19"><span class='ocrx_word' id='word_1_341' title='bbox 2098 1090 2236 1147; x_wconf 84' lang='lat' dir='ltr'><strong>Hinc</strong></span> <span class='ocrx_word' id='word_1_342' title='bbox 2264 1090 2481 1147; x_wconf 89' lang='lat' dir='ltr'><strong>ﬂuvium</strong></span> <span class='ocrx_word' id='word_1_343' title='bbox 2508 1091 2685 1159; x_wconf 88' lang='lat' dir='ltr'><strong>scidit,</strong></span> <span class='ocrx_word' id='word_1_344' title='bbox 2717 1101 2770 1147; x_wconf 92' lang='lat' dir='ltr'><strong>et</strong></span> <span class='ocrx_word' id='word_1_345' title='bbox 2801 1092 3053 1162; x_wconf 90' lang='lat' dir='ltr'><strong>populum</strong></span> <span class='ocrx_word' id='word_1_346' title='bbox 3076 1091 3308 1149; x_wconf 88' lang='lat' dir='ltr'><strong>transire</strong></span> <span class='ocrx_word' id='word_1_347' title='bbox 3334 1093 3541 1165; x_wconf 87' lang='lat' dir='ltr'><strong>coegit;</strong></span> 
     </span>
    </p>
   </div>
   <div class='ocr_carea' id='block_1_58' title="bbox 2098 1185 3393 1256">
    <p class='ocr_par' dir='ltr' id='par_1_58' title="bbox 2098 1185 3393 1256">
     <span class='ocr_line' id='line_1_58' title="bbox 2098 1185 3393 1256; baseline 0.001 -16"><span class='ocrx_word' id='word_1_348' title='bbox 2098 1185 2376 1242; x_wconf 89' lang='lat' dir='ltr'><strong>Distribuit</strong></span> <span class='ocrx_word' id='word_1_349' title='bbox 2396 1198 2600 1243; x_wconf 82' lang='lat' dir='ltr'><strong>terram</strong></span> <span class='ocrx_word' id='word_1_350' title='bbox 2628 1186 2814 1256; x_wconf 84' lang='lat' dir='ltr'><strong>gratis,</strong></span> <span class='ocrx_word' id='word_1_351' title='bbox 2845 1185 3109 1256; x_wconf 85' lang='lat' dir='ltr'><strong>promissa</strong></span> <span class='ocrx_word' id='word_1_352' title='bbox 3136 1194 3393 1256; x_wconf 87' lang='lat' dir='ltr'><strong>paterna;</strong></span> 
     </span>
    </p>
   </div>
   <div class='ocr_carea' id='block_1_59' title="bbox 2099 1275 3497 1343">
    <p class='ocr_par' dir='ltr' id='par_1_59' title="bbox 2099 1275 3497 1343">
     <span class='ocr_line' id='line_1_59' title="bbox 2099 1275 3497 1343; baseline -0.001 -11"><span class='ocrx_word' id='word_1_353' title='bbox 2099 1275 2278 1333; x_wconf 90' lang='lat' dir='ltr'><strong>Solem</strong></span> <span class='ocrx_word' id='word_1_354' title='bbox 2305 1292 2429 1333; x_wconf 93' lang='lat' dir='ltr'><strong>cum</strong></span> <span class='ocrx_word' id='word_1_355' title='bbox 2456 1278 2577 1332; x_wconf 86' lang='lat' dir='ltr'><strong>luna</strong></span> <span class='ocrx_word' id='word_1_356' title='bbox 2600 1277 2808 1343; x_wconf 79' lang='lat' dir='ltr'><strong>statuit,</strong></span> <span class='ocrx_word' id='word_1_357' title='bbox 2832 1277 2960 1333; x_wconf 87' lang='lat' dir='ltr'><strong>dum</strong></span> <span class='ocrx_word' id='word_1_358' title='bbox 2987 1278 3222 1333; x_wconf 89' lang='lat' dir='ltr'><strong>vinceret</strong></span> <span class='ocrx_word' id='word_1_359' title='bbox 3251 1278 3459 1334; x_wconf 91' lang='lat' dir='ltr'><strong>hostem</strong></span> <span class='ocrx_word' id='word_1_360' title='bbox 3483 1294 3497 1343; x_wconf 94' lang='lat'><strong>;</strong></span> 
     </span>
    </p>
   </div>
   <div class='ocr_carea' id='block_1_60' title="bbox 2098 1368 3481 1449">
    <p class='ocr_par' dir='ltr' id='par_1_60' title="bbox 2098 1368 3481 1449">
     <span class='ocr_line' id='line_1_60' title="bbox 2098 1368 3481 1449; baseline 0.001 -24"><span class='ocrx_word' id='word_1_361' title='bbox 2098 1371 2315 1449; x_wconf 79' lang='lat' dir='ltr'><strong>Expulit</strong></span> <span class='ocrx_word' id='word_1_362' title='bbox 2340 1380 2595 1427; x_wconf 81' lang='lat' dir='ltr'><strong>externas</strong></span> <span class='ocrx_word' id='word_1_363' title='bbox 2620 1378 2804 1441; x_wconf 87' lang='lat' dir='ltr'><strong>gentes</strong></span> <span class='ocrx_word' id='word_1_364' title='bbox 2832 1368 3147 1441; x_wconf 89' lang='lat' dir='ltr'><strong>prolemque</strong></span> <span class='ocrx_word' id='word_1_365' title='bbox 3173 1370 3481 1441; x_wconf 83' lang='lat' dir='ltr'><strong>gigantum;</strong></span> 
     </span>
    </p>
   </div>
   <div class='ocr_carea' id='block_1_61' title="bbox 2099 1464 3234 1535">
    <p class='ocr_par' dir='ltr' id='par_1_61' title="bbox 2099 1464 3234 1535">
     <span class='ocr_line' id='line_1_61' title="bbox 2099 1464 3234 1535; baseline -0.003 -14"><span class='ocrx_word' id='word_1_366' title='bbox 2099 1465 2312 1522; x_wconf 80' lang='lat' dir='ltr'><strong>Excidit</strong></span> <span class='ocrx_word' id='word_1_367' title='bbox 2339 1466 2508 1533; x_wconf 85' lang='lat' dir='ltr'><strong>lucos,</strong></span> <span class='ocrx_word' id='word_1_368' title='bbox 2540 1480 2662 1521; x_wconf 90' lang='lat' dir='ltr'><strong>aras</strong></span> <span class='ocrx_word' id='word_1_369' title='bbox 2687 1473 2741 1521; x_wconf 89' lang='lat' dir='ltr'><strong>et</strong></span> <span class='ocrx_word' id='word_1_370' title='bbox 2765 1464 2961 1535; x_wconf 90' lang='lat' dir='ltr'><strong>templa</strong></span> <span class='ocrx_word' id='word_1_371' title='bbox 2990 1464 3234 1534; x_wconf 87' lang='lat' dir='ltr'><strong>subegit;</strong></span> 
     </span>
    </p>
   </div>
   <div class='ocr_carea' id='block_1_62' title="bbox 2098 1556 3314 1633">
    <p class='ocr_par' dir='ltr' id='par_1_62' title="bbox 2098 1556 3314 1633">
     <span class='ocr_line' id='line_1_62' title="bbox 2098 1556 3314 1633; baseline -0.006 -16"><span class='ocrx_word' id='word_1_372' title='bbox 2098 1560 2287 1617; x_wconf 90' lang='lat' dir='ltr'><strong>Omnia</strong></span> <span class='ocrx_word' id='word_1_373' title='bbox 2318 1561 2553 1633; x_wconf 85' lang='lat' dir='ltr'><strong>legitima</strong></span> <span class='ocrx_word' id='word_1_374' title='bbox 2584 1558 2844 1615; x_wconf 89' lang='lat' dir='ltr'><strong>solemnia</strong></span> <span class='ocrx_word' id='word_1_375' title='bbox 2870 1567 3049 1615; x_wconf 90' lang='lat' dir='ltr'><strong>mente</strong></span> <span class='ocrx_word' id='word_1_376' title='bbox 3080 1556 3314 1628; x_wconf 87' lang='lat' dir='ltr'><strong>peregit;</strong></span> 
     </span>
    </p>
   </div>
   <div class='ocr_carea' id='block_1_63' title="bbox 2097 1650 3373 1723">
    <p class='ocr_par' dir='ltr' id='par_1_63' title="bbox 2097 1650 3373 1723">
     <span class='ocr_line' id='line_1_63' title="bbox 2097 1650 3373 1723; baseline -0.001 -15"><span class='ocrx_word' id='word_1_377' title='bbox 2097 1651 2341 1708; x_wconf 86' lang='lat' dir='ltr'><strong>Nominis</strong></span> <span class='ocrx_word' id='word_1_378' title='bbox 2366 1650 2670 1723; x_wconf 84' lang='lat' dir='ltr'><strong>exemplum</strong></span> <span class='ocrx_word' id='word_1_379' title='bbox 2692 1650 2915 1718; x_wconf 89' lang='lat' dir='ltr'><strong>Christi,</strong></span> <span class='ocrx_word' id='word_1_380' title='bbox 2939 1650 3152 1707; x_wconf 91' lang='lat' dir='ltr'><strong>virtutis</strong></span> <span class='ocrx_word' id='word_1_381' title='bbox 3178 1652 3373 1721; x_wconf 86' lang='lat' dir='ltr'><strong>imago.</strong></span> 
     </span>
    </p>
   </div>
   <div class='ocr_carea' id='block_1_64' title="bbox 2722 1776 3077 1848">
    <p class='ocr_par' dir='ltr' id='par_1_64' title="bbox 2722 1776 3077 1848">
     <span class='ocr_line' id='line_1_64' title="bbox 2722 1776 3077 1848; baseline -0.003 -2"><span class='ocrx_word' id='word_1_382' title='bbox 2722 1776 2950 1848; x_wconf 89' lang='lat' dir='ltr'><strong>CAPUT</strong></span> <span class='ocrx_word' id='word_1_383' title='bbox 2987 1789 3077 1846; x_wconf 86' lang='lat' dir='ltr'><strong>1v.</strong></span> 
     </span>
    </p>
   </div>
   <div class='ocr_carea' id='block_1_65' title="bbox 2171 1924 3518 1998">
    <p class='ocr_par' dir='ltr' id='par_1_65' title="bbox 2171 1924 3518 1998">
     <span class='ocr_line' id='line_1_65' title="bbox 2171 1924 3518 1998; baseline -0.002 -17"><span class='ocrx_word' id='word_1_384' title='bbox 2171 1927 2310 1996; x_wconf 85' lang='lat' dir='ltr'><strong>Quid</strong></span> <span class='ocrx_word' id='word_1_385' title='bbox 2337 1928 2403 1983; x_wconf 89' lang='lat' dir='ltr'><strong>de</strong></span> <span class='ocrx_word' id='word_1_386' title='bbox 2432 1926 2710 1984; x_wconf 77' lang='lat' dir='ltr'><strong>Iudicibus</strong></span> <span class='ocrx_word' id='word_1_387' title='bbox 2737 1924 2918 1998; x_wconf 87' lang='lat' dir='ltr'><strong>populi</strong></span> <span class='ocrx_word' id='word_1_388' title='bbox 2945 1939 3042 1997; x_wconf 81' lang='lat' dir='ltr'><strong>per</strong></span> <span class='ocrx_word' id='word_1_389' title='bbox 3070 1924 3275 1998; x_wconf 87' lang='lat' dir='ltr'><strong>singula</strong></span> <span class='ocrx_word' id='word_1_390' title='bbox 3305 1925 3518 1982; x_wconf 83' lang='lat' dir='ltr'><strong>dicant?</strong></span> 
     </span>
    </p>
   </div>
   <div class='ocr_carea' id='block_1_66' title="bbox 2099 2003 3504 2088">
    <p class='ocr_par' dir='ltr' id='par_1_66' title="bbox 2099 2003 3504 2088">
     <span class='ocr_line' id='line_1_66' title="bbox 2099 2003 3504 2088; baseline -0.002 -14"><span class='ocrx_word' id='word_1_391' title='bbox 2099 2019 2338 2088; x_wconf 84' lang='lat' dir='ltr'><strong>Quorum</strong></span> <span class='ocrx_word' id='word_1_392' title='bbox 2370 2020 2593 2075; x_wconf 89' lang='lat' dir='ltr'><strong>virtutes</strong></span> <span class='ocrx_word' id='word_1_393' title='bbox 2618 2019 3098 2076; x_wconf 85' lang='lat' dir='ltr'><strong>si-conscribantur</strong></span> <span class='ocrx_word' id='word_1_394' title='bbox 3124 2019 3178 2074; x_wconf 92' lang='lat' dir='ltr'><strong>in</strong></span> <span class='ocrx_word' id='word_1_395' title='bbox 3209 2034 3395 2083; x_wconf 90' lang='lat' dir='ltr'><strong>unum,</strong></span> <span class='ocrx_word' id='word_1_396' title='bbox 3497 2003 3504 2011; x_wconf 76' lang='grc'><em>’</em></span> 
     </span>
    </p>
   </div>
   <div class='ocr_carea' id='block_1_67' title="bbox 2105 2111 3535 2183">
    <p class='ocr_par' dir='ltr' id='par_1_67' title="bbox 2105 2111 3535 2183">
     <span class='ocr_line' id='line_1_67' title="bbox 2105 2111 3535 2183; baseline -0.001 -17"><span class='ocrx_word' id='word_1_397' title='bbox 2105 2111 2403 2169; x_wconf 84' lang='lat' dir='ltr'><strong>Verborum</strong></span> <span class='ocrx_word' id='word_1_398' title='bbox 2432 2112 2603 2183; x_wconf 90' lang='lat' dir='ltr'><strong>spatio</strong></span> <span class='ocrx_word' id='word_1_399' title='bbox 2633 2127 2918 2168; x_wconf 88' lang='lat' dir='ltr'><strong>numerosa</strong></span> <span class='ocrx_word' id='word_1_400' title='bbox 2947 2112 3219 2167; x_wconf 87' lang='lat' dir='ltr'><strong>volumina</strong></span> <span class='ocrx_word' id='word_1_401' title='bbox 3246 2111 3535 2183; x_wconf 89' lang='lat' dir='ltr'><strong>complent.</strong></span> 
     </span>
    </p>
   </div>
   <div class='ocr_carea' id='block_1_68' title="bbox 2097 2205 3368 2275">
    <p class='ocr_par' dir='ltr' id='par_1_68' title="bbox 2097 2205 3368 2275">
     <span class='ocr_line' id='line_1_68' title="bbox 2097 2205 3368 2275; baseline -0.001 -17"><span class='ocrx_word' id='word_1_402' title='bbox 2097 2205 2350 2260; x_wconf 86' lang='lat' dir='ltr'><strong>Attamen</strong></span> <span class='ocrx_word' id='word_1_403' title='bbox 2373 2220 2440 2261; x_wconf 82' lang='lat' dir='ltr'><strong>ex</strong></span> <span class='ocrx_word' id='word_1_404' title='bbox 2461 2205 2642 2259; x_wconf 91' lang='lat' dir='ltr'><strong>multis</strong></span> <span class='ocrx_word' id='word_1_405' title='bbox 2669 2219 2961 2275; x_wconf 90' lang='lat' dir='ltr'><strong>paucorum</strong></span> <span class='ocrx_word' id='word_1_406' title='bbox 2986 2205 3167 2261; x_wconf 89' lang='lat' dir='ltr'><strong>dicere</strong></span> <span class='ocrx_word' id='word_1_407' title='bbox 3189 2205 3368 2267; x_wconf 73' lang='lat' dir='ltr'><strong>vitam,</strong></span> 
     </span>
    </p>
   </div>
   <div class='ocr_carea' id='block_1_69' title="bbox 2098 2295 3388 2368">
    <p class='ocr_par' dir='ltr' id='par_1_69' title="bbox 2098 2295 3388 2368">
     <span class='ocr_line' id='line_1_69' title="bbox 2098 2295 3388 2368; baseline -0.002 -15"><span class='ocrx_word' id='word_1_408' title='bbox 2098 2295 2353 2367; x_wconf 87' lang='lat' dir='ltr'><strong>Corporis</strong></span> <span class='ocrx_word' id='word_1_409' title='bbox 2381 2297 2633 2367; x_wconf 82' lang='lat' dir='ltr'><strong>explendi</strong></span> <span class='ocrx_word' id='word_1_410' title='bbox 2660 2298 2953 2354; x_wconf 87' lang='lat' dir='ltr'><strong>verborum</strong></span> <span class='ocrx_word' id='word_1_411' title='bbox 2977 2297 3211 2368; x_wconf 85' lang='lat' dir='ltr'><strong>postulat</strong></span> <span class='ocrx_word' id='word_1_412' title='bbox 3233 2297 3388 2351; x_wconf 90' lang='lat' dir='ltr'><strong>ordo.</strong></span> 
     </span>
    </p>
   </div>
   <div class='ocr_carea' id='block_1_70' title="bbox 2098 2387 3633 2461">
    <p class='ocr_par' dir='ltr' id='par_1_70' title="bbox 2098 2387 3633 2461">
     <span class='ocr_line' id='line_1_70' title="bbox 2098 2387 3633 2461; baseline -0.001 -16"><span class='ocrx_word' id='word_1_413' title='bbox 2098 2390 2174 2445; x_wconf 82' lang='lat' dir='ltr'><strong>Ex</strong></span> <span class='ocrx_word' id='word_1_414' title='bbox 2207 2390 2398 2460; x_wconf 89' lang='lat' dir='ltr'><strong>quibus</strong></span> <span class='ocrx_word' id='word_1_415' title='bbox 2423 2401 2481 2446; x_wconf 92' lang='lat' dir='ltr'><strong>ut</strong></span> <span class='ocrx_word' id='word_1_416' title='bbox 2502 2390 2720 2447; x_wconf 89' lang='lat' dir='ltr'><strong>Gedeon</strong></span> <span class='ocrx_word' id='word_1_417' title='bbox 2747 2391 2854 2445; x_wconf 83' lang='lat' dir='ltr'><strong>dux</strong></span> <span class='ocrx_word' id='word_1_418' title='bbox 2879 2391 3128 2461; x_wconf 90' lang='lat' dir='ltr'><strong>agminis,</strong></span> <span class='ocrx_word' id='word_1_419' title='bbox 3161 2405 3284 2445; x_wconf 90' lang='lat' dir='ltr'><strong>acer</strong></span> <span class='ocrx_word' id='word_1_420' title='bbox 3307 2390 3358 2443; x_wconf 92' lang='lat' dir='ltr'><strong>in</strong></span> <span class='ocrx_word' id='word_1_421' title='bbox 3396 2387 3633 2456; x_wconf 86' lang='lat' dir='ltr'><strong>hostem,</strong></span> 
     </span>
    </p>
   </div>
   <div class='ocr_carea' id='block_1_71' title="bbox 2096 2483 3317 2555">
    <p class='ocr_par' dir='ltr' id='par_1_71' title="bbox 2096 2483 3317 2555">
     <span class='ocr_line' id='line_1_71' title="bbox 2096 2483 3317 2555; baseline -0.003 -16"><span class='ocrx_word' id='word_1_422' title='bbox 2096 2484 2223 2539; x_wconf 75' lang='lat' dir='ltr'><strong>Non</strong></span> <span class='ocrx_word' id='word_1_423' title='bbox 2244 2485 2438 2542; x_wconf 92' lang='lat' dir='ltr'><strong>virtute</strong></span> <span class='ocrx_word' id='word_1_424' title='bbox 2466 2500 2560 2541; x_wconf 93' lang='lat' dir='ltr'><strong>sua</strong></span> <span class='ocrx_word' id='word_1_425' title='bbox 2596 2485 3123 2555; x_wconf 80' lang='lat' dir='ltr'><strong>tutelamacquirere</strong></span> <span class='ocrx_word' id='word_1_426' title='bbox 3151 2483 3317 2554; x_wconf 87' lang='lat' dir='ltr'><strong>genti,</strong></span> 
     </span>
    </p>
   </div>
   <div class='ocr_carea' id='block_1_72' title="bbox 2099 2574 3405 2649">
    <p class='ocr_par' dir='ltr' id='par_1_72' title="bbox 2099 2574 3405 2649">
     <span class='ocr_line' id='line_1_72' title="bbox 2099 2574 3405 2649; baseline -0.002 -18"><span class='ocrx_word' id='word_1_427' title='bbox 2099 2576 2474 2649; x_wconf 89' lang='lat' dir='ltr'><strong>Firmatusque</strong></span> <span class='ocrx_word' id='word_1_428' title='bbox 2501 2578 2605 2633; x_wconf 88' lang='lat' dir='ltr'><strong>lide</strong></span> <span class='ocrx_word' id='word_1_429' title='bbox 2627 2578 2838 2648; x_wconf 79' lang='lat' dir='ltr'><strong>signum</strong></span> <span class='ocrx_word' id='word_1_430' title='bbox 2869 2578 2998 2647; x_wconf 92' lang='lat' dir='ltr'><strong>petit</strong></span> <span class='ocrx_word' id='word_1_431' title='bbox 3022 2576 3193 2632; x_wconf 76' lang='lat' dir='ltr'><strong>excita</strong></span> <span class='ocrx_word' id='word_1_432' title='bbox 3221 2574 3405 2636; x_wconf 89' lang='lat' dir='ltr'><strong>menti.</strong></span> 
     </span>
    </p>
   </div>
   <div class='ocr_carea' id='block_1_73' title="bbox 2023 1837 2141 1901">
    <p class='ocr_par' dir='ltr' id='par_1_73' title="bbox 2023 1837 2141 1901">
     <span class='ocr_line' id='line_1_73' title="bbox 2023 1837 2141 1901; baseline 0 -46"><span class='ocrx_word' id='word_1_433' title='bbox 2023 1837 2072 1901; x_wconf 71' lang='grc' dir='ltr'><strong>Β</strong></span> <span class='ocrx_word' id='word_1_434' title='bbox 2138 1852 2141 1855; x_wconf 74' lang='grc'>,</span> 
     </span>
    </p>
   </div>
   <div class='ocr_carea' id='block_1_74' title="bbox 2066 2668 3478 2741">
    <p class='ocr_par' dir='ltr' id='par_1_74' title="bbox 2066 2668 3478 2741">
     <span class='ocr_line' id='line_1_74' title="bbox 2066 2668 3478 2741; baseline -0.003 -17"><span class='ocrx_word' id='word_1_435' title='bbox 2066 2694 2071 2701; x_wconf 91' lang='grc'><strong>-</strong></span> <span class='ocrx_word' id='word_1_436' title='bbox 2097 2670 2214 2738; x_wconf 84' lang='lat' dir='ltr'><strong>Quo</strong></span> <span class='ocrx_word' id='word_1_437' title='bbox 2244 2670 2333 2727; x_wconf 90' lang='lat' dir='ltr'><strong>vel</strong></span> <span class='ocrx_word' id='word_1_438' title='bbox 2360 2686 2468 2727; x_wconf 93' lang='lat' dir='ltr'><strong>non</strong></span> <span class='ocrx_word' id='word_1_439' title='bbox 2490 2680 2673 2741; x_wconf 91' lang='lat' dir='ltr'><strong>posset</strong></span> <span class='ocrx_word' id='word_1_440' title='bbox 2700 2671 2781 2725; x_wconf 89' lang='lat' dir='ltr'><strong>vel</strong></span> <span class='ocrx_word' id='word_1_441' title='bbox 2810 2678 2989 2741; x_wconf 88' lang='lat' dir='ltr'><strong>posset</strong></span> <span class='ocrx_word' id='word_1_442' title='bbox 3021 2669 3238 2724; x_wconf 80' lang='lat' dir='ltr'><strong>vincere</strong></span> <span class='ocrx_word' id='word_1_443' title='bbox 3259 2668 3478 2734; x_wconf 91' lang='lat' dir='ltr'><strong>bellum,</strong></span> 
     </span>
    </p>
   </div>
   <div class='ocr_carea' id='block_1_75' title="bbox 2100 2759 3480 2833">
    <p class='ocr_par' dir='ltr' id='par_1_75' title="bbox 2100 2759 3480 2833">
     <span class='ocr_line' id='line_1_75' title="bbox 2100 2759 3480 2833; baseline -0.002 -17"><span class='ocrx_word' id='word_1_444' title='bbox 2100 2761 2286 2818; x_wconf 78' lang='lat' dir='ltr'><strong>Velius</strong></span> <span class='ocrx_word' id='word_1_445' title='bbox 2308 2773 2366 2817; x_wconf 91' lang='lat' dir='ltr'><strong>ut</strong></span> <span class='ocrx_word' id='word_1_446' title='bbox 2389 2763 2440 2818; x_wconf 92' lang='lat' dir='ltr'><strong>in</strong></span> <span class='ocrx_word' id='word_1_447' title='bbox 2464 2772 2676 2819; x_wconf 90' lang='lat' dir='ltr'><strong>noctem</strong></span> <span class='ocrx_word' id='word_1_448' title='bbox 2706 2763 2936 2833; x_wconf 90' lang='lat' dir='ltr'><strong>positum</strong></span> <span class='ocrx_word' id='word_1_449' title='bbox 2964 2761 3032 2817; x_wconf 83' lang='lat' dir='ltr'><strong>de.</strong></span> <span class='ocrx_word' id='word_1_450' title='bbox 3063 2775 3186 2817; x_wconf 91' lang='lat' dir='ltr'><strong>rore</strong></span> <span class='ocrx_word' id='word_1_451' title='bbox 3216 2759 3480 2826; x_wconf 88' lang='lat' dir='ltr'><strong>maderet,</strong></span> 
     </span>
    </p>
   </div>
   <div class='ocr_carea' id='block_1_76' title="bbox 2096 2852 3266 2924">
    <p class='ocr_par' dir='ltr' id='par_1_76' title="bbox 2096 2852 3266 2924">
     <span class='ocr_line' id='line_1_76' title="bbox 2096 2852 3266 2924; baseline -0.004 -14"><span class='ocrx_word' id='word_1_452' title='bbox 2096 2853 2167 2910; x_wconf 90' lang='lat' dir='ltr'><strong>Et</strong></span> <span class='ocrx_word' id='word_1_453' title='bbox 2199 2854 2358 2911; x_wconf 89' lang='lat' dir='ltr'><strong>tellus</strong></span> <span class='ocrx_word' id='word_1_454' title='bbox 2378 2856 2554 2911; x_wconf 91' lang='lat' dir='ltr'><strong>omnis</strong></span> <span class='ocrx_word' id='word_1_455' title='bbox 2582 2855 2783 2911; x_wconf 88' lang='lat' dir='ltr'><strong>circmu</strong></span> <span class='ocrx_word' id='word_1_456' title='bbox 2816 2855 3012 2909; x_wconf 90' lang='lat' dir='ltr'><strong>siccata</strong></span> <span class='ocrx_word' id='word_1_457' title='bbox 3040 2852 3266 2924; x_wconf 89' lang='lat' dir='ltr'><strong>jaceret,</strong></span> 
     </span>
    </p>
   </div>
   <div class='ocr_carea' id='block_1_77' title="bbox 2097 2946 3435 3020">
    <p class='ocr_par' dir='ltr' id='par_1_77' title="bbox 2097 2946 3435 3020">
     <span class='ocr_line' id='line_1_77' title="bbox 2097 2946 3435 3020; baseline 0 -17"><span class='ocrx_word' id='word_1_458' title='bbox 2097 2946 2213 3003; x_wconf 81' lang='lat' dir='ltr'><strong>Hoc</strong></span> <span class='ocrx_word' id='word_1_459' title='bbox 2240 2949 2574 3004; x_wconf 89' lang='lat' dir='ltr'><strong>inimicorum</strong></span> <span class='ocrx_word' id='word_1_460' title='bbox 2608 2949 2838 3020; x_wconf 89' lang='lat' dir='ltr'><strong>palmam</strong></span> <span class='ocrx_word' id='word_1_461' title='bbox 2866 2948 3172 3005; x_wconf 87' lang='lat' dir='ltr'><strong>coalescere</strong></span> <span class='ocrx_word' id='word_1_462' title='bbox 3206 2946 3435 3013; x_wconf 90' lang='lat' dir='ltr'><strong>mundo;</strong></span> 
     </span>
    </p>
   </div>
   <div class='ocr_carea' id='block_1_78' title="bbox 2096 3023 3475 3115">
    <p class='ocr_par' dir='ltr' id='par_1_78' title="bbox 2096 3023 3475 3115">
     <span class='ocr_line' id='line_1_78' title="bbox 2096 3023 3475 3115; baseline 0 -18"><span class='ocrx_word' id='word_1_463' title='bbox 2096 3042 2274 3113; x_wconf 87' lang='lat' dir='ltr'><strong>Atque</strong></span> <span class='ocrx_word' id='word_1_464' title='bbox 2304 3041 2496 3098; x_wconf 90' lang='lat' dir='ltr'><strong>iterum</strong></span> <span class='ocrx_word' id='word_1_465' title='bbox 2525 3043 2639 3099; x_wconf 91' lang='lat' dir='ltr'><strong>solo</strong></span> <span class='ocrx_word' id='word_1_466' title='bbox 2663 3043 2960 3099; x_wconf 88' lang='lat' dir='ltr'><strong>remanenti</strong></span> <span class='ocrx_word' id='word_1_467' title='bbox 2985 3041 3185 3099; x_wconf 86' lang='lat' dir='ltr'><strong>vellere</strong></span> <span class='ocrx_word' id='word_1_468' title='bbox 3208 3023 3354 3099; x_wconf 74' lang='lat' dir='ltr'><strong>sicco</strong></span> <span class='ocrx_word' id='word_1_469' title='bbox 3376 3039 3475 3115; x_wconf 80' lang='lat'><strong>(5),</strong></span> 
     </span>
    </p>
   </div>
   <div class='ocr_carea' id='block_1_79' title="bbox 2097 3128 3303 3206">
    <p class='ocr_par' dir='ltr' id='par_1_79' title="bbox 2097 3128 3303 3206">
     <span class='ocr_line' id='line_1_79' title="bbox 2097 3128 3303 3206; baseline 0 -17"><span class='ocrx_word' id='word_1_470' title='bbox 2097 3128 2212 3189; x_wconf 84' lang='lat' dir='ltr'><strong>Hoc</strong></span> <span class='ocrx_word' id='word_1_471' title='bbox 2237 3133 2426 3189; x_wconf 90' lang='lat' dir='ltr'><strong>eadem</strong></span> <span class='ocrx_word' id='word_1_472' title='bbox 2457 3134 2611 3190; x_wconf 91' lang='lat' dir='ltr'><strong>tellus</strong></span> <span class='ocrx_word' id='word_1_473' title='bbox 2637 3142 2848 3190; x_wconf 89' lang='lat' dir='ltr'><strong>roraret</strong></span> <span class='ocrx_word' id='word_1_474' title='bbox 2877 3144 3033 3190; x_wconf 90' lang='lat' dir='ltr'><strong>nocte</strong></span> <span class='ocrx_word' id='word_1_475' title='bbox 3063 3134 3303 3206; x_wconf 88' lang='lat' dir='ltr'><strong>liquore;</strong></span> 
     </span>
    </p>
   </div>
   <div class='ocr_carea' id='block_1_80' title="bbox 2018 3223 3442 3297">
    <p class='ocr_par' dir='ltr' id='par_1_80' title="bbox 2018 3223 3442 3297">
     <span class='ocr_line' id='line_1_80' title="bbox 2018 3223 3442 3297; baseline -0.001 -17"><span class='ocrx_word' id='word_1_476' title='bbox 2018 3230 2064 3293; x_wconf 85' lang='lat' dir='ltr'><strong>C</strong></span> <span class='ocrx_word' id='word_1_477' title='bbox 2100 3223 2213 3280; x_wconf 90' lang='lat' dir='ltr'><strong>lloc</strong></span> <span class='ocrx_word' id='word_1_478' title='bbox 2237 3226 2434 3282; x_wconf 91' lang='lat' dir='ltr'><strong>etenim</strong></span> <span class='ocrx_word' id='word_1_479' title='bbox 2462 3226 2615 3297; x_wconf 91' lang='lat' dir='ltr'><strong>signo</strong></span> <span class='ocrx_word' id='word_1_480' title='bbox 2643 3227 2958 3297; x_wconf 68' lang='lat' dir='ltr'><strong>praedonum</strong></span> <span class='ocrx_word' id='word_1_481' title='bbox 2987 3226 3176 3282; x_wconf 88' lang='lat' dir='ltr'><strong>stravit</strong></span> <span class='ocrx_word' id='word_1_482' title='bbox 3200 3238 3442 3289; x_wconf 89' lang='lat' dir='ltr'><strong>acervos,</strong></span> 
     </span>
    </p>
   </div>
   <div class='ocr_carea' id='block_1_81' title="bbox 2096 3316 3462 3392">
    <p class='ocr_par' dir='ltr' id='par_1_81' title="bbox 2096 3316 3462 3392">
     <span class='ocr_line' id='line_1_81' title="bbox 2096 3316 3462 3392; baseline -0.004 -17"><span class='ocrx_word' id='word_1_483' title='bbox 2096 3318 2434 3391; x_wconf 88' lang='lat' dir='ltr'><strong>Congressus</strong></span> <span class='ocrx_word' id='word_1_484' title='bbox 2459 3321 2655 3392; x_wconf 92' lang='lat' dir='ltr'><strong>populo</strong></span> <span class='ocrx_word' id='word_1_485' title='bbox 2684 3319 2906 3389; x_wconf 86' lang='lat' dir='ltr'><strong>Christi,</strong></span> <span class='ocrx_word' id='word_1_486' title='bbox 2933 3321 3049 3377; x_wconf 90' lang='lat' dir='ltr'><strong>sine</strong></span> <span class='ocrx_word' id='word_1_487' title='bbox 3072 3318 3244 3373; x_wconf 90' lang='lat' dir='ltr'><strong>milite</strong></span> <span class='ocrx_word' id='word_1_488' title='bbox 3274 3316 3462 3383; x_wconf 92' lang='lat' dir='ltr'><strong>multo,</strong></span> 
     </span>
    </p>
   </div>
   <div class='ocr_carea' id='block_1_82' title="bbox 2097 3400 3698 3486">
    <p class='ocr_par' dir='ltr' id='par_1_82' title="bbox 2097 3400 3698 3486">
     <span class='ocr_line' id='line_1_82' title="bbox 2097 3400 3698 3486; baseline -0.006 -18"><span class='ocrx_word' id='word_1_489' title='bbox 2097 3410 2437 3468; x_wconf 91' lang='lat' dir='ltr'><strong>Tercenteno</strong></span> <span class='ocrx_word' id='word_1_490' title='bbox 2490 3414 2671 3485; x_wconf 90' lang='lat' dir='ltr'><strong>equite</strong></span> <span class='ocrx_word' id='word_1_491' title='bbox 2698 3411 2977 3486; x_wconf 89' lang='lat' dir='ltr'><strong>(numerus</strong></span> <span class='ocrx_word' id='word_1_492' title='bbox 3002 3411 3118 3467; x_wconf 84' lang='lat' dir='ltr'><strong>Tau</strong></span> <span class='ocrx_word' id='word_1_493' title='bbox 3149 3411 3329 3465; x_wconf 87' lang='lat' dir='ltr'><strong>littera</strong></span> <span class='ocrx_word' id='word_1_494' title='bbox 3359 3404 3572 3477; x_wconf 66' lang='lat' dir='ltr'><strong>Graeca)</strong></span> <span class='ocrx_word' id='word_1_495' title='bbox 3613 3400 3698 3478; x_wconf 79' lang='grc' dir='ltr'><strong>(ὁ)</strong></span> 
     </span>
    </p>
   </div>
   <div class='ocr_carea' id='block_1_83' title="bbox 2096 3505 3486 3577">
    <p class='ocr_par' dir='ltr' id='par_1_83' title="bbox 2096 3505 3486 3577">
     <span class='ocr_line' id='line_1_83' title="bbox 2096 3505 3486 3577; baseline -0.007 -14"><span class='ocrx_word' id='word_1_496' title='bbox 2096 3507 2333 3563; x_wconf 80' lang='lat' dir='ltr'><strong>Armatis</strong></span> <span class='ocrx_word' id='word_1_497' title='bbox 2357 3506 2667 3577; x_wconf 85' lang='lat' dir='ltr'><strong>facibusque</strong></span> <span class='ocrx_word' id='word_1_498' title='bbox 2695 3516 2750 3562; x_wconf 92' lang='lat' dir='ltr'><strong>et</strong></span> <span class='ocrx_word' id='word_1_499' title='bbox 2775 3505 3027 3561; x_wconf 88' lang='lat' dir='ltr'><strong>cornibus</strong></span> <span class='ocrx_word' id='word_1_500' title='bbox 3054 3517 3149 3560; x_wconf 87' lang='lat' dir='ltr'><strong>ore</strong></span> <span class='ocrx_word' id='word_1_501' title='bbox 3176 3507 3486 3558; x_wconf 88' lang='lat' dir='ltr'><strong>canentum.</strong></span> 
     </span>
    </p>
   </div>
   <div class='ocr_carea' id='block_1_84' title="bbox 2101 3597 3458 3673">
    <p class='ocr_par' dir='ltr' id='par_1_84' title="bbox 2101 3597 3458 3673">
     <span class='ocr_line' id='line_1_84' title="bbox 2101 3597 3458 3673; baseline -0.005 -19"><span class='ocrx_word' id='word_1_502' title='bbox 2101 3600 2283 3658; x_wconf 81' lang='lat' dir='ltr'><strong>Velius</strong></span> <span class='ocrx_word' id='word_1_503' title='bbox 2312 3610 2429 3657; x_wconf 89' lang='lat' dir='ltr'><strong>erat</strong></span> <span class='ocrx_word' id='word_1_504' title='bbox 2456 3602 2682 3673; x_wconf 87' lang='lat' dir='ltr'><strong>populus</strong></span> <span class='ocrx_word' id='word_1_505' title='bbox 2707 3600 2885 3657; x_wconf 90' lang='lat' dir='ltr'><strong>ovium</strong></span> <span class='ocrx_word' id='word_1_506' title='bbox 2914 3599 2983 3654; x_wconf 91' lang='lat' dir='ltr'><strong>de</strong></span> <span class='ocrx_word' id='word_1_507' title='bbox 3009 3597 3214 3653; x_wconf 88' lang='lat' dir='ltr'><strong>semine</strong></span> <span class='ocrx_word' id='word_1_508' title='bbox 3240 3603 3458 3658; x_wconf 90' lang='lat' dir='ltr'><strong>sancto;</strong></span> 
     </span>
    </p>
   </div>
   <div class='ocr_carea' id='block_1_85' title="bbox 2094 3688 3446 3764">
    <p class='ocr_par' dir='ltr' id='par_1_85' title="bbox 2094 3688 3446 3764">
     <span class='ocr_line' id='line_1_85' title="bbox 2094 3688 3446 3764; baseline -0.009 -13"><span class='ocrx_word' id='word_1_509' title='bbox 2094 3694 2228 3752; x_wconf 89' lang='lat' dir='ltr'><strong>Nam</strong></span> <span class='ocrx_word' id='word_1_510' title='bbox 2255 3695 2411 3752; x_wconf 89' lang='lat' dir='ltr'><strong>tellus</strong></span> <span class='ocrx_word' id='word_1_511' title='bbox 2437 3696 2601 3752; x_wconf 67' lang='lat' dir='ltr'><strong>varia:</strong></span> <span class='ocrx_word' id='word_1_512' title='bbox 2631 3703 2819 3764; x_wconf 90' lang='lat' dir='ltr'><strong>gentes</strong></span> <span class='ocrx_word' id='word_1_513' title='bbox 2847 3693 3081 3763; x_wconf 72' lang='lat' dir='ltr'><strong>iuszeque</strong></span> <span class='ocrx_word' id='word_1_514' title='bbox 3108 3705 3202 3761; x_wconf 91' lang='lat' dir='ltr'><strong>per</strong></span> <span class='ocrx_word' id='word_1_515' title='bbox 3226 3688 3446 3754; x_wconf 89' lang='lat' dir='ltr'><strong>orbem;</strong></span> 
     </span>
    </p>
   </div>
   <div class='ocr_carea' id='block_1_86' title="bbox 2096 3780 3533 3858">
    <p class='ocr_par' dir='ltr' id='par_1_86' title="bbox 2096 3780 3533 3858">
     <span class='ocr_line' id='line_1_86' title="bbox 2096 3780 3533 3858; baseline -0.007 -17"><span class='ocrx_word' id='word_1_516' title='bbox 2096 3786 2331 3841; x_wconf 82' lang='lat' dir='ltr'><strong>Verbum</strong></span> <span class='ocrx_word' id='word_1_517' title='bbox 2364 3786 2505 3858; x_wconf 91' lang='lat' dir='ltr'><strong>quod</strong></span> <span class='ocrx_word' id='word_1_518' title='bbox 2536 3786 2723 3855; x_wconf 88' lang='lat' dir='ltr'><strong>nutrit,</strong></span> <span class='ocrx_word' id='word_1_519' title='bbox 2751 3784 2845 3841; x_wconf 92' lang='lat' dir='ltr'><strong>sed</strong></span> <span class='ocrx_word' id='word_1_520' title='bbox 2878 3800 2983 3840; x_wconf 77' lang='lat' dir='ltr'><strong>nox</strong></span> <span class='ocrx_word' id='word_1_521' title='bbox 3009 3790 3092 3839; x_wconf 89' lang='lat' dir='ltr'><strong>est</strong></span> <span class='ocrx_word' id='word_1_522' title='bbox 3117 3781 3309 3837; x_wconf 90' lang='lat' dir='ltr'><strong>mortis</strong></span> <span class='ocrx_word' id='word_1_523' title='bbox 3337 3780 3533 3847; x_wconf 88' lang='lat' dir='ltr'><strong>imago,</strong></span> 
     </span>
    </p>
   </div>
   <div class='ocr_carea' id='block_1_87' title="bbox 2098 3873 3445 3950">
    <p class='ocr_par' dir='ltr' id='par_1_87' title="bbox 2098 3873 3445 3950">
     <span class='ocr_line' id='line_1_87' title="bbox 2098 3873 3445 3950; baseline -0.007 -15"><span class='ocrx_word' id='word_1_524' title='bbox 2098 3878 2214 3935; x_wconf 88' lang='lat' dir='ltr'><strong>Tan</strong></span> <span class='ocrx_word' id='word_1_525' title='bbox 2240 3879 2450 3950; x_wconf 90' lang='lat' dir='ltr'><strong>signum</strong></span> <span class='ocrx_word' id='word_1_526' title='bbox 2479 3879 2677 3945; x_wconf 90' lang='lat' dir='ltr'><strong>crucis,</strong></span> <span class='ocrx_word' id='word_1_527' title='bbox 2706 3887 2761 3934; x_wconf 91' lang='lat' dir='ltr'><strong>et</strong></span> <span class='ocrx_word' id='word_1_528' title='bbox 2788 3892 2957 3933; x_wconf 89' lang='lat' dir='ltr'><strong>cornu</strong></span> <span class='ocrx_word' id='word_1_529' title='bbox 2985 3874 3255 3950; x_wconf 84' lang='lat' dir='ltr'><strong>praeconia</strong></span> <span class='ocrx_word' id='word_1_530' title='bbox 3283 3873 3408 3927; x_wconf 77' lang='lat' dir='ltr'><strong>vita:</strong></span> <span class='ocrx_word' id='word_1_531' title='bbox 3428 3912 3445 3938; x_wconf 91' lang='lat'><strong>,</strong></span> 
     </span>
    </p>
   </div>
   <div class='ocr_carea' id='block_1_88' title="bbox 2101 3963 3479 4041">
    <p class='ocr_par' dir='ltr' id='par_1_88' title="bbox 2101 3963 3479 4041">
     <span class='ocr_line' id='line_1_88' title="bbox 2101 3963 3479 4041; baseline -0.007 -15"><span class='ocrx_word' id='word_1_532' title='bbox 2101 3970 2472 4041; x_wconf 85' lang='lat' dir='ltr'><strong>Lucentesquc</strong></span> <span class='ocrx_word' id='word_1_533' title='bbox 2500 3969 2644 4027; x_wconf 81' lang='lat' dir='ltr'><strong>faces</strong></span> <span class='ocrx_word' id='word_1_534' title='bbox 2666 3971 2717 4025; x_wconf 93' lang='lat' dir='ltr'><strong>in</strong></span> <span class='ocrx_word' id='word_1_535' title='bbox 2746 3968 3001 4041; x_wconf 88' lang='lat' dir='ltr'><strong>ulychno,</strong></span> <span class='ocrx_word' id='word_1_536' title='bbox 3036 3967 3258 4038; x_wconf 87' lang='lat' dir='ltr'><strong>spiritus</strong></span> <span class='ocrx_word' id='word_1_537' title='bbox 3282 3963 3479 4020; x_wconf 89' lang='lat' dir='ltr'><strong>ardens</strong></span> 
     </span>
    </p>
   </div>
   <div class='ocr_carea' id='block_1_89' title="bbox 2097 4060 3338 4129">
    <p class='ocr_par' dir='ltr' id='par_1_89' title="bbox 2097 4060 3338 4129">
     <span class='ocr_line' id='line_1_89' title="bbox 2097 4060 3338 4129; baseline -0.005 -11"><span class='ocrx_word' id='word_1_538' title='bbox 2097 4060 2316 4118; x_wconf 86' lang='lat' dir='ltr'><strong>Scilicet</strong></span> <span class='ocrx_word' id='word_1_539' title='bbox 2341 4061 2443 4117; x_wconf 92' lang='lat' dir='ltr'><strong>hoc</strong></span> <span class='ocrx_word' id='word_1_540' title='bbox 2471 4071 2730 4119; x_wconf 89' lang='lat' dir='ltr'><strong>testamen</strong></span> <span class='ocrx_word' id='word_1_541' title='bbox 2758 4071 2868 4118; x_wconf 90' lang='lat' dir='ltr'><strong>erat</strong></span> <span class='ocrx_word' id='word_1_542' title='bbox 2904 4060 3114 4116; x_wconf 90' lang='lat' dir='ltr'><strong>virtutis</strong></span> <span class='ocrx_word' id='word_1_543' title='bbox 3134 4060 3338 4129; x_wconf 87' lang='lat' dir='ltr'><strong>imago,</strong></span> 
     </span>
    </p>
   </div>
   <div class='ocr_carea' id='block_1_90' title="bbox 2099 4151 3395 4225">
    <p class='ocr_par' dir='ltr' id='par_1_90' title="bbox 2099 4151 3395 4225">
     <span class='ocr_line' id='line_1_90' title="bbox 2099 4151 3395 4225; baseline -0.005 -15"><span class='ocrx_word' id='word_1_544' title='bbox 2099 4152 2219 4210; x_wconf 88' lang='lat' dir='ltr'><strong>Non</strong></span> <span class='ocrx_word' id='word_1_545' title='bbox 2241 4156 2388 4225; x_wconf 90' lang='lat' dir='ltr'><strong>prius</strong></span> <span class='ocrx_word' id='word_1_546' title='bbox 2409 4154 2652 4225; x_wconf 86' lang='lat' dir='ltr'><strong>angelica</strong></span> <span class='ocrx_word' id='word_1_547' title='bbox 2676 4156 2864 4210; x_wconf 88' lang='lat' dir='ltr'><strong>mortis</strong></span> <span class='ocrx_word' id='word_1_548' title='bbox 2885 4154 2995 4210; x_wconf 82' lang='lat' dir='ltr'><strong>fera</strong></span> <span class='ocrx_word' id='word_1_549' title='bbox 3024 4152 3205 4223; x_wconf 84' lang='lat' dir='ltr'><strong>praelia</strong></span> <span class='ocrx_word' id='word_1_550' title='bbox 3232 4151 3395 4218; x_wconf 91' lang='lat' dir='ltr'><strong>vinci,</strong></span> 
     </span>
    </p>
   </div>
   <div class='ocr_carea' id='block_1_91' title="bbox 2099 4230 3480 4319">
    <p class='ocr_par' dir='ltr' id='par_1_91' title="bbox 2099 4230 3480 4319">
     <span class='ocr_line' id='line_1_91' title="bbox 2099 4230 3480 4319; baseline -0.003 -16"><span class='ocrx_word' id='word_1_551' title='bbox 2099 4248 2269 4313; x_wconf 87' lang='lat' dir='ltr'><strong>Quam</strong></span> <span class='ocrx_word' id='word_1_552' title='bbox 2294 4247 2489 4319; x_wconf 89' lang='lat' dir='ltr'><strong>populo</strong></span> <span class='ocrx_word' id='word_1_553' title='bbox 2513 4230 2730 4303; x_wconf 88' lang='lat' dir='ltr'><strong>indocili</strong></span> <span class='ocrx_word' id='word_1_554' title='bbox 2758 4247 2948 4303; x_wconf 88' lang='lat' dir='ltr'><strong>merito</strong></span> <span class='ocrx_word' id='word_1_555' title='bbox 2967 4261 3062 4302; x_wconf 89' lang='lat' dir='ltr'><strong>sua</strong></span> <span class='ocrx_word' id='word_1_556' title='bbox 3088 4245 3246 4317; x_wconf 90' lang='lat' dir='ltr'><strong>culpa</strong></span> <span class='ocrx_word' id='word_1_557' title='bbox 3271 4244 3480 4309; x_wconf 90' lang='lat' dir='ltr'><strong>relicto,</strong></span> 
     </span>
    </p>
   </div>
   <div class='ocr_carea' id='block_1_92' title="bbox 2098 4338 3369 4412">
    <p class='ocr_par' dir='ltr' id='par_1_92' title="bbox 2098 4338 3369 4412">
     <span class='ocr_line' id='line_1_92' title="bbox 2098 4338 3369 4412; baseline -0.003 -16"><span class='ocrx_word' id='word_1_558' title='bbox 2098 4340 2485 4411; x_wconf 86' lang='lat' dir='ltr'><strong>Florentesque</strong></span> <span class='ocrx_word' id='word_1_559' title='bbox 2516 4340 2621 4397; x_wconf 89' lang='lat' dir='ltr'><strong>lide</strong></span> <span class='ocrx_word' id='word_1_560' title='bbox 2648 4350 2833 4412; x_wconf 89' lang='lat' dir='ltr'><strong>gentes</strong></span> <span class='ocrx_word' id='word_1_561' title='bbox 2857 4340 2909 4394; x_wconf 91' lang='lat' dir='ltr'><strong>in</strong></span> <span class='ocrx_word' id='word_1_562' title='bbox 2936 4338 3093 4395; x_wconf 85' lang='lat' dir='ltr'><strong>laude</strong></span> <span class='ocrx_word' id='word_1_563' title='bbox 3119 4346 3369 4408; x_wconf 68' lang='lat' dir='ltr'><strong>receptae.</strong></span> 
     </span>
    </p>
   </div>
   <div class='ocr_carea' id='block_1_93' title="bbox 2094 4427 3693 4503">
    <p class='ocr_par' dir='ltr' id='par_1_93' title="bbox 2094 4427 3693 4503">
     <span class='ocr_line' id='line_1_93' title="bbox 2094 4427 3693 4503; baseline -0.003 -13"><span class='ocrx_word' id='word_1_564' title='bbox 2094 4432 2341 4491; x_wconf 83' lang='lat' dir='ltr'><strong>Debbora</strong></span> <span class='ocrx_word' id='word_1_565' title='bbox 2368 4432 2495 4503; x_wconf 86' lang='lat' dir='ltr'><strong>quin</strong></span> <span class='ocrx_word' id='word_1_566' title='bbox 2529 4432 2720 4488; x_wconf 91' lang='lat' dir='ltr'><strong>mulier</strong></span> <span class='ocrx_word' id='word_1_567' title='bbox 2747 4445 2909 4502; x_wconf 90' lang='lat' dir='ltr'><strong>super</strong></span> <span class='ocrx_word' id='word_1_568' title='bbox 2936 4444 3149 4486; x_wconf 86' lang='lat' dir='ltr'><strong>onmem</strong></span> <span class='ocrx_word' id='word_1_569' title='bbox 3177 4428 3409 4484; x_wconf 76' lang='lat' dir='ltr'><strong>maxima</strong></span> <span class='ocrx_word' id='word_1_570' title='bbox 3438 4427 3693 4497; x_wconf 82' lang='lat' dir='ltr'><strong>formam,</strong></span> 
     </span>
    </p>
   </div>
   <div class='ocr_carea' id='block_1_94' title="bbox 2095 4522 3307 4598">
    <p class='ocr_par' dir='ltr' id='par_1_94' title="bbox 2095 4522 3307 4598">
     <span class='ocr_line' id='line_1_94' title="bbox 2095 4522 3307 4598; baseline -0.004 -16"><span class='ocrx_word' id='word_1_571' title='bbox 2095 4526 2202 4583; x_wconf 88' lang='lat' dir='ltr'><strong>Pro</strong></span> <span class='ocrx_word' id='word_1_572' title='bbox 2230 4527 2398 4597; x_wconf 89' lang='lat' dir='ltr'><strong>patria</strong></span> <span class='ocrx_word' id='word_1_573' title='bbox 2423 4541 2544 4598; x_wconf 71' lang='lat' dir='ltr'><strong>qua:</strong></span> <span class='ocrx_word' id='word_1_574' title='bbox 2573 4526 2831 4596; x_wconf 87' lang='lat' dir='ltr'><strong>belligero</strong></span> <span class='ocrx_word' id='word_1_575' title='bbox 2859 4523 3089 4580; x_wconf 84' lang='lat' dir='ltr'><strong>subnixa</strong></span> <span class='ocrx_word' id='word_1_576' title='bbox 3116 4522 3307 4591; x_wconf 86' lang='lat' dir='ltr'><strong>labori,</strong></span> 
     </span>
    </p>
   </div>
   <div class='ocr_carea' id='block_1_95' title="bbox 2017 4612 3528 4692">
    <p class='ocr_par' dir='ltr' id='par_1_95' title="bbox 2017 4612 3528 4692">
     <span class='ocr_line' id='line_1_95' title="bbox 2017 4612 3528 4692; baseline -0.002 -20"><span class='ocrx_word' id='word_1_577' title='bbox 2017 4612 2071 4672; x_wconf 90' lang='lat' dir='ltr'><strong>D</strong></span> <span class='ocrx_word' id='word_1_578' title='bbox 2097 4619 2291 4691; x_wconf 90' lang='lat' dir='ltr'><strong>Stipite</strong></span> <span class='ocrx_word' id='word_1_579' title='bbox 2318 4620 2419 4675; x_wconf 85' lang='lat' dir='ltr'><strong>sub</strong></span> <span class='ocrx_word' id='word_1_580' title='bbox 2450 4620 2641 4691; x_wconf 69' lang='lat' dir='ltr'><strong>palmae</strong></span> <span class='ocrx_word' id='word_1_581' title='bbox 2671 4618 2929 4692; x_wconf 89' lang='lat' dir='ltr'><strong>populum</strong></span> <span class='ocrx_word' id='word_1_582' title='bbox 2957 4616 3153 4673; x_wconf 87' lang='lat' dir='ltr'><strong>vicisse</strong></span> <span class='ocrx_word' id='word_1_583' title='bbox 3177 4616 3407 4674; x_wconf 90' lang='lat' dir='ltr'><strong>canebat</strong></span> <span class='ocrx_word' id='word_1_584' title='bbox 3435 4613 3528 4688; x_wconf 75' lang='grc' dir='ltr'><strong>(ε),</strong></span> 
     </span>
    </p>
   </div>
   <div class='ocr_carea' id='block_1_96' title="bbox 1630 4706 2460 4770">
    <p class='ocr_par' dir='ltr' id='par_1_96' title="bbox 1630 4706 2460 4770">
     <span class='ocr_line' id='line_1_96' title="bbox 1630 4706 2460 4770; baseline 0.005 -7"><span class='ocrx_word' id='word_1_585' title='bbox 1630 4706 2009 4770; x_wconf 81' lang='lat' dir='ltr'><strong>LECTIONES</strong></span> <span class='ocrx_word' id='word_1_586' title='bbox 2045 4710 2460 4769; x_wconf 70' lang='lat' dir='ltr'><strong>VARIANTES.</strong></span> 
     </span>
    </p>
   </div>
   <div class='ocr_carea' id='block_1_97' title="bbox 486 4790 1058 4857">
    <p class='ocr_par' dir='ltr' id='par_1_97' title="bbox 486 4790 1058 4857">
     <span class='ocr_line' id='line_1_97' title="bbox 486 4790 1058 4857; baseline -0.003 -12"><span class='ocrx_word' id='word_1_587' title='bbox 486 4792 533 4857; x_wconf 84' lang='lat' dir='ltr'><strong>l)</strong></span> <span class='ocrx_word' id='word_1_588' title='bbox 558 4795 600 4844; x_wconf 87' lang='lat' dir='ltr'><strong>A</strong></span> <span class='ocrx_word' id='word_1_589' title='bbox 621 4794 769 4847; x_wconf 76' lang='lat' dir='ltr'><strong>abest.</strong></span> <span class='ocrx_word' id='word_1_590' title='bbox 793 4806 875 4857; x_wconf 84' lang='lat' dir='ltr'><strong>ap.</strong></span> <span class='ocrx_word' id='word_1_591' title='bbox 900 4790 1058 4857; x_wconf 70' lang='lat' dir='ltr'><strong>obert.</strong></span> 
     </span>
    </p>
   </div>
   <div class='ocr_carea' id='block_1_98' title="bbox 458 4792 1175 4922">
    <p class='ocr_par' dir='ltr' id='par_1_98' title="bbox 458 4792 1175 4922">
     <span class='ocr_line' id='line_1_98' title="bbox 486 4792 1058 4857; baseline -0.002 -12"><span class='ocrx_word' id='word_1_592' title='bbox 486 4796 506 4845; x_wconf 82' lang='lat' dir='ltr'><strong>i</strong></span> <span class='ocrx_word' id='word_1_593' title='bbox 558 4795 600 4844; x_wconf 86' lang='lat' dir='ltr'><strong>A</strong></span> <span class='ocrx_word' id='word_1_594' title='bbox 621 4794 769 4847; x_wconf 72' lang='lat' dir='ltr'><strong>abest.</strong></span> <span class='ocrx_word' id='word_1_595' title='bbox 793 4806 875 4857; x_wconf 83' lang='lat' dir='ltr'><strong>ap.</strong></span> <span class='ocrx_word' id='word_1_596' title='bbox 900 4792 1058 4844; x_wconf 73' lang='lat' dir='ltr'><strong>Oberl.</strong></span> 
     </span>
     <span class='ocr_line' id='line_1_99' title="bbox 458 4792 1175 4922; baseline 0.003 -17"><span class='ocrx_word' id='word_1_597' title='bbox 458 4792 533 4922; x_wconf 47' lang='lat' dir='ltr'><strong>{Si</strong></span> <span class='ocrx_word' id='word_1_598' title='bbox 555 4857 737 4908; x_wconf 82' lang='lat' dir='ltr'><strong>Tantos</strong></span> <span class='ocrx_word' id='word_1_599' title='bbox 754 4857 968 4907; x_wconf 85' lang='lat' dir='ltr'><strong>honores</strong></span> <span class='ocrx_word' id='word_1_600' title='bbox 982 4856 1146 4907; x_wconf 82' lang='lat' dir='ltr'><strong>obert.</strong></span> <span class='ocrx_word' id='word_1_601' title='bbox 1165 4908 1175 4919; x_wconf 82' lang='lat'><em>_</em></span> 
     </span>
    </p>
   </div>
   <div class='ocr_carea' id='block_1_99' title="bbox 2175 4802 2591 4871">
    <p class='ocr_par' dir='ltr' id='par_1_99' title="bbox 2175 4802 2591 4871">
     <span class='ocr_line' id='line_1_100' title="bbox 2175 4802 2591 4871; baseline -0.002 -15"><span class='ocrx_word' id='word_1_602' title='bbox 2175 4804 2404 4871; x_wconf 57' lang='lat' dir='ltr'><strong>(3)1Fuco</strong></span> <span class='ocrx_word' id='word_1_603' title='bbox 2424 4802 2591 4857; x_wconf 79' lang='lat' dir='ltr'><strong>Paris.</strong></span> 
     </span>
    </p>
   </div>
   <div class='ocr_carea' id='block_1_100' title="bbox 1776 4928 2339 4990">
    <p class='ocr_par' dir='ltr' id='par_1_100' title="bbox 1776 4928 2339 4990">
     <span class='ocr_line' id='line_1_101' title="bbox 1776 4928 2339 4990; baseline 0.005 -3"><span class='ocrx_word' id='word_1_604' title='bbox 1776 4928 2339 4990; x_wconf 78' lang='lat' dir='ltr'><strong>COMMENTARIUS.</strong></span> 
     </span>
    </p>
   </div>
   <div class='ocr_carea' id='block_1_101' title="bbox 471 5011 1993 5091">
    <p class='ocr_par' dir='ltr' id='par_1_101' title="bbox 471 5011 1993 5091">
     <span class='ocr_line' id='line_1_102' title="bbox 471 5011 1993 5091; baseline 0.01 -24"><span class='ocrx_word' id='word_1_605' title='bbox 471 5012 549 5088; x_wconf 85' lang='lat' dir='ltr'><strong>(a)</strong></span> <span class='ocrx_word' id='word_1_606' title='bbox 583 5011 850 5091; x_wconf 64' lang='lat' dir='ltr'><strong>Perfectus</strong></span> <span class='ocrx_word' id='word_1_607' title='bbox 876 5014 1030 5091; x_wconf 64' lang='lat' dir='ltr'><strong>(aude</strong></span> <span class='ocrx_word' id='word_1_608' title='bbox 1049 5024 1094 5069; x_wconf 87' lang='lat' dir='ltr'><strong>et</strong></span> <span class='ocrx_word' id='word_1_609' title='bbox 1120 5015 1233 5091; x_wconf 70' lang='lat' dir='ltr'><strong>sine</strong></span> <span class='ocrx_word' id='word_1_610' title='bbox 1254 5017 1408 5089; x_wconf 84' lang='lat' dir='ltr'><strong>culpa</strong></span> <span class='ocrx_word' id='word_1_611' title='bbox 1442 5018 1571 5085; x_wconf 81' lang='lat' dir='ltr'><strong>Noe,</strong></span> <span class='ocrx_word' id='word_1_612' title='bbox 1603 5030 1709 5079; x_wconf 91' lang='lat' dir='ltr'><strong>etc.</strong></span> <span class='ocrx_word' id='word_1_613' title='bbox 1741 5022 1896 5091; x_wconf 84' lang='lat' dir='ltr'><strong>Quod</strong></span> <span class='ocrx_word' id='word_1_614' title='bbox 1927 5026 1993 5082; x_wconf 88' lang='lat' dir='ltr'><strong>de</strong></span> 
     </span>
    </p>
   </div>
   <div class='ocr_carea' id='block_1_102' title="bbox 397 5085 1990 5159">
    <p class='ocr_par' dir='ltr' id='par_1_102' title="bbox 397 5085 1990 5159">
     <span class='ocr_line' id='line_1_103' title="bbox 397 5085 1990 5159; baseline 0.006 -17"><span class='ocrx_word' id='word_1_615' title='bbox 397 5085 733 5159; x_wconf 42' lang='lat' dir='ltr'><strong>Noe&#39;tradit,</strong></span> <span class='ocrx_word' id='word_1_616' title='bbox 764 5086 938 5159; x_wconf 76' lang='lat' dir='ltr'><strong>magis</strong></span> <span class='ocrx_word' id='word_1_617' title='bbox 973 5101 1094 5141; x_wconf 88' lang='lat' dir='ltr'><strong>cunt</strong></span> <span class='ocrx_word' id='word_1_618' title='bbox 1123 5085 1393 5159; x_wconf 84' lang='lat' dir='ltr'><strong>Scriptura</strong></span> <span class='ocrx_word' id='word_1_619' title='bbox 1432 5095 1701 5157; x_wconf 80' lang='lat' dir='ltr'><strong>convenit,</strong></span> <span class='ocrx_word' id='word_1_620' title='bbox 1745 5085 1835 5151; x_wconf 70' lang='lat' dir='ltr'><strong>ubi</strong></span> <span class='ocrx_word' id='word_1_621' title='bbox 1872 5111 1990 5152; x_wconf 88' lang='lat' dir='ltr'><strong>cum</strong></span> 
     </span>
    </p>
   </div>
   <div class='ocr_carea' id='block_1_103' title="bbox 398 5155 1990 5239">
    <p class='ocr_par' dir='ltr' id='par_1_103' title="bbox 398 5155 1990 5239">
     <span class='ocr_line' id='line_1_104' title="bbox 398 5155 1990 5239; baseline 0.006 -26"><span class='ocrx_word' id='word_1_622' title='bbox 398 5158 604 5239; x_wconf 73' lang='lat' dir='ltr'><strong>legatur</strong></span> <span class='ocrx_word' id='word_1_623' title='bbox 641 5174 660 5239; x_wconf 68' lang='grc' dir='ltr'><strong>εΔ</strong></span> <span class='ocrx_word' id='word_1_624' title='bbox 683 5155 847 5239; x_wconf 71' lang='lat' dir='ltr'><strong>Erunt</strong></span> <span class='ocrx_word' id='word_1_625' title='bbox 888 5155 1463 5239; x_wconf 35' lang='lat' dir='ltr'><strong>dirslillorum&#39;centum</strong></span> <span class='ocrx_word' id='word_1_626' title='bbox 1498 5155 1990 5239; x_wconf 28' lang='lat' dir='ltr'><strong>viginti-annorum,</strong></span> 
     </span>
    </p>
   </div>
   <div class='ocr_carea' id='block_1_104' title="bbox 397 5228 1993 5304">
    <p class='ocr_par' dir='ltr' id='par_1_104' title="bbox 397 5228 1993 5304">
     <span class='ocr_line' id='line_1_105' title="bbox 397 5228 1993 5304; baseline 0.009 -23"><span class='ocrx_word' id='word_1_627' title='bbox 397 5228 1010 5304; x_wconf 71' lang='lat' dir='ltr'><strong>taciteinterpretatur(</strong></span> <span class='ocrx_word' id='word_1_628' title='bbox 1032 5232 1246 5285; x_wconf 90' lang='lat' dir='ltr'><strong>omissis</strong></span> <span class='ocrx_word' id='word_1_629' title='bbox 1261 5231 1518 5289; x_wconf 79' lang='lat' dir='ltr'><strong>duntaxat</strong></span> <span class='ocrx_word' id='word_1_630' title='bbox 1547 5228 1622 5292; x_wconf 66' lang='grc'><strong>’20</strong></span> <span class='ocrx_word' id='word_1_631' title='bbox 1658 5239 1830 5304; x_wconf 84' lang='lat' dir='ltr'><strong>annis,</strong></span> <span class='ocrx_word' id='word_1_632' title='bbox 1858 5228 1993 5296; x_wconf 82' lang='lat' dir='ltr'><strong>forté</strong></span> 
     </span>
    </p>
   </div>
   <div class='ocr_carea' id='block_1_105' title="bbox 396 5300 1989 5382">
    <p class='ocr_par' dir='ltr' id='par_1_105' title="bbox 396 5300 1989 5382">
     <span class='ocr_line' id='line_1_106' title="bbox 396 5300 1989 5382; baseline 0.009 -30"><span class='ocrx_word' id='word_1_633' title='bbox 396 5301 541 5382; x_wconf 82' lang='lat' dir='ltr'><strong>quod</strong></span> <span class='ocrx_word' id='word_1_634' title='bbox 574 5300 628 5382; x_wconf 72' lang='lat' dir='ltr'><strong>in</strong></span> <span class='ocrx_word' id='word_1_635' title='bbox 655 5312 870 5382; x_wconf 78' lang='lat' dir='ltr'><strong>carmen</strong></span> <span class='ocrx_word' id='word_1_636' title='bbox 916 5300 1024 5382; x_wconf 79' lang='lat' dir='ltr'><strong>non</strong></span> <span class='ocrx_word' id='word_1_637' title='bbox 1066 5305 1484 5382; x_wconf 65' lang='lat' dir='ltr'><strong>tam__(30tttn)ode</strong></span> <span class='ocrx_word' id='word_1_638' title='bbox 1531 5319 1726 5382; x_wconf 16' lang='lat' dir='ltr'><strong>posset,</strong></span> <span class='ocrx_word' id='word_1_639' title='bbox 1761 5300 1989 5382; x_wconf 79' lang='lat' dir='ltr'><strong>referri)</strong></span> 
     </span>
    </p>
   </div>
   <div class='ocr_carea' id='block_1_106' title="bbox 396 5373 1846 5444">
    <p class='ocr_par' dir='ltr' id='par_1_106' title="bbox 396 5373 1846 5444">
     <span class='ocr_line' id='line_1_107' title="bbox 396 5373 1846 5444; baseline 0.009 -21"><span class='ocrx_word' id='word_1_640' title='bbox 396 5376 467 5426; x_wconf 85' lang='lat' dir='ltr'><strong>de</strong></span> <span class='ocrx_word' id='word_1_641' title='bbox 495 5373 668 5441; x_wconf 88' lang='lat' dir='ltr'><strong>spatio</strong></span> <span class='ocrx_word' id='word_1_642' title='bbox 708 5373 1040 5442; x_wconf 60' lang='lat' dir='ltr'><strong>paenitentiae</strong></span> <span class='ocrx_word' id='word_1_643' title='bbox 1068 5373 1247 5444; x_wconf 89' lang='lat' dir='ltr'><strong>impiis</strong></span> <span class='ocrx_word' id='word_1_644' title='bbox 1266 5373 1490 5443; x_wconf 83' lang='lat' dir='ltr'><strong>relicto,</strong></span> <span class='ocrx_word' id='word_1_645' title='bbox 1522 5373 1648 5434; x_wconf 81' lang='lat' dir='ltr'><strong>dum</strong></span> <span class='ocrx_word' id='word_1_646' title='bbox 1677 5380 1803 5436; x_wconf 88' lang='lat' dir='ltr'><strong>dicit</strong></span> <span class='ocrx_word' id='word_1_647' title='bbox 1832 5400 1846 5437; x_wconf 91' lang='lat'><strong>:</strong></span> 
     </span>
    </p>
   </div>
   <div class='ocr_carea' id='block_1_107' title="bbox 520 5487 1631 5554">
    <p class='ocr_par' dir='ltr' id='par_1_107' title="bbox 520 5487 1631 5554">
     <span class='ocr_line' id='line_1_108' title="bbox 520 5487 1631 5554; baseline 0.003 -16"><span class='ocrx_word' id='word_1_648' title='bbox 520 5487 606 5539; x_wconf 88' lang='lat' dir='ltr'><strong>Bis</strong></span> <span class='ocrx_word' id='word_1_649' title='bbox 620 5487 986 5552; x_wconf 81' lang='lat' dir='ltr'><strong>quinquagenis</strong></span> <span class='ocrx_word' id='word_1_650' title='bbox 1001 5501 1161 5541; x_wconf 87' lang='lat' dir='ltr'><strong>arcam</strong></span> <span class='ocrx_word' id='word_1_651' title='bbox 1185 5490 1267 5554; x_wconf 90' lang='lat' dir='ltr'><strong>qui</strong></span> <span class='ocrx_word' id='word_1_652' title='bbox 1294 5493 1453 5542; x_wconf 77' lang='lat' dir='ltr'><strong>texuit</strong></span> <span class='ocrx_word' id='word_1_653' title='bbox 1476 5494 1631 5543; x_wconf 89' lang='lat' dir='ltr'><strong>annis.</strong></span> 
     </span>
    </p>
   </div>
   <div class='ocr_carea' id='block_1_108' title="bbox 467 5591 1989 5666">
    <p class='ocr_par' dir='ltr' id='par_1_108' title="bbox 467 5591 1989 5666">
     <span class='ocr_line' id='line_1_109' title="bbox 467 5591 1989 5666; baseline 0.002 -14"><span class='ocrx_word' id='word_1_654' title='bbox 467 5593 552 5652; x_wconf 84' lang='lat' dir='ltr'><strong>CA</strong></span> <span class='ocrx_word' id='word_1_655' title='bbox 562 5591 875 5666; x_wconf 83' lang='lat' dir='ltr'><strong>P.1V.—(b)</strong></span> <span class='ocrx_word' id='word_1_656' title='bbox 888 5592 1143 5650; x_wconf 77' lang='lat' dir='ltr'><strong>Numerus</strong></span> <span class='ocrx_word' id='word_1_657' title='bbox 1158 5593 1264 5648; x_wconf 81' lang='lat' dir='ltr'><strong>Tmt</strong></span> <span class='ocrx_word' id='word_1_658' title='bbox 1278 5596 1738 5664; x_wconf 76' lang='lat' dir='ltr'><strong>lileraerca,etc.</strong></span> <span class='ocrx_word' id='word_1_659' title='bbox 1764 5598 1782 5653; x_wconf 83' lang='grc' dir='ltr'><strong>Ι</strong></span> <span class='ocrx_word' id='word_1_660' title='bbox 1788 5597 1875 5654; x_wconf 92' lang='lat' dir='ltr'><strong>loc</strong></span> <span class='ocrx_word' id='word_1_661' title='bbox 1890 5600 1989 5655; x_wconf 90' lang='lat' dir='ltr'><strong>sibi</strong></span> 
     </span>
    </p>
   </div>
   <div class='ocr_carea' id='block_1_109' title="bbox 392 5666 1990 5737">
    <p class='ocr_par' dir='ltr' id='par_1_109' title="bbox 392 5666 1990 5737">
     <span class='ocr_line' id='line_1_110' title="bbox 392 5666 1990 5737; baseline 0.005 -20"><span class='ocrx_word' id='word_1_662' title='bbox 392 5668 529 5733; x_wconf 72' lang='lat' dir='ltr'><strong>vult,</strong></span> <span class='ocrx_word' id='word_1_663' title='bbox 552 5666 660 5721; x_wconf 82' lang='lat' dir='ltr'><strong>Tuu</strong></span> <span class='ocrx_word' id='word_1_664' title='bbox 678 5666 875 5720; x_wconf 76' lang='lat' dir='ltr'><strong>[iterum</strong></span> <span class='ocrx_word' id='word_1_665' title='bbox 890 5682 1128 5737; x_wconf 79' lang='lat' dir='ltr'><strong>gra&#39;cam,</strong></span> <span class='ocrx_word' id='word_1_666' title='bbox 1148 5668 1452 5735; x_wconf 76' lang='lat' dir='ltr'><strong>exprimere</strong></span> <span class='ocrx_word' id='word_1_667' title='bbox 1469 5685 1731 5724; x_wconf 81' lang='lat' dir='ltr'><strong>numerum</strong></span> <span class='ocrx_word' id='word_1_668' title='bbox 1750 5681 1990 5725; x_wconf 49' lang='lat' dir='ltr'><strong>tercenle‘</strong></span> 
     </span>
    </p>
   </div>
   <div class='ocr_carea' id='block_1_110' title="bbox 394 5737 1989 5809">
    <p class='ocr_par' dir='ltr' id='par_1_110' title="bbox 394 5737 1989 5809">
     <span class='ocr_line' id='line_1_111' title="bbox 394 5737 1989 5809; baseline 0.004 -18"><span class='ocrx_word' id='word_1_669' title='bbox 394 5754 537 5809; x_wconf 66' lang='lat' dir='ltr'><strong>num,</strong></span> <span class='ocrx_word' id='word_1_670' title='bbox 568 5738 736 5809; x_wconf 79' lang='lat' dir='ltr'><strong>quod,</strong></span> <span class='ocrx_word' id='word_1_671' title='bbox 750 5745 1117 5809; x_wconf 80' lang='lat' dir='ltr'><strong>praeterquam</strong></span> <span class='ocrx_word' id='word_1_672' title='bbox 1137 5738 1277 5806; x_wconf 89' lang='lat' dir='ltr'><strong>quod</strong></span> <span class='ocrx_word' id='word_1_673' title='bbox 1306 5737 1482 5792; x_wconf 87' lang='lat' dir='ltr'><strong>notius</strong></span> <span class='ocrx_word' id='word_1_674' title='bbox 1511 5740 1758 5808; x_wconf 87' lang='lat' dir='ltr'><strong>sitquam</strong></span> <span class='ocrx_word' id='word_1_675' title='bbox 1783 5751 1843 5796; x_wconf 93' lang='lat' dir='ltr'><strong>ut</strong></span> <span class='ocrx_word' id='word_1_676' title='bbox 1864 5757 1989 5809; x_wconf 68' lang='lat' dir='ltr'><strong>pro«</strong></span> 
     </span>
    </p>
   </div>
   <div class='ocr_carea' id='block_1_111' title="bbox 394 5807 1989 5878">
    <p class='ocr_par' dir='ltr' id='par_1_111' title="bbox 394 5807 1989 5878">
     <span class='ocr_line' id='line_1_112' title="bbox 394 5807 1989 5878; baseline 0.003 -15"><span class='ocrx_word' id='word_1_677' title='bbox 394 5807 610 5865; x_wconf 79' lang='lat' dir='ltr'><strong>batione</strong></span> <span class='ocrx_word' id='word_1_678' title='bbox 651 5807 906 5878; x_wconf 82' lang='lat' dir='ltr'><strong>indigeat,</strong></span> <span class='ocrx_word' id='word_1_679' title='bbox 938 5808 1100 5878; x_wconf 85' lang='lat' dir='ltr'><strong>etiam</strong></span> <span class='ocrx_word' id='word_1_680' title='bbox 1131 5822 1289 5878; x_wconf 82' lang='lat' dir='ltr'><strong>supra</strong></span> <span class='ocrx_word' id='word_1_681' title='bbox 1320 5818 1595 5862; x_wconf 70' lang='lat' dir='ltr'><strong>ostensum</strong></span> <span class='ocrx_word' id='word_1_682' title='bbox 1622 5807 1722 5865; x_wconf 14' lang='lat' dir='ltr'><strong>Vest</strong></span> <span class='ocrx_word' id='word_1_683' title='bbox 1750 5826 1814 5865; x_wconf 78' lang='lat' dir='ltr'><strong>ex</strong></span> <span class='ocrx_word' id='word_1_684' title='bbox 1855 5807 1989 5868; x_wconf 79' lang='lat' dir='ltr'><strong>Ter-</strong></span> 
     </span>
    </p>
   </div>
   <div class='ocr_carea' id='block_1_112' title="bbox 394 5876 1983 5959">
    <p class='ocr_par' dir='ltr' id='par_1_112' title="bbox 394 5876 1983 5959">
     <span class='ocr_line' id='line_1_113' title="bbox 394 5876 1983 5959; baseline 0.001 -21"><span class='ocrx_word' id='word_1_685' title='bbox 394 5881 640 5949; x_wconf 86' lang='lat' dir='ltr'><strong>tulliano,</strong></span> <span class='ocrx_word' id='word_1_686' title='bbox 669 5876 894 5948; x_wconf 71' lang='lat' dir='ltr'><strong>iretimo,</strong></span> <span class='ocrx_word' id='word_1_687' title='bbox 924 5885 979 5934; x_wconf 92' lang='lat' dir='ltr'><strong>et</strong></span> <span class='ocrx_word' id='word_1_688' title='bbox 1007 5876 1125 5933; x_wconf 88' lang='lat' dir='ltr'><strong>aliis</strong></span> <span class='ocrx_word' id='word_1_689' title='bbox 1147 5877 1237 5934; x_wconf 87' lang='lat' dir='ltr'><strong>lib.</strong></span> <span class='ocrx_word' id='word_1_690' title='bbox 1265 5879 1326 5934; x_wconf 82' lang='lat' dir='ltr'><strong>de</strong></span> <span class='ocrx_word' id='word_1_691' title='bbox 1356 5878 1654 5954; x_wconf 77' lang='lat' dir='ltr'><strong>Prwscript.</strong></span> <span class='ocrx_word' id='word_1_692' title='bbox 1691 5883 1809 5940; x_wconf 82' lang='lat' dir='ltr'><strong>adv.</strong></span> <span class='ocrx_word' id='word_1_693' title='bbox 1833 5883 1983 5959; x_wconf 62' lang='lat' dir='ltr'><strong>ham,</strong></span> 
     </span>
    </p>
   </div>
   <div class='ocr_carea' id='block_1_113' title="bbox 2098 5026 3704 5096">
    <p class='ocr_par' dir='ltr' id='par_1_113' title="bbox 2098 5026 3704 5096">
     <span class='ocr_line' id='line_1_114' title="bbox 2098 5026 3704 5096; baseline -0.001 -13"><span class='ocrx_word' id='word_1_694' title='bbox 2098 5043 2245 5096; x_wconf 83' lang='lat' dir='ltr'><strong>eap..</strong></span> <span class='ocrx_word' id='word_1_695' title='bbox 2274 5028 2364 5095; x_wconf 81' lang='lat'><strong>50,</strong></span> <span class='ocrx_word' id='word_1_696' title='bbox 2397 5027 2529 5082; x_wconf 76' lang='lat' dir='ltr'><strong>lucr.</strong></span> <span class='ocrx_word' id='word_1_697' title='bbox 2561 5027 2649 5092; x_wconf 77' lang='grc'><strong>15,</strong></span> <span class='ocrx_word' id='word_1_698' title='bbox 2679 5027 2743 5083; x_wconf 84' lang='lat' dir='ltr'><strong>de</strong></span> <span class='ocrx_word' id='word_1_699' title='bbox 2772 5026 2950 5083; x_wconf 72' lang='lat' dir='ltr'><strong>[iamsi</strong></span> <span class='ocrx_word' id='word_1_700' title='bbox 2978 5026 3143 5082; x_wconf 81' lang='lat' dir='ltr'><strong>Marci</strong></span> <span class='ocrx_word' id='word_1_701' title='bbox 3173 5041 3239 5082; x_wconf 78' lang='lat' dir='ltr'><strong>ex</strong></span> <span class='ocrx_word' id='word_1_702' title='bbox 3269 5026 3579 5083; x_wconf 64' lang='lat' dir='ltr'><strong>Graecorum</strong></span> <span class='ocrx_word' id='word_1_703' title='bbox 3603 5026 3704 5081; x_wconf 87' lang='lat' dir='ltr'><strong>Al-</strong></span> 
     </span>
    </p>
   </div>
   <div class='ocr_carea' id='block_1_114' title="bbox 2099 5096 3708 5169">
    <p class='ocr_par' dir='ltr' id='par_1_114' title="bbox 2099 5096 3708 5169">
     <span class='ocr_line' id='line_1_115' title="bbox 2099 5096 3708 5169; baseline 0.001 -18"><span class='ocrx_word' id='word_1_704' title='bbox 2099 5099 2354 5169; x_wconf 88' lang='lat' dir='ltr'><strong>phabeto.</strong></span> <span class='ocrx_word' id='word_1_705' title='bbox 2399 5099 2498 5153; x_wconf 87' lang='lat' dir='ltr'><strong>Hic</strong></span> <span class='ocrx_word' id='word_1_706' title='bbox 2542 5113 2671 5153; x_wconf 89' lang='lat' dir='ltr'><strong>vero</strong></span> <span class='ocrx_word' id='word_1_707' title='bbox 2716 5108 3000 5169; x_wconf 86' lang='lat' dir='ltr'><strong>propterea</strong></span> <span class='ocrx_word' id='word_1_708' title='bbox 3046 5099 3151 5154; x_wconf 90' lang='lat' dir='ltr'><strong>huc</strong></span> <span class='ocrx_word' id='word_1_709' title='bbox 3198 5098 3327 5153; x_wconf 91' lang='lat' dir='ltr'><strong>illud</strong></span> <span class='ocrx_word' id='word_1_710' title='bbox 3389 5096 3571 5163; x_wconf 71' lang='lat' dir='ltr'><strong>affert,</strong></span> <span class='ocrx_word' id='word_1_711' title='bbox 3640 5107 3708 5153; x_wconf 89' lang='lat' dir='ltr'><strong>ut</strong></span> 
     </span>
    </p>
   </div>
   <div class='ocr_carea' id='block_1_115' title="bbox 2098 5168 3705 5242">
    <p class='ocr_par' dir='ltr' id='par_1_115' title="bbox 2098 5168 3705 5242">
     <span class='ocr_line' id='line_1_116' title="bbox 2098 5168 3705 5242; baseline 0.001 -19"><span class='ocrx_word' id='word_1_712' title='bbox 2098 5168 2289 5242; x_wconf 82' lang='lat' dir='ltr'><strong>probet</strong></span> <span class='ocrx_word' id='word_1_713' title='bbox 2320 5169 2604 5242; x_wconf 77' lang='lat' dir='ltr'><strong>Gedeonem</strong></span> <span class='ocrx_word' id='word_1_714' title='bbox 2630 5171 2680 5223; x_wconf 90' lang='lat' dir='ltr'><strong>in</strong></span> <span class='ocrx_word' id='word_1_715' title='bbox 2713 5168 2878 5239; x_wconf 81' lang='lat' dir='ltr'><strong>ﬁgura</strong></span> <span class='ocrx_word' id='word_1_716' title='bbox 2902 5168 3017 5224; x_wconf 80' lang='lat' dir='ltr'><strong>Tan</strong></span> <span class='ocrx_word' id='word_1_717' title='bbox 3046 5170 3180 5242; x_wconf 71' lang='lat' dir='ltr'><strong>signi</strong></span> <span class='ocrx_word' id='word_1_718' title='bbox 3209 5171 3373 5224; x_wconf 84' lang='lat' dir='ltr'><strong>crucis</strong></span> <span class='ocrx_word' id='word_1_719' title='bbox 3413 5177 3705 5224; x_wconf 83' lang='lat' dir='ltr'><strong>tercenteno</strong></span> 
     </span>
    </p>
   </div>
   <div class='ocr_carea' id='block_1_116' title="bbox 2098 5240 3704 5313">
    <p class='ocr_par' dir='ltr' id='par_1_116' title="bbox 2098 5240 3704 5313">
     <span class='ocr_line' id='line_1_117' title="bbox 2098 5240 3704 5313; baseline 0.001 -18"><span class='ocrx_word' id='word_1_720' title='bbox 2098 5240 2261 5313; x_wconf 61' lang='lat' dir='ltr'><strong>Equiti:</strong></span> <span class='ocrx_word' id='word_1_721' title='bbox 2287 5242 2412 5313; x_wconf 76' lang='lat' dir='ltr'><strong>(ubi</strong></span> <span class='ocrx_word' id='word_1_722' title='bbox 2438 5241 2888 5313; x_wconf 17' lang='lat' dir='ltr'><strong>accipitiequitem</strong></span> <span class='ocrx_word' id='word_1_723' title='bbox 2912 5240 3166 5313; x_wconf 83' lang='lat' dir='ltr'><strong>carminis</strong></span> <span class='ocrx_word' id='word_1_724' title='bbox 3181 5242 3348 5313; x_wconf 84' lang='lat' dir='ltr'><strong>gratia</strong></span> <span class='ocrx_word' id='word_1_725' title='bbox 3367 5283 3381 5307; x_wconf 94' lang='lat'><strong>,</strong></span> <span class='ocrx_word' id='word_1_726' title='bbox 3421 5254 3517 5313; x_wconf 82' lang='lat' dir='ltr'><strong>pro</strong></span> <span class='ocrx_word' id='word_1_727' title='bbox 3547 5243 3704 5297; x_wconf 87' lang='lat' dir='ltr'><strong>omni</strong></span> 
     </span>
    </p>
   </div>
   <div class='ocr_carea' id='block_1_117' title="bbox 2098 5309 3706 5383">
    <p class='ocr_par' dir='ltr' id='par_1_117' title="bbox 2098 5309 3706 5383">
     <span class='ocr_line' id='line_1_118' title="bbox 2098 5309 3706 5383; baseline 0.001 -17"><span class='ocrx_word' id='word_1_728' title='bbox 2098 5309 2440 5368; x_wconf 53' lang='lat' dir='ltr'><strong>militejNam</strong></span> <span class='ocrx_word' id='word_1_729' title='bbox 2454 5309 2567 5369; x_wconf 79' lang='lat' dir='ltr'><strong>Jos.</strong></span> <span class='ocrx_word' id='word_1_730' title='bbox 2580 5312 2665 5366; x_wconf 83' lang='lat' dir='ltr'><strong>VII</strong></span> <span class='ocrx_word' id='word_1_731' title='bbox 2693 5309 2865 5367; x_wconf 83' lang='lat' dir='ltr'><strong>solum</strong></span> <span class='ocrx_word' id='word_1_732' title='bbox 2891 5312 3168 5383; x_wconf 64' lang='lat' dir='ltr'><strong>legiturtje</strong></span> <span class='ocrx_word' id='word_1_733' title='bbox 3186 5312 3254 5367; x_wconf 83' lang='grc'><strong>50</strong></span> <span class='ocrx_word' id='word_1_734' title='bbox 3276 5309 3439 5383; x_wconf 88' lang='lat' dir='ltr'><strong>viris)</strong></span> <span class='ocrx_word' id='word_1_735' title='bbox 3462 5313 3706 5383; x_wconf 70' lang='lat' dir='ltr'><strong>stravisse</strong></span> 
     </span>
    </p>
   </div>
   <div class='ocr_carea' id='block_1_118' title="bbox 2099 5379 3699 5454">
    <p class='ocr_par' dir='ltr' id='par_1_118' title="bbox 2099 5379 3699 5454">
     <span class='ocr_line' id='line_1_119' title="bbox 2099 5379 3699 5454; baseline 0.001 -18"><span class='ocrx_word' id='word_1_736' title='bbox 2099 5384 2397 5453; x_wconf 61' lang='lat' dir='ltr'><strong>praedonum</strong></span> <span class='ocrx_word' id='word_1_737' title='bbox 2425 5397 2646 5439; x_wconf 82' lang='lat' dir='ltr'><strong>acervos.</strong></span> <span class='ocrx_word' id='word_1_738' title='bbox 2675 5384 2880 5454; x_wconf 74' lang='lat' dir='ltr'><strong>Deque</strong></span> <span class='ocrx_word' id='word_1_739' title='bbox 2905 5384 3060 5454; x_wconf 88' lang='lat' dir='ltr'><strong>signo</strong></span> <span class='ocrx_word' id='word_1_740' title='bbox 3085 5379 3201 5454; x_wconf 18' lang='lat' dir='ltr'><strong>Taiu</strong></span> <span class='ocrx_word' id='word_1_741' title='bbox 3236 5382 3386 5452; x_wconf 87' lang='lat' dir='ltr'><strong>plura</strong></span> <span class='ocrx_word' id='word_1_742' title='bbox 3408 5379 3568 5454; x_wconf 80' lang='lat' dir='ltr'><strong>supra</strong></span> <span class='ocrx_word' id='word_1_743' title='bbox 3597 5381 3699 5437; x_wconf 86' lang='lat' dir='ltr'><strong>lib.</strong></span> 
     </span>
    </p>
   </div>
   <div class='ocr_carea' id='block_1_119' title="bbox 2099 5452 3707 5525">
    <p class='ocr_par' dir='ltr' id='par_1_119' title="bbox 2099 5452 3707 5525">
     <span class='ocr_line' id='line_1_120' title="bbox 2099 5452 3707 5525; baseline 0.001 -16"><span class='ocrx_word' id='word_1_744' title='bbox 2099 5454 2391 5511; x_wconf 86' lang='lat' dir='ltr'><strong>illadvers.</strong></span> <span class='ocrx_word' id='word_1_745' title='bbox 2411 5454 2596 5522; x_wconf 89' lang='lat' dir='ltr'><strong>Marc.,</strong></span> <span class='ocrx_word' id='word_1_746' title='bbox 2614 5469 2729 5525; x_wconf 89' lang='lat' dir='ltr'><strong>cap.</strong></span> <span class='ocrx_word' id='word_1_747' title='bbox 2745 5452 2880 5509; x_wconf 75' lang='lat' dir='ltr'><strong>23et</strong></span> <span class='ocrx_word' id='word_1_748' title='bbox 2897 5452 3124 5510; x_wconf 31' lang='lat' dir='ltr'><strong>iih‘.adv.</strong></span> <span class='ocrx_word' id='word_1_749' title='bbox 3148 5453 3295 5520; x_wconf 87' lang='lat' dir='ltr'><strong>Jud.,</strong></span> <span class='ocrx_word' id='word_1_750' title='bbox 3311 5453 3496 5521; x_wconf 70' lang='lat' dir='ltr'><strong>cap.“</strong></span> <span class='ocrx_word' id='word_1_751' title='bbox 3512 5454 3707 5523; x_wconf 81' lang='lat' dir='ltr'><strong>.Atqui</strong></span> 
     </span>
    </p>
   </div>
   <div class='ocr_carea' id='block_1_120' title="bbox 2097 5525 3702 5596">
    <p class='ocr_par' dir='ltr' id='par_1_120' title="bbox 2097 5525 3702 5596">
     <span class='ocr_line' id='line_1_121' title="bbox 2097 5525 3702 5596; baseline 0.002 -18"><span class='ocrx_word' id='word_1_752' title='bbox 2097 5526 2255 5596; x_wconf 88' lang='lat' dir='ltr'><strong>paulo</strong></span> <span class='ocrx_word' id='word_1_753' title='bbox 2286 5536 2406 5596; x_wconf 86' lang='lat' dir='ltr'><strong>post</strong></span> <span class='ocrx_word' id='word_1_754' title='bbox 2449 5536 2691 5582; x_wconf 78' lang='lat' dir='ltr'><strong>testamen</strong></span> <span class='ocrx_word' id='word_1_755' title='bbox 2719 5535 2939 5595; x_wconf 90' lang='lat' dir='ltr'><strong>usurpat</strong></span> <span class='ocrx_word' id='word_1_756' title='bbox 2982 5525 3203 5592; x_wconf 87' lang='lat' dir='ltr'><strong>Auctor,</strong></span> <span class='ocrx_word' id='word_1_757' title='bbox 3248 5540 3346 5593; x_wconf 85' lang='lat' dir='ltr'><strong>pro</strong></span> <span class='ocrx_word' id='word_1_758' title='bbox 3374 5534 3702 5596; x_wconf 82' lang='lat' dir='ltr'><strong>testamento.</strong></span> 
     </span>
    </p>
   </div>
   <div class='ocr_carea' id='block_1_121' title="bbox 2172 5595 3703 5669">
    <p class='ocr_par' dir='ltr' id='par_1_121' title="bbox 2172 5595 3703 5669">
     <span class='ocr_line' id='line_1_122' title="bbox 2172 5595 3703 5669; baseline -0.001 -16"><span class='ocrx_word' id='word_1_759' title='bbox 2172 5596 2248 5669; x_wconf 78' lang='grc' dir='ltr'><strong>(ο)</strong></span> <span class='ocrx_word' id='word_1_760' title='bbox 2279 5595 2465 5666; x_wconf 78' lang='lat' dir='ltr'><strong>Stipite</strong></span> <span class='ocrx_word' id='word_1_761' title='bbox 2497 5598 2590 5652; x_wconf 79' lang='lat' dir='ltr'><strong>sub</strong></span> <span class='ocrx_word' id='word_1_762' title='bbox 2628 5598 2813 5669; x_wconf 75' lang='lat' dir='ltr'><strong>patrna:</strong></span> <span class='ocrx_word' id='word_1_763' title='bbox 2840 5598 3087 5669; x_wconf 76' lang='lat' dir='ltr'><strong>populum</strong></span> <span class='ocrx_word' id='word_1_764' title='bbox 3126 5595 3554 5669; x_wconf 21' lang='lat' dir='ltr'><strong>vicisse‘canelntt,</strong></span> <span class='ocrx_word' id='word_1_765' title='bbox 3585 5605 3703 5652; x_wconf 84' lang='lat' dir='ltr'><strong>etc.</strong></span> 
     </span>
    </p>
   </div>
   <div class='ocr_carea' id='block_1_122' title="bbox 2096 5664 3706 5737">
    <p class='ocr_par' dir='ltr' id='par_1_122' title="bbox 2096 5664 3706 5737">
     <span class='ocr_line' id='line_1_123' title="bbox 2096 5664 3706 5737; baseline -0.001 -13"><span class='ocrx_word' id='word_1_766' title='bbox 2096 5664 2297 5725; x_wconf 45' lang='lat' dir='ltr'><strong>All‘udit</strong></span> <span class='ocrx_word' id='word_1_767' title='bbox 2325 5664 2390 5724; x_wconf 83' lang='lat' dir='ltr'><strong>ad</strong></span> <span class='ocrx_word' id='word_1_768' title='bbox 2423 5664 2699 5725; x_wconf 86' lang='lat' dir='ltr'><strong>Canticum</strong></span> <span class='ocrx_word' id='word_1_769' title='bbox 2734 5664 3015 5733; x_wconf 49' lang='lat' dir='ltr'><strong>Delibera;</strong></span> <span class='ocrx_word' id='word_1_770' title='bbox 3049 5682 3155 5737; x_wconf 85' lang='lat' dir='ltr'><strong>quo</strong></span> <span class='ocrx_word' id='word_1_771' title='bbox 3196 5666 3429 5737; x_wconf 75' lang='lat' dir='ltr'><strong>celebrat</strong></span> <span class='ocrx_word' id='word_1_772' title='bbox 3456 5664 3706 5723; x_wconf 85' lang='lat' dir='ltr'><strong>Sisaram</strong></span> 
     </span>
    </p>
   </div>
   <div class='ocr_carea' id='block_1_123' title="bbox 2094 5736 3708 5808">
    <p class='ocr_par' dir='ltr' id='par_1_123' title="bbox 2094 5736 3708 5808">
     <span class='ocr_line' id='line_1_124' title="bbox 2094 5736 3708 5808; baseline -0.002 -13"><span class='ocrx_word' id='word_1_773' title='bbox 2094 5739 2148 5795; x_wconf 90' lang='lat' dir='ltr'><strong>in</strong></span> <span class='ocrx_word' id='word_1_774' title='bbox 2178 5741 2507 5808; x_wconf 90' lang='lat' dir='ltr'><strong>temporibus</strong></span> <span class='ocrx_word' id='word_1_775' title='bbox 2536 5740 2708 5806; x_wconf 88' lang='lat' dir='ltr'><strong>clavo,</strong></span> <span class='ocrx_word' id='word_1_776' title='bbox 2761 5739 2892 5803; x_wconf 88' lang='lat' dir='ltr'><strong>sive,</strong></span> <span class='ocrx_word' id='word_1_777' title='bbox 2930 5739 3002 5791; x_wconf 89' lang='lat' dir='ltr'><strong>uti</strong></span> <span class='ocrx_word' id='word_1_778' title='bbox 3030 5738 3229 5808; x_wconf 86' lang='lat' dir='ltr'><strong>habent</strong></span> <span class='ocrx_word' id='word_1_779' title='bbox 3255 5736 3418 5799; x_wconf 76' lang='lat' dir='ltr'><strong>LXX,</strong></span> <span class='ocrx_word' id='word_1_780' title='bbox 3457 5737 3581 5808; x_wconf 83' lang='lat' dir='ltr'><strong>palo</strong></span> <span class='ocrx_word' id='word_1_781' title='bbox 3619 5748 3708 5793; x_wconf 81' lang='lat' dir='ltr'><strong>ta-</strong></span> 
     </span>
    </p>
   </div>
   <div class='ocr_carea' id='block_1_124' title="bbox 2058 5806 3707 5881">
    <p class='ocr_par' dir='ltr' id='par_1_124' title="bbox 2058 5806 3707 5881">
     <span class='ocr_line' id='line_1_125' title="bbox 2058 5806 3707 5881; baseline -0.001 -15"><span class='ocrx_word' id='word_1_782' title='bbox 2058 5812 2067 5821; x_wconf 89' lang='grc'><strong>’</strong></span> <span class='ocrx_word' id='word_1_783' title='bbox 2094 5806 2386 5878; x_wconf 65' lang='grc' dir='ltr'><strong>ϋεωθόιιιί,</strong></span> <span class='ocrx_word' id='word_1_784' title='bbox 2420 5826 2554 5881; x_wconf 84' lang='lat' dir='ltr'><strong>quos</strong></span> <span class='ocrx_word' id='word_1_785' title='bbox 2583 5827 2649 5866; x_wconf 82' lang='lat' dir='ltr'><strong>ex</strong></span> <span class='ocrx_word' id='word_1_786' title='bbox 2681 5810 2858 5881; x_wconf 82' lang='lat' dir='ltr'><strong>palma</strong></span> <span class='ocrx_word' id='word_1_787' title='bbox 2890 5808 3016 5881; x_wconf 83' lang='lat' dir='ltr'><strong>olim</strong></span> <span class='ocrx_word' id='word_1_788' title='bbox 3055 5807 3247 5881; x_wconf 78' lang='lat' dir='ltr'><strong>conﬁci</strong></span> <span class='ocrx_word' id='word_1_789' title='bbox 3272 5808 3447 5881; x_wconf 73' lang='lat' dir='ltr'><strong>solere</strong></span> <span class='ocrx_word' id='word_1_790' title='bbox 3495 5806 3707 5881; x_wconf 74' lang='lat' dir='ltr'><strong>iudicat</strong></span> 
     </span>
    </p>
   </div>
   <div class='ocr_carea' id='block_1_125' title="bbox 2093 5874 3702 5955">
    <p class='ocr_par' dir='ltr' id='par_1_125' title="bbox 2093 5874 3702 5955">
     <span class='ocr_line' id='line_1_126' title="bbox 2093 5874 3702 5955; baseline -0.001 -15"><span class='ocrx_word' id='word_1_791' title='bbox 2093 5882 2315 5952; x_wconf 84' lang='lat' dir='ltr'><strong>Auctor,</strong></span> <span class='ocrx_word' id='word_1_792' title='bbox 2345 5874 2630 5955; x_wconf 72' lang='lat' dir='ltr'><strong>quietiam</strong></span> <span class='ocrx_word' id='word_1_793' title='bbox 2661 5874 2800 5941; x_wconf 70' lang='lat' dir='ltr'><strong>istud</strong></span> <span class='ocrx_word' id='word_1_794' title='bbox 2848 5878 3009 5938; x_wconf 86' lang='lat' dir='ltr'><strong>tradit</strong></span> <span class='ocrx_word' id='word_1_795' title='bbox 3038 5878 3245 5952; x_wconf 75' lang='lat' dir='ltr'><strong>signum</strong></span> <span class='ocrx_word' id='word_1_796' title='bbox 3289 5874 3453 5936; x_wconf 79' lang='lat' dir='ltr'><strong>fuisse</strong></span> <span class='ocrx_word' id='word_1_797' title='bbox 3500 5876 3702 5938; x_wconf 71' lang='lat' dir='ltr'><strong>Christi</strong></span> 
     </span>
    </p>
   </div>
   <div class='ocr_carea' id='block_1_126' title="bbox 3836 3422 3863 3447">
    <p class='ocr_par' dir='ltr' id='par_1_126' title="bbox 3836 3422 3863 3447">
     <span class='ocr_line' id='line_1_127' title="bbox 3836 3422 3863 3447; baseline 0 0"><span class='ocrx_word' id='word_1_798' title='bbox 3836 3422 3863 3447; x_wconf 73' lang='grc' dir='ltr'><em>Ι</em></span> 
     </span>
    </p>
   </div>
  </div>
