4006 6280
375 336 513 395 1075

372 455 706 527 Quapropter
728 457 852 515 victi
882 457 1042 517 simul
1074 458 1255 520 hostes
1277 472 1426 539 terga
1451 466 1647 526 dedere
1663 486 1683 526 :

369 547 555 605 Sisara
577 549 683 605 dux
711 549 863 621 fugit,
894 553 977 609 cui
1009 568 1111 609 uon
1135 557 1234 622 vir,
1269 573 1368 615 nec
1394 575 1587 619 manus
1607 563 1713 621 ttlla

376 639 616 696 Restitit.
649 641 746 698 llic
775 643 904 698 Baal
930 642 1127 701 Christi
1152 647 1370 704 victoria
1397 651 1551 722 signo

372 732 631 804 Exemplo
663 735 867 807 refuga,
899 736 1103 795 devicit
1128 738 1345 797 ﬁumina
1385 742 1551 815 ligno.

368 824 600 897 Jephtha
629 827 732 882 ﬁde
756 828 927 897 ﬁrma,
960 830 1047 901 qui
1079 830 1214 887 duro
1239 834 1466 892 vulnere
1494 849 1678 896 votum

365 919 545 976 Ausus
571 920 874 976 mercedem
902 922 1028 978 belli
1059 923 1169 980 Deo
1195 925 1375 983 dicere
1399 931 1679 1001 grandem,

364 1011 464 1070 llic
487 1013 608 1084 quia
634 1029 754 1083 qua:
785 1029 893 1070 non
923 1016 1038 1071 vult
1066 1018 1338 1085 Dominus,
1366 1024 1689 1092 promiserat
1716 1042 1923 1085 amens.

364 1106 611 1164 Occurrit
640 1108 811 1178 primo
836 1108 1056 1169 charum
1079 1111 1179 1168 sibi
1204 1122 1423 1184 pectore
1444 1117 1634 1188 pignus
1663 1136 1676 1173 :

362 1201 505 1259 Nulli
533 1211 743 1272 sperata
771 1203 965 1261 cecidit
993 1205 1136 1275 quod
1160 1218 1306 1264 sorte
1331 1219 1573 1280 repente,

364 1294 701 1361 Promissum
730 1305 786 1349 ut
813 1304 996 1363 staret,
1028 1297 1188 1355 solvit
1220 1300 1304 1370 pia
1325 1301 1451 1372 jura
1477 1304 1732 1373 parentis,

365 1389 578 1446 Peccati
618 1400 801 1446 votum
826 1392 1058 1447 violenta
1085 1402 1264 1451 mente
1284 1397 1527 1468 coperuit
1550 1396 1624 1471 (a)

364 1482 617 1540 Immanis
645 1484 802 1540 timor
825 1485 1030 1543 orbatae
1055 1488 1247 1544 solatia
1273 1491 1398 1545 vita:

364 1573 470 1630 Pro
494 1576 706 1632 scelere
735 1576 963 1633 obtinuit
988 1577 1207 1647 famam,
1234 1597 1332 1653 pro
1358 1584 1584 1642 crimine
1613 1586 1846 1657 laudem,

360 1668 584 1725 Necnon
611 1668 870 1727 Sansonis
900 1686 1062 1743 super
1090 1675 1269 1730 omnia
1296 1690 1522 1747 corpora
1559 1680 1720 1746 vires,

361 1760 595 1833 Spiritus
619 1762 721 1819 hoc
744 1762 942 1819 donum
965 1765 1128 1837 capiti
1165 1781 1419 1825 concessa
1449 1780 1707 1841 potestas,

363 1854 468 1912 Pro
498 1856 699 1927 populo
723 1858 890 1926 solus,
916 1859 1061 1915 nullo
1093 1876 1368 1932 mucrone,
1399 1879 1497 1921 nec
1518 1857 1704 1935 armis,

362 1948 436 2004 Os
461 1951 697 2006 retinens
723 1953 882 2019 asini,
913 1954 1203 2024 prostravit
1230 1971 1457 2028 corpora
1484 1959 1631 2016 mille
1659 1978 1674 2015 :

364 2042 586 2100 Vincula
608 2046 753 2101 nttlla
778 2048 950 2102 virum
977 2049 1213 2106 vinctum
1239 2059 1462 2121 potuere
1491 2063 1710 2122 tenere;

364 2137 544 2195 Gloria
572 2139 666 2195 sed
691 2149 969 2213 postquam
993 2144 1188 2214 captivi
1221 2155 1364 2201 mota
1396 2148 1638 2214 recessit,

367 2228 590 2300 Occidit,
620 2224 779 2304 atque
805 2233 987 2290 hostes
1027 2236 1200 2291 victus
1227 2253 1321 2293 sua
1351 2248 1524 2295 morte
1553 2240 1801 2299 redemit.

763 2325 771 2332 ’
996 2329 1224 2388 CAPUT
1263 2331 1328 2386 V.

435 2419 689 2478 Miriﬁcus
714 2423 935 2487 Samuel
966 2424 1059 2497 (b),
1092 2426 1175 2481 cui
1208 2441 1362 2496 reges
1392 2443 1590 2499 ungere
1619 2428 1852 2499 primum

365 2511 721 2585 Przeccptum,
750 2516 881 2573 dare
907 2517 1141 2572 chrisma
1171 2519 1315 2575 viros
1336 2520 1624 2577 ostendere
1648 2522 1878 2580 christos

371 2605 587 2664 Talibus
613 2611 666 2664 iu
698 2610 817 2664 vitae
844 2611 1016 2680 spatio
1044 2611 1322 2669 laudabilis
1347 2614 1473 2686 egit,

316 2755 334 2769 ,
371 2701 436 2758 Ut
477 2718 689 2773 quaque
720 2704 798 2777 (I)
826 2715 944 2774 post
983 2708 1222 2777 requiem
1251 2707 1561 2778 prophetica
1588 2710 1708 2780 jura
1733 2720 1961 2768 teneret.

367 2790 817 2866 Psalmographus
835 2797 1018 2865 David,
1039 2813 1261 2870 magnus
1281 2817 1377 2857 rex
1401 2811 1563 2873 atque
1582 2805 1845 2875 propheta
1865 2804 1960 2875 (ε),

368 2884 653 2945 Passurum
675 2889 947 2947 Christum
976 2890 1242 2948 submissa
1267 2908 1401 2950 voce
1428 2896 1674 2963 canebat,

365 2977 566 3050 Sponte
589 2981 729 3053 quod
756 2982 996 3054 ingratus
1024 2983 1253 3054 populus
1278 2985 1395 3042 sine
1416 2985 1532 3057 lege
1557 2988 1782 3059 peregit,

365 3070 463 3127 Cui
494 3073 636 3129 Deus
665 3089 728 3130 ex
759 3076 914 3131 ut'cro
946 3076 1175 3132 fructum
1205 3077 1528 3147 promiserat
1552 3079 1700 3147 olim,

368 3162 577 3223 Prolem
605 3167 820 3222 sublimi
846 3169 983 3226 solio
1009 3185 1106 3225 suo
1134 3185 1332 3240 ponere
1352 3180 1593 3229 sanctam
1628 3192 1641 3231 :

368 3253 495 3311 Fixa
528 3256 661 3314 ﬁdes
686 3259 897 3314 Domini
927 3276 1046 3330 quae
1073 3262 1385 3330 sponderat,
1409 3266 1587 3319 omnia
1616 3263 1761 3322 fecit.

366 3347 617 3406 IEmulus
642 3350 921 3417 Ezechias,
956 3354 1135 3423 populi
1166 3365 1440 3412 corrector
1469 3359 1675 3427 inertis,

366 3440 557 3500 Oblitis
585 3442 866 3516 (2)'legcm
893 3446 980 3515 qui
1009 3449 1328 3504 restauravit
1349 3449 1562 3521 iniquis,

368 3535 495 3593 Haec
513 3536 639 3594 olim
662 3538 910 3595 mandata
936 3540 1028 3596 Dei
1054 3542 1201 3610 prior
1220 3543 1399 3598 omnia
1421 3543 1603 3615 jussit,

367 3628 468 3698 Qui
493 3630 743 3700 precibus
771 3632 995 3703 bellum,
1020 3649 1126 3691 non
1158 3634 1284 3692 ferri
1312 3637 1531 3708 cuspide
1554 3638 1733 3696 solvit.

367 3722 466 3781 Hic
491 3726 746 3793 moriens,
770 3726 1022 3800 lacrymis
1041 3744 1213 3786 annos
1234 3746 1299 3788 ac
1322 3739 1562 3803 tempora
1589 3733 1712 3791 vitae

367 3815 610 3889 Accepit,
640 3819 837 3876 merito
867 3820 1029 3878 talem
1065 3822 1183 3879 tulit
1211 3833 1363 3881 actus
1388 3824 1673 3885 honorem.

367 3908 572 3981 Ingenti
602 3911 721 3968 zelo
743 3911 939 3980 Josias,
968 3923 1146 3971 rector
1168 3925 1223 3973 et
1252 3916 1386 3985 ipse,

368 4000 596 4058 Tantum
626 4018 785 4060 nemo
812 4019 974 4076 supra
1002 4020 1102 4061 nec
1130 4018 1315 4077 postea
1339 4007 1517 4064 taliter
1544 4008 1651 4079 egit
1677 4028 1692 4065 :

370 4092 516 4149 ldola
545 4095 806 4165 destituit,
834 4096 1101 4156 destruxit
1131 4100 1325 4168 templa
1353 4099 1625 4169 nefanda,

374 4185 547 4257 Atque
572 4188 876 4246 sacerdotes
900 4206 1063 4261 super
1101 4205 1223 4246 aras
1260 4191 1382 4262 igne
1407 4192 1684 4259 cremavit,

271 4311 275 4315 -
375 4278 505 4336 Ossa
529 4279 907 4353 praphetarum
928 4283 1183 4341 falsorum
1209 4290 1398 4340 cuncta
1429 4281 1646 4352 refodit,

1698 353 2051 414 APPENDIX
2085 357 2324 418 PRIMA.

1992 473 2049 533 Α
2076 472 2424 548 lncenditque
2449 491 2570 534 aras
2595 477 2859 537 adolenda
2888 479 3149 540 cadavera
3173 481 3351 556 lignis.

3535 374 3673 430 1074

2075 562 2304 636 Insignis
2326 566 2446 623 ﬁdei
2469 568 2525 625 in
2550 570 2763 629 laudem
2803 570 3191 647 (memorabile)
3219 585 3388 633 tactus

2072 653 2277 713 Nobilis
2303 657 2504 745 Helias,
2534 663 2623 733 qui
2654 663 2891 721 nondum
2911 666 3091 722 debita
3121 670 3315 725 mortis

2074 745 2338 818 Gustavit,
2369 755 2622 825 quoniam
2647 772 2860 815 rursum
2889 768 3148 817 venturus
3174 762 3237 818 in
3255 763 3443 820 orbem
3470 772 3593 822 cst':

2074 840 2217 913 Ergo
2240 844 2463 902 infracta
2494 848 2648 919 ﬁdes,
2673 852 2926 923 populum
2951 868 3241 927 regemque
3264 842 3553 924 furentem,

2071 932 2308 990 Militiam
2336 932 2546 994 Demini
2572 941 2661 1010 qui
2691 942 2980 1002 deseruere
3004 944 3240 1013 beatam,

2073 1025 2401 1086 Verberibus
2428 1030 2658 1091 ﬂammis
2677 1036 2943 1108 castigans
2964 1037 3147 1095 hostes
3165 1040 3383 1109 amaris,

2069 1115 2260 1175 Sidera
2285 1123 2566 1189 conclusit,
2598 1128 2872 1198 tenuitque
2899 1129 2954 1185 in
2983 1131 3216 1187 nubibus
3241 1132 3491 1189 imbrem.

2069 1211 2206 1266 Esse
2238 1211 2403 1267 Deum
2434 1215 2673 1271 ostendit
2699 1220 2928 1288 cunctis,
2957 1223 3203 1292 apparuit
3226 1238 3379 1280 error
3405 1243 3421 1279 :

2067 1301 2201 1357 Nam
2234 1303 2463 1361 madida:
2487 1319 2668 1376 partes
2690 1309 2880 1367 hostia:
2900 1310 3085 1379 ﬂuvio,
3128 1331 3293 1387 super
3315 1330 3438 1370 aras

2069 1395 2148 1451 De
2171 1396 2311 1452 coelo
2342 1398 2610 1468 precibus,
2644 1402 2869 1483 veniens
2889 1404 2961 1471 vi,
2986 1404 3200 1462 ﬂamma
3222 1408 3486 1475 comedit;

2068 1487 2137 1542 Et
2156 1491 2405 1559 quotiens
2432 1491 2619 1560 voluit,
2648 1494 2841 1551 totiens
2863 1496 2970 1551 ruit
2995 1498 3134 1568 ignis
3157 1499 3225 1554 ab
3247 1499 3358 1555 alto
3389 1518 3404 1555 :

2068 1581 2259 1639 Divisit
2280 1582 2498 1641 ﬁuviqu
2523 1596 2886 1660 transgressus
2917 1599 2973 1646 et
3000 1591 3123 1649 avia
3148 1591 3309 1658 fecit;

2065 1675 2320 1732 Sublatus
2338 1693 2499 1733 curru
2523 1680 2754 1750 paradisi
2778 1690 2964 1739 vectus
2992 1682 3047 1739 in
3067 1685 3243 1739 aulam
3268 1692 3373 1741 est.

2069 1766 2241 1839 Hujus
2275 1769 2570 1840 discipulus
2591 1774 2756 1830 sortis
2785 1789 3067 1834 successor
3092 1775 3356 1844 Heliseus,

1991 1870 2041 1930 Β
2075 1859 2176 1928 Qui
2203 1860 2471 1932 duplicem
2502 1861 2670 1920 Helia:
2701 1866 2855 1935 petiit
2887 1867 2990 1924 sibi
3015 1882 3232 1924 sumere
3262 1877 3463 1925 sortem

2068 1953 2150 2031 Ad
2180 1955 2548 2025 castigandam
2577 1956 2812 2014 violento
2842 1959 3069 2016 verbere
3100 1959 3335 2030 plebem;

2066 2045 2297 2104 Tantum
2332 2064 2428 2118 pro
2458 2049 2685 2106 Domino
2710 2060 2764 2107 et
2788 2051 2948 2107 talem
2976 2052 3197 2122 Spiravit
3216 2068 3456 2110 amorem
3484 2071 3497 2108 :

2066 2136 2302 2195 Iordane
2324 2154 2598 2210 percusso,
2633 2142 2857 2212 pedibus
2882 2144 2967 2200 via
2994 2143 3127 2199 facta
3155 2159 3452 2215 regressus,

2069 2232 2383 2307 Demersam
2412 2232 2578 2290 ﬂuvio
2600 2233 2861 2291 relevavit
2888 2237 3039 2307 virga
3066 2238 3331 2303 securim;

2067 2301 2495 2395 Mortiﬁcumque
2521 2326 2700 2382 cibum
2728 2327 2782 2382 in
2809 2301 3023 2384 vitalem
3052 2301 3324 2385 transtulit
3348 2342 3525 2385 escam
3544 2370 3557 2387 .

2073 2413 2310 2469 Detinuit
2330 2414 2535 2485 pluvias
2557 2416 2748 2473 iterato
2770 2425 3012 2488 tempore
3036 2417 3201 2489 duplo
3224 2436 3239 2485 ;

2067 2504 2449 2580 Mundavitque
2474 2510 2687 2578 lcpras;
2711 2511 2901 2568 hostes
2925 2512 3151 2584 caligine
3174 2511 3354 2582 cepit:

2068 2600 2234 2672 Cujus
2261 2612 2385 2674 post
2412 2604 2614 2660 obitum
2638 2604 2748 2674 jam
2780 2605 2996 2663 condita
3022 2606 3265 2663 membra
3286 2604 3591 2676 sepulchro.

2068 2694 2325 2766 Abjcctus
2352 2696 2587 2766 quidam,
2619 2708 2883 2755 mactatus
2908 2699 3057 2756 caede
3086 2699 3376 2765 latronum,

2065 2787 2311 2846 Mortuus
2341 2798 2397 2844 ut
2425 2791 2617 2862 tetigit,
2642 2803 2891 2847 revocata
2916 2792 3035 2848 luce
3063 2791 3275 2849 revixit.

2682 2882 2910 2941 CAPUT
2948 2882 3037 2940 Vl.

2068 2976 2275 3045 Esaias,
2306 2977 2544 3049 locuples
2569 2987 2740 3043 vates,
2767 2978 2852 3034 cui
2878 2976 3056 3033 fontes
3092 2978 3286 3048 aperti,

2068 3069 2199 3129 Tam
2224 3071 2503 3127 manifesta
2527 3071 2677 3137 ﬁdes,
2709 3072 2934 3127 verbum
2959 3071 3050 3127 Dei
3076 3085 3171 3127 ore
3191 3069 3448 3142 proludit,

2067 3160 2345 3235 Largaque
2372 3179 2465 3234 per
2485 3162 2758 3219 Christum
2787 3162 2963 3218 Patris
2997 3172 3079 3219 est
3107 3164 3371 3234 promissa
3396 3163 3664 3230 voluntas,

1989 3258 2379 3326 C.Praetcstata
2406 3260 2545 3314 viam
2568 3257 2691 3311 vitae
2712 3266 2873 3328 atque
2895 3256 3117 3326 probata
3145 3272 3239 3327 per
3260 3258 3434 3328 ipsum
3464 3269 3551 3314 est
3577 3275 3590 3312 :

2067 3353 2237 3420 Quem
2262 3352 2490 3424 populus
2511 3361 2717 3407 sectum
2742 3351 2883 3422 ligno
2907 3351 3023 3407 sine
3048 3351 3166 3408 labe
3189 3360 3462 3422 repertum
3485 3391 3501 3418 ,

2066 3445 2397 3502 [inmeritum
2423 3444 2646 3501 demens
2685 3444 2888 3501 crudeli
2922 3454 3095 3500 morte
3123 3445 3370 3527 peremit.

2068 3540 2297 3598 Sanctus
2335 3537 2635 3596 Hieremias
2670 3553 2828 3609 quem
2870 3537 3118 3608 gentibus
3157 3551 3277 3595 esse
3314 3536 3629 3610 prophetam

2068 3634 2279 3694 Eterni
2317 3634 2487 3705 virtus
2508 3631 2688 3704 jussit,
2717 3630 2956 3701 dixitque
2978 3631 3211 3686 l'uturum
3236 3647 3251 3698 ;

2018 3715 2027 3721 ”
2067 3728 2168 3798 Qui
2197 3729 2452 3801 quoniam
2481 3725 2654 3797 plebis
2686 3724 2825 3782 facta
2855 3724 3178 3782 inlaudanda
3208 3724 3459 3790 revolvit,

2068 3821 2136 3877 Et
2172 3821 2286 3879 fore
2314 3822 2598 3893 captivam,
2634 3819 2732 3875 nisi
2763 3819 3098 3890 paenituisset
3123 3820 3354 3891 iniquos,

2067 3912 2125 3969 lu
2157 3913 2383 3969 famulos
2408 3913 2523 3968 ﬁeri
2555 3925 2790 3982 przesaga
2820 3925 2952 3966 voce
2980 3911 3213 3975 locutus,

2068 3996 2289 4059 Vincula
2320 4002 2452 4058 dura
2484 4002 2622 4065 tulit,
2654 4002 2921 4072 squalenti
2951 3999 3029 4074 (5)
3059 4014 3275 4057 carcere
3301 3998 3535 4067 clausus,

2067 4096 2234 4169 Inque
2260 4097 2374 4152 luto
2400 4095 2544 4167 putei
2576 4095 2741 4151 fames
2763 4093 2941 4150 hausit
2969 4092 3145 4149 tabida
3172 4093 3454 4153 membra:

2067 4191 2174 4249 Sed
2204 4199 2480 4263 postquam
2509 4204 2629 4262 qua:
2660 4187 2940 4245 noluerant
2989 4186 3067 4260 (4)
3125 4185 3309 4249 audire
3330 4186 3593 4259 probavit,

1990 4271 2046 4333 D
2070 4283 2247 4355 Atque
2276 4283 2461 4341 hostes
2478 4282 2714 4340 vinctum
2740 4280 2995 4353 populum
3020 4279 3224 4351 duxere
3252 4279 3558 4352 triumphis,

1588 4419 1987 4482 'LECTIONES
2015 4422 2427 4483 VARIANTES.
2484 4484 2491 4493 ,

328 4546 331 4554 '
430 4537 922 4615 {12999‘19‘395379-
2132 4538 2205 4615 (at
2222 4540 2435 4615 (ἐειιῖτετθ
2455 4536 2608 4615 alii...

435 4538 475 4600 [Ι
529 4538 738 4602 Quoque
759 4540 922 4593 Obert.
2153 4544 2183 4592 5
2222 4540 2435 4593 Currere
2455 4538 2608 4612 alii.“

435 4540 506 4668 (ἓξ
530 4603 720 4656 Amat-i5
748 4612 910 4656 Venet-
1105 4616 1113 4622 '
2132 4538 2208 4669 itii
2232 4604 2504 4657 Voluerant
2518 4602 2626 4657 alu.

1712 4730 2275 4799 COMMENTARIUS.

371 4876 594 4933 uictoria:
630 4878 684 4933 in
714 4876 872 4950 ligno,
905 4874 1083 4950 verbis
1111 4875 1236 4933 licet
1260 4872 1684 4941 obscurioribus,
1717 4879 1771 4929 et
1796 4886 1972 4943 quan-

374 4957 485 5021 tum
503 4946 1066 5021 apparet'mendosis.

446 5018 521 5093 (a)
553 5015 773 5093 'Peccati
800 5029 971 5093 uotum
995 5020 1211 5093 violenta
1248 5027 1412 5073 mente
1439 5017 1686 5089 coperuit,
1726 5022 1833 5072 etc.
1866 5015 1971 5072 Eo-

372 5090 753 5160 dem'pertinet
777 5090 919 5162 quod
950 5090 1190 5161 sequitur
1214 5107 1227 5143 :

467 5206 567 5259 Pro
586 5207 784 5259 scelere
807 5207 1016 5257 obtinuit
1037 5205 1256 5266 formam,
1280 5217 1368 5269 pro
1392 5205 1596 5254 crimine
1618 5202 1816 5253 laudem

376 5312 442 5367 de
461 5313 665 5383 Iephte,
695 5314 785 5383 qui
813 5329 877 5367 ea:
899 5323 1012 5367 voto
1034 5313 1172 5383 quod
1208 5328 1382 5366 amens
1416 5310 1526 5366 Deo
1552 5310 1871 5383 promiserat,
1905 5308 1969 5363 ﬁ-

373 5382 499 5440 liatu
527 5380 677 5438 suam
714 5380 1017 5439 immolavit
1047 5380 1112 5439 'in
1144 5383 1535 5439 holocaustum.
1563 5380 1844 5449 Quomodo
1878 5396 1967 5434 au-

377 5465 482 5511 tem
530 5456 719 5509 crimen
764 5455 841 5510 illi
871 5455 1180 5521 imputetur,
1209 5469 1331 5507 cum
1380 5463 1554 5507 tamen
1596 5452 1665 5505 ab
1705 5450 1964 5521 Apostolo

422 5525 603 5593 Helm,
633 5527 675 5582 ll
694 5525 713 5598 )
734 5528 795 5605 in
818 5527 1083 5605 iustorum
1115 5533 1458 5605 recenseatur
1478 5523 1740 5605 catalogo,
1775 5530 1965 5605 tractat

398 5608 484 5653 ate
511 5592 703 5653 auctor
725 5592 928 5666 Quaest.
960 5606 1014 5652 et
1042 5598 1307 5666 llespons.
1339 5595 1478 5649 inter
1496 5609 1660 5666 opera
1687 5593 1745 5666 B_.
1770 5592 1964 5666 .lustini

380 5662 856 5741 Martyrispdic'eus
882 5662 1189 5741 permisisse
1228 5667 1394 5722 Deum
1435 5664 1561 5720 illud
1589 5662 1826 5719 criminis
1849 5705 1863 5728 ,
1905 5674 1965 5718 ut
1986 5683 1999 5693 -

380 5739 576 5809 posteri
635 5740 1016 5797 documentum
1062 5739 1403 5808 acciperent,
1455 5752 1522 5809 ne
1563 5750 1793 5809 unquam
1838 5743 1963 5790 vota

378 5806 473 5865 sua
506 5810 617 5867 Deo
666 5809 941 5866 indeﬁnite
966 5806 1353 5880 nuncuparent,
1402 5820 1454 5865 et
1491 5808 1544 5863 in
1569 5806 1963 5880 justm'tttnno-

381 5884 761 5942 tnenclaturam
792 5895 984 5936 nomen
1017 5881 1131 5949 ejus
1150 5876 1281 5937 'csse
1322 5881 1599 5945 insertum,
1626 5877 1764 5947 quod
1799 5876 1963 5947 picta-

2077 4875 2145 4931 tis
2174 4890 2286 4931 sua:
2314 4889 2439 4947 erga
2473 4877 2670 4947 Deum_
2689 4874 3124 4947 observationem
3155 4867 3280 4947 ﬁliae
3310 4880 3424 4947 suae
3451 4875 3669 4947 _macta-

2077 4948 2223 5022 tione
2251 4938 2622 5022 declaraverit.
2640 4943 2958 5022 Qualeqnitl
2978 4943 3138 4996 etiam
3171 4938 3416 5022 habet
3438 4938 3665 5022 A‘ugus‘t,

2080 5018 2281 5091 Quart:
2297 5022 2351 5072 in
2370 5020 2459 5073 lib.
2477 5018 2632 5091 Ju_d_.,
2650 5007 2983 5091 Eap._XLlX,
3007 5022 3060 5066 et
3082 5026 3148 5091 ea
3176 5008 3441 5091 parte‘lib.
3468 5007 3488 5061 l
3512 5008 3671 5091 deCi-

2077 5078 2229 5145 uitale
2252 5090 2507 5157 Dei,cap.
2535 5078 2629 5142 9.1;
2650 5078 2889 5162 Pertinet
2910 5097 3038 5162 vero
3079 5081 3263 5162 etiam.
3286 5078 3352 5162 ad
3396 5079 3666 5162 licentiam

2075 5162 2338 5230 poeticam
2361 5149 2487 5215 illud
2519 5178 2531 5213 :
2560 5158 2804 5230 coperuit,
2831 5157 2882 5208 in
2915 5154 3019 5208 ﬁuc
3043 5150 3295 5230 carminis
3323 5150 3544 5230 heroici.
3570 5149 3667 5230 At-

2078 5221 2165 5300 qui
2198 5232 2354 5299 paulo
2385 5239 2503 5300 post
2544 5221 2891 5304 dc_'Sa_msone
2927 5221 3302 5304 castigavimus
3339 5222 3555 5303 :jtoste:
3588 5221 3668 5303 pi-

2075 5295 2310 5357 etus'sua
2336 5295 2497 5374 morte
2530 5299 2784 5374 redemit,_
2805 5311 2938 5365 pro:
2967 5295 3124 5348 hostis
3155 5295 3311 5374 victos
3326 5308 3349 5374 ί
3375 5295 3493 5374 ipse
3515 5295 3661 5374 enim

2072 5373 2182 5443 jam
2233 5372 2537 5443 victus,rin
2587 5360 2817 5443 vinculis
2861 5374 3043 5435 utpote
3085 5364 3429 5427 constitutus,
3480 5360 3664 5443 hostes

2075 5441 2202 5500 Suos
2231 5441 3111 5513 concussioneeolumnarum_una
3142 5447 3327 5513 secum
3359 5441 3635 5513 pta-rentia.

2137 5515 2289 5571 CAP.
2320 5514 2386 5570 V.
2432 5544 2505 5554 ——
2540 5510 2617 5585 (b)
2665 5510 2919 5585 M_iri/icu_s
2967 5502 3224 5585 Samuel“,
3268 5501 3665 5585 etczvlntelli'git

2068 5589 2369 5661 unctionem
2401 5572 2776 5661 regumjsaulis
2792 5572 3111 5661 'et_l_)avitli5,
3181 5574 3337 5661 Heg...
3641 5586 3656 5634 ξ

2067 5658 2261 5713 deinde
2284 5644 2564 5711 alluditvad
2594 5655 2607 5708 I
2643 5654 2797 5724 Heg.,
2817 5650 2930 5717 Xll,
2946 5648 3013 5704 de
3028 5644 3334 5701 innocentia
3356 5644 3622 5699 Samuelis
3641 5684 3656 5707 ,

2066 5739 2120 5785 et
2148 5728 2314 5795 XXV,
2344 5727 2412 5783 de
2440 5736 2609 5781 morte
2635 5724 2894 5795 ejusdem.

2140 5780 2685 5871 (cl—Psalntotjrapltus
2712 5792 2899 5871 Dauid,
2941 5802 3155 5871 ninguit;
3182 5785 3315 5871 Ιίεεςζ
3343 5795 3492 5871 atque
3519 5780 3659 5871 ξφ·
3682 5842 3699 5860 ,
3728 5810 3731 5817 κ

2070 5855 2248 5944 plicia,
2281 5881 2383 5928 etc.
2410 5855 2601 5926 Paucis
2629 5855 3044 5937 comprehcndit
3060 5870 3250 5916 omnes
3276 5855 3490 5913 Davidis
3525 5868 3661 5923 qua-
