4006 6280
393 285 531 371 1οη

392 404 536 479 Ergo
565 410 739 479 patres
765 402 915 474 justi,
945 403 1134 470 sancti,
1159 404 1273 460 sine
1298 403 1416 460 labe
1448 402 1741 479 prophetae,

394 477 699 556 Adventum
722 477 930 553 Domini
958 496 1111 552 multi
1154 482 1393 552 ceCinere
1424 477 1697 562 futurum;

394 590 786 660 Testanturque
814 590 920 646 fide
947 574 1186 646 coelestia
1218 591 1365 660 jussa
1393 589 1658 660 profanis,

390 683 523 742 Cum
552 683 744 755 quibus
770 684 1032 757 immanes
1060 683 1233 739 satiati
1264 682 1432 755 gloria
1460 682 1697 753 Christi,

386 776 673 834 Consortes
700 762 939 845 virtutis,
956 762 1116 853 verba
1137 784 1341 832 sacrata
1361 775 1628 845 replentes

386 870 695 929 Firmavcre
720 868 880 925 fidem
898 910 913 939 ,
941 848 1375 938 factis‘praedicta
1399 866 1694 940 probando.

1009 959 1236 1016 CAPUT
1272 958 1369 1015 IX.

458 1058 695 1128 Quorum
720 1054 988 1127 discipuli,
1012 1054 1103 1126 qui
1131 1067 1439 1110 successere
1465 1067 1563 1126 per
1590 1051 1802 1123 orbem,

396 1148 627 1207 Couﬂati
650 1146 849 1203 virtute
882 1130 1013 1212 viri,
1043 1146 1318 1217 nostrique
1342 1145 1622 1217 magistri,

382 1242 709 1313 Conjunctos
756 1236 934 1311 operis
972 1237 1127 1294 nobis
1168 1238 1403 1296 tribuere
1441 1237 1694 1309 honores.
1781 1236 1786 1240 ’

382 1333 467 1393 Ex
495 1334 687 1406 quibus
716 1332 944 1389 electum
967 1348 1216 1404 magnum
1245 1332 1493 1406 plebique
1521 1334 1801 1406 probatum

324 1418 340 1427 “
386 1425 499 1483 llac
526 1425 800 1492 cathedra,
831 1425 1021 1482 Petrus
1051 1440 1155 1498 qua
1184 1426 1398 1482 sederat
1428 1427 1542 1498 ipse
1561 1470 1577 1497 ,
1606 1427 1837 1485 locatum

382 1519 611 1577 Maxima
642 1520 808 1576 Roma
834 1519 1024 1575 Linum
1043 1506 1076 1586 ,³
1100 1520 1329 1592 primum
1359 1523 1638 1579 considere
1659 1524 1837 1601 jussit.

382 1612 512 1668 Post
538 1626 698 1683 quem
723 1611 904 1668 Cletus
928 1620 981 1669 et
1010 1613 1123 1684 ipse
1141 1628 1360 1686 gregem
1393 1617 1630 1688 suscepit
1658 1618 1834 1676 ovilis.

378 1704 551 1776 Hujus
576 1704 868 1762 Anacletus
897 1720 1179 1762 successor
1200 1717 1346 1763 sorte
1374 1707 1579 1766 locatus
1604 1728 1618 1764 :

379 1798 549 1867 Quem
572 1797 814 1868 sequitur
841 1796 1125 1867 Clemens;
1155 1799 1201 1854 is
1229 1801 1534 1871 apostolicis
1560 1800 1903 1861 benesnotus.

380 1889 661 1947 Evaristns
686 1889 755 1945 ab
779 1889 884 1946 hoc
905 1890 1045 1947 rexit
1071 1892 1187 1947 sine
1225 1892 1449 1950 crimine
1477 1894 1671 1967 legem.

378 1982 573 2040 Sextus
610 1974 913 2040 Alexander
942 1982 1094 2039 Sixto
1136 1985 1473 2042 commendat
1512 1989 1691 2047 ovile:

381 2078 512 2136 Post
532 2077 744 2165 expleta
774 2078 855 2134 sui
882 2078 973 2151 qui
1005 2078 1160 2135 lustri
1188 2087 1427 2165 tempora
1458 2082 1622 2139 tradit
1710 2156 1715 2165 ⁸

1691 284 2038 351 specuum
2078 285 2313 375 ratus.
2361 288 2377 305 -

3558 291 3699 395 lora

2018 406 2069 486 Α
2098 400 2429 481 Telcslihoro
2454 423 2468 472 ;
2497 405 2763 477 excellens
2792 403 2879 487 hic
2909 410 3044 489 erat,
3075 408 3379 487 martyrqu
3406 402 3612 489 fidelis;

2098 493 2227 550 Post
2250 496 2396 553 illum
2422 499 2598 555 socius
2629 499 2793 570 legis,
2823 488 3110 575 certusque
3139 497 3391 575 magister
3413 488 3434 564 ;

2098 586 2229 642 Cum
2260 591 2423 646 vestri
2455 591 2674 648 sceleris
2700 576 2908 658 socius,
2954 583 3255 660 prarcursor
3281 597 3335 644 et
3363 576 3549 653 auctor

2096 679 2327 737 Advenit
2349 682 2575 740 Romam
2604 683 2810 761 Cerdo,
2843 697 2978 739 nova
3009 666 3226 738 vulnera
3250 693 3468 755 gestans
3494 698 3510 739 :

2096 771 2364 841 Detectus,
2393 776 2646 849 quoniam
2665 791 2826 832 voces
2851 783 2907 833 et
2934 774 3096 831 verba
3124 775 3319 832 veneni
3458 838 3463 847 ν

2093 863 2386 938 Spargebat
2412 866 2593 924 furtim
2622 887 2636 937 ;
2669 875 2992 941 quapropter
3011 866 3078 922 ab
3099 864 3313 940 agmine
3340 865 3546 938 pulsus,

2093 948 2424 1032 Sacrilegum
2454 977 2626 1032 genus
2647 962 2749 1018 hoc
2774 960 2957 1032 genuit
2986 959 3226 1030 spirante
3254 958 3509 1019 dracone.

2090 1054 2381 1110 Constabat
2407 1054 2602 1126 pietate
2625 1055 2810 1126 vigens
2838 1053 3075 1110 Ecclesia
3110 1052 3296 1130 Romae

2097 1145 2410 1219 Composita
2435 1162 2465 1202 a
2493 1146 2673 1214 Petro,
2703 1147 2855 1217 cujus
2880 1160 3163 1202 successor
3187 1153 3242 1199 et
3270 1132 3384 1217 ipse

2090 1242 2315 1312 Jamque
2343 1242 2462 1298 loco
2492 1256 2635 1298 nono
2664 1239 2972 1297 cathedram
2998 1237 3232 1310 suscepit
3258 1230 3515 1309 Hyginus.

2088 1336 2217 1397 P0st
2238 1336 2378 1390 hunc
2405 1332 2599 1390 deinde
2632 1320 2775 1398 Pius,
2806 1331 3030 1389 Hermas
3057 1331 3141 1386 cui
3173 1329 3416 1402 germine
3457 1327 3623 1409 frater
3688 1366 3697 1376 -

2088 1431 2375 1503 Angelicus
2399 1437 2602 1502 pastor,
2632 1410 2754 1500 quia
2781 1424 2972 1482 tradita
3004 1425 3162 1480 verba
3199 1423 3448 1503 locutus:

2086 1527 2262 1597 Atque
2283 1525 2372 1596 pio
2398 1523 2629 1594 suscepit
2656 1521 2914 1581 Anicetus
2939 1519 3126 1575 ordine
3153 1526 3354 1575 sortem
3386 1534 3400 1572 :
3436 1502 3445 1510 ’

2086 1618 2330 1691 Subquo
2352 1617 2587 1689 Marcion
2627 1617 2713 1672 hic
2752 1615 2994 1682 veniens,
3038 1628 3173 1669 nova
3218 1611 3470 1685 pontifica
3496 1609 3682 1687 pestis,

2084 1712 2330 1769 Nondum
2361 1719 2626 1767 secretum
2656 1708 2860 1765 facinus
2895 1721 2993 1763 suo
3017 1707 3178 1762 corde
3205 1705 3502 1783 reclusum,
3670 1696 3677 1699 ’

2009 1804 2059 1867 Β
2086 1804 2292 1865 Passim
2317 1803 2477 1874 vulgo
2504 1791 2730 1875 loquens
2757 1801 3023 1858 latebrosa
3051 1797 3288 1872 perfidus
3313 1806 3451 1853 arte.

2084 1899 2189 1958 Sed
2220 1908 2499 1970 postquam
2526 1897 2689 1969 coepit
2720 1883 2906 1959 mortis
2934 1894 3175 1966 proferre
3217 1889 3468 1964 sagittas,

2086 1993 2339 2064 Abjectus
2365 1993 2558 2051 merito
2581 2000 2684 2046 tam
2712 1988 2840 2045 saevi
2861 1982 3100 2046 criminis
3126 1992 3331 2054 auctor,

2085 2087 2129 2144 Δ
2157 2086 2356 2149 sanctis
2380 2072 2675 2158 reprobus,
2691 2083 2863 2158 patuit
2886 2080 3130 2139 mirabile
3150 2070 3470 2163 monstrum.

386 2255 3661 2283 W

1333 2387 1865 2529 LIBER
1908 2388 2447 2543 QUART
2467 2389 2679 2515 vs.

511 2665 997 2767 INCEBTI
1052 2677 1701 2787 AUCTORIS,
1750 2680 1914 2770 DE
1976 2681 2623 2791 MARCIOle
2692 2681 3597 2820 ANTITHESIBUS:

1239 2911 1521 2999 Quartus
1551 2911 1616 2974 et
1649 2908 1787 2992 ipse
1814 2908 2011 2997 refert
2043 2910 2319 2975 obscura
2349 2911 2607 2992 piacula
2634 2912 2823 3005 Legis

1224 2998 1383 3074 ESse
1417 3015 1638 3103 typum
1668 3010 1928 3087 veteris,
1957 3026 2105 3097 quia
2144 3010 2360 3090 paruit
2389 3011 2603 3089 hostia
2630 2998 2836 3104 vere.'

1122 3103 1139 3130 Ἴ

1801 3260 1805 3264 ,
1829 3221 1843 3252 \

1232 3104 1620 3201 Jamdudum
1663 3110 2035 3192 exspectata
2075 3111 2199 3190 piis
2251 3128 2400 3176 cum
2432 3113 2676 3193 semine
2709 3116 2956 3191 sancto.

388 3322 630 3400 Quibus
654 3324 882 3396 verbis,
920 3326 1078 3396 alias
1111 3328 1266 3395 satis
1296 3325 1600 3396 obscuris,
1632 3324 1875 3389 indicat
1904 3322 2185 3404 piacula,
2217 3322 2287 3386 id
2314 3333 2400 3387 est
2430 3303 2746 3406 sacriﬁcia
2779 3324 3008 3387 veteris
3035 3324 3216 3406 legis,
3245 3325 3445 3407 fuisse
3472 3329 3690 3407 typum

467 3444 628 3491 certe
659 3427 897 3499 hostire,
954 3427 1199 3492 christi.
1233 3427 1372 3506 Qua
1400 3425 1822 3508 explicatione
1872 3443 2011 3488 cum
2046 3424 2381 3487 antitheses
2414 3427 2772 3490 Marcionis
2815 3425 3144 3497 dissolvat,
3182 3442 3338 3508 quas
3370 3425 3487 3491 hoc
3525 3416 3685 3488 libro

469 3527 892 3592 wmulamenta
917 3535 1278 3609 nuncupat;
1307 3526 1457 3591 libri
1492 3527 1677 3608 hujus
1706 3525 1895 3590 titulo
1930 3523 2265 3605 adjecimus
2301 3546 2321 3587 :
2355 3544 2439 3587 DE
2465 3543 2809 3591 MARCIONIS
2840 3532 3320 3621 ANTITHESIBUS.

915 3716 1141 3783 CAPUT
1178 3672 1464 3776 ramum.

460 3813 587 3871 Hzec
614 3812 812 3885 populo
836 3811 1043 3885 juyeni,
1072 3815 1162 3885 qui
1190 3814 1359 3881 dives,
1389 3815 1525 3875 liber
1548 3824 1604 3872 et
1624 3815 1797 3874 haeres
1836 3813 1909 3892 (a)

300 3956 303 3957 ν
387 3906 636 3965 Possidet
662 3916 920 3964 aeternam
948 3921 1099 3979 spem
1129 3906 1302 3963 laudis
1335 3907 1455 3978 jure
1487 3907 1736 3975 dicatam,

389 3998 506 4055 Non
533 4008 591 4055 ut
617 3998 865 4055 doctores
894 3998 912 4073 (
939 4000 1086 4055 salus
1112 3999 1263 4056 daret
1304 4001 1483 4055 omnia
1509 3999 1805 4071 Christus),

391 4091 499 4149 Sed
526 4091 750 4147 famulos
774 4092 995 4161 Christi,
1023 4092 1174 4163 jubet
1195 4093 1447 4148 inviolata
1470 4101 1705 4169 potestas

393 4185 596 4256 Ingenti
626 4185 741 4243 zelo
763 4185 1046 4257 flagrantes
1067 4228 1082 4255 ,
1113 4186 1259 4257 pacis
1280 4200 1463 4242 amore

395 4279 663 4346 Armatos,
691 4280 886 4336 molem
917 4279 1040 4337 belli
1073 4280 1339 4336 deducere
1368 4289 1524 4336 terra:

393 4373 645 4430 Excelsas
667 4382 870 4441 turres,
898 4384 950 4430 et
980 4376 1173 4431 muenia
1205 4389 1344 4431 saeva
1373 4375 1633 4431 malorum
1654 4416 1668 4440 ,

391 4469 788 4540 Surgentesque
818 4470 1015 4532 minas,
1048 4468 1229 4540 populi
1257 4478 1440 4524 contra
1472 4470 1690 4539 agmina
1712 4467 1883 4526 sancti

393 4561 686 4619 Detrahere
706 4604 721 4631 ,
757 4577 954 4619 vacuas
982 4556 1139 4620 voces
1165 4563 1458 4621 dissolvere
1485 4572 1667 4621 vento.

394 4653 730 4725 Quapropter
770 4655 963 4710 merito
993 4671 1090 4715 nos
1133 4654 1506 4713 aamulamenta
1547 4638 1712 4713 locuti

394 4745 569 4816 Ipsius
596 4760 663 4801 ex
696 4745 891 4814 verbis,
922 4746 1081 4802 etiam
1113 4758 1460 4805 monumenta
1492 4751 1676 4808 salutis

394 4837 626 4894 Nitimur
643 4840 970 4909 exprimere,
1000 4856 1119 4910 qua:
1146 4843 1316 4912 gratia
1346 4842 1492 4914 larga
1525 4844 1776 4915 proludit,

395 4928 777 5002 Prmdonisque
803 4931 1013 5002 plagam
1042 4932 1239 4990 sanctis
1269 4936 1477 5006 aperire
1504 4945 1778 5008 copertam

2018 3716 2063 3780 C
2097 3718 2177 3776 Ex
2207 3719 2495 3792 improviso
2521 3735 2589 3778 ne
2619 3721 2736 3792 quis
2761 3721 2933 3791 rudis,
2976 3723 3196 3788 inscius,
3228 3721 3366 3779 auda

2097 3810 2320 3878 lncidat,
2354 3818 2408 3868 et
2429 3821 2614 3883 captus
2641 3813 2881 3872 coelestia
2912 3813 3051 3871 dona
3082 3811 3365 3886 relinquat.

2725 3905 2953 3964 CAPUT
2990 3906 3057 3962 Il.

2166 3996 2310 4069 Ergo
2331 3996 2475 4053 Deus
2502 3997 2710 4053 cunctis
2737 3981 3053 4062 mortalibus
3081 3990 3216 4055 unus
3243 3997 3441 4071 ubique
3467 4005 3550 4056 est
3594 3995 3689 4070 (ὁ),

2094 4089 2379 4147 Αέιθτηιιιη
2421 4105 2666 4162 regnum,
2697 4072 2970 4161 profunda:
2998 4092 3131 4147 lucis
3160 4091 3330 4163 origo,

2094 4183 2239 4240 Fons
2261 4183 2402 4251 vitae,
2425 4193 2582 4255 potus
2607 4184 2864 4257 sapientia
2890 4185 3138 4242 conditus
3165 4186 3333 4242 omni.

2095 4278 2324 4334 Protulit
2350 4278 2463 4349 ipse
2487 4278 2696 4344 orbem,
2720 4279 2872 4349 cujus
2893 4278 3043 4334 sinus
3071 4279 3249 4334 omnia
3279 4277 3482 4348 cingit:

2096 4372 2251 4429 Nulla
2283 4373 2434 4429 illum
2462 4372 2632 4444 regio,
2661 4372 2841 4428 nullus
2868 4370 3017 4428 locus
3046 4372 3249 4426 ambitu
3273 4369 3514 4434 claudit;

2098 4464 2348 4521 Materies
2374 4465 2518 4520 nulla
2541 4471 2625 4519 est
2650 4461 2808 4529 facta,
2840 4471 2898 4518 ut
2923 4463 2966 4517 si
2988 4471 3180 4533 sponte
3209 4460 3482 4531 perennis,

2101 4561 2231 4627 Quae
2257 4559 2415 4616 fuerit
2441 4574 2678 4632 semper,
2714 4558 2860 4614 nullo
2889 4557 3029 4613 facto
3058 4563 3298 4612 recreata
3326 4571 3341 4620 ;

2101 4653 2394 4721 Coelorum,
2428 4663 2609 4721 terrae,
2639 4653 2801 4708 maris
2823 4651 3122 4722 infernique
3148 4651 3376 4705 locator.

2101 4748 2329 4820 Spiritus
2352 4749 2492 4804 aeris
2518 4756 2599 4802 est
2619 4745 2841 4815 divisor,
2874 4743 3140 4806 conditor,
3171 4749 3376 4806 auctor,

2101 4839 2260 4907 Solus
2286 4847 2574 4913 perpetuus
2602 4839 2741 4895 Deus
2779 4846 2879 4903 est,
2917 4839 3175 4892 immensa
3205 4841 3459 4904 potestas.

2020 4927 2074 4989 D
2102 4934 2253 4993 Hunc
2278 4933 2365 4991 lex
2393 4947 2515 4991 esse
2538 4931 2707 4987 Deum
2729 4928 2927 5002 populo
2954 4932 3346 4984 monstraverat
3370 4938 3554 4991 unum,

1753 5069 2313 5129 COMMENTARIUS.

729 5234 802 5247 —-
831 5202 912 5281 (a)
936 5203 1059 5332 flare
1072 5205 1263 5287 populo
1281 5205 1479 5289 juveni,
1520 5213 1627 5274 etc.
1664 5206 1998 5273 Obscurissi-

467 5293 543 5332 um
566 5286 647 5332 est
674 5276 826 5332 Illud.
859 5287 915 5332 et
959 5280 1180 5332 orta’ssrs
1201 5278 1550 5332 mendosum:

399 5280 548 5347 mum‘
566 5276 647 5336 est
664 5276 915 5344 ‘illud,'et
936 5276 1180 5347 fortassis
1201 5276 1516 5334 mendosum
1536 5296 1550 5331 :

406 5340 413 5365 ³
474 5342 597 5431 λγοὴ
625 5357 683 5431 ut
710 5340 944 5431 doctores
977 5340 1311 5431 daret
1352 5349 1522 5405 omnia
1551 5347 1827 5431 Christus).
1858 5348 1992 5409 ϐοτη

400 5422 819 5505 {exitttus'v§1:0:
930 5424 937 5433 ι
979 5420 996 5431 ιν
1065 5420 1135 5437 δη,
1190 5420 1196 5431 ,
1560 5420 1568 5431 ἱ
1616 5424 1621 5430 “

523 5558 762 5641 Excelsae
784 5560 966 5639 turres,
986 5562 1039 5645 et
1065 5542 1240 5641 intenta
1263 5566 1392 5627 saeva
1413 5554 1669 5635 malorum,
1693 5557 1787 5625 etc.

478 5688 781 5769 Detrahere,
810 5702 914 5765 pro
951 5704 966 5742 :
1000 5685 1323 5769 Detraheret.
1357 5683 1813 5769 accipit‘autem_,
1844 5685 1921 5739 uti
1946 5685 1999 5741 in

414 5756 728 5865 argumento
766 5754 995 5837 quoque
1045 5754 1245 5815 dictum
1295 5761 1379 5812 est
1414 5772 1428 5813 :
1470 5754 1856 5825 semulamenta,
1901 5771 2001 5829 pro

2098 5204 2478 5261 Antithesibus:
2511 5217 2745 5276 quarum
2792 5200 3045 5276 frequens
3083 5199 3285 5257 mentio
3324 5211 3507 5271 supra,
3550 5203 3588 5255 t.
3616 5194 3708 5269 lli,

2099 5278 2250 5334 libris
2280 5273 2665 5346 quinqueadv:
2682 5273 2939 5346 Marcion.

2171 5339 2321 5421 CAP.
2347 5339 2487 5421 ll._;_—
2506 5344 2760 5421 (b)_Ergo
2796 5345 2934 5399 Deus
2978 5345 3174 5421 cunc_tis
3203 5339 3508 5421 mortalibus
3552 5354 3705 5421 unus,

2100 5429 2206 5477 etc.
2256 5418 2352 5476 Hic
2396 5412 2734 5473 disti'niimu's
2762 5434 2776 5470 :
2799 5425 2949 5482 potus
2998 5415 3251 5485 sapientia
3289 5412 3519 5485 conditus
3549 5412 3707 5472 omni,

2101 5504 2158 5546 ut
2206 5490 2458 5560 sapientia
2517 5483 3109 5560 Ablntivusgsit‘more
3147 5483 3433 5560 Auctoris,
3465 5491 3710 5550 correpta

1990 5544 1993 5547 δ
2101 5544 2290 5618 ultima
2316 5559 2553 5632 syllaba:
2584 5557 2671 5632 ubi
2692 5557 3068 5632 castigavimus
3101 5544 3431 5622 :conditus,'
3452 5570 3547 5632 pro
3597 5544 3709 5607 cre-

2102 5634 2257 5688 ditus.
2286 5625 2536 5700 Legimus
2575 5627 2737 5700 etiam
2777 5625 2893 5695 ε,οε
2935 5628 3001 5682 sit
3055 5634 3233 5700 sponte
3279 5625 3544 5696 perennis,
3589 5638 3708 5695 pro,

2101 5704 2328 5777 perenni,
2358 5696 2484 5759 étc.:
2513 5699 2796 5771 infernique
2823 5700 3033 5769 locutor,
3063 5712 3157 5769 pro
3176 5696 3397 5765 locatur.
3465 5739 3493 5771 Α
3596 5704 3599 5705 ⁷
