4006 6280
327 315 461 380 1081

322 429 553 491 Interius
580 437 771 496 vestita
801 453 954 509 auro,
986 445 1161 506 media
1187 448 1365 507 omnia
1391 450 1555 525 ligno.

321 524 420 581 Ilic
450 528 643 585 tabulae
668 532 799 604 legis
821 576 837 600 ,
870 534 958 593 hic
981 528 1177 597 manna
1202 551 1287 599 est
1317 524 1450 602 urna
1476 550 1698 622 repleta,

322 616 418 673 llic
442 620 621 677 Aaron
647 632 730 679 est
753 626 900 699 virga
919 669 937 696 ,
972 634 1147 690 crucis
1171 649 1289 705 qua:
1314 616 1554 709 germina
1583 616 1786 713 profert
1814 646 1915 721 (ιι),

316 709 420 781 Ipsi
456 712 731 773 dissimilis
752 760 768 785 ,
796 723 1023 793 styracis
1053 734 1230 783 tamen
1260 731 1455 789 arbore
1486 744 1628 793 nata.

315 801 491 873 Atque
514 819 677 877 super
695 808 966 870 Cherubin
989 831 1086 887 per
1113 816 1339 877 formam
1361 835 1613 894 quattuor
1638 844 1796 887 unam
1832 832 1915 908 (ὁ)

315 893 628 955 Pandebant
655 917 877 973 pennas,
908 916 962 963 et
980 912 1220 981 sagmina
1249 893 1399 984 jussa
1427 920 1695 990 tegebant.

314 986 564 1046 Exterius
589 994 784 1062 velum,
813 1012 937 1067 pars
957 1000 1087 1058 aidis
1111 1014 1296 1076 aperta
1326 986 1543 1077 patebat
1573 1012 1665 1084 (ο),

312 1082 369 1139 In
391 1082 581 1139 faciem
606 1086 715 1143 lato
733 1092 911 1160 gravis
938 1094 1060 1149 teris
1084 1084 1259 1153 stabat
1283 1099 1479 1168 aheno,

313 1175 379 1231 Et
407 1176 786 1237 candelabrum
816 1182 900 1239 bis
927 1188 1091 1243 ternis
1124 1189 1358 1261 undique
1391 1193 1555 1249 ramis

311 1269 579 1329 Connexis
620 1275 800 1333 medio
827 1279 1053 1349 calamo,
1088 1285 1416 1359 totidemque
1443 1290 1692 1349 lucernae.

311 1361 488 1421 Aurea
510 1368 761 1425 materies
786 1366 1093 1443 eomplebat
1114 1375 1317 1435 lumine
1341 1382 1621 1452 templum.

943 1464 1168 1525 CAPUT
1212 1470 1296 1526 Vl.

379 1547 522 1619 Ergo
546 1550 693 1620 prior
714 1554 897 1624 templi
925 1555 1091 1615 facies
1114 1565 1416 1621 communis
1440 1607 1455 1633 ,
1484 1576 1691 1639 aperta,

304 1641 551 1699 Declarat
578 1646 738 1703 ritum
767 1651 949 1720 populi
975 1654 1075 1710 sub
1102 1655 1217 1728 lege
1245 1662 1503 1718 morantis
1532 1704 1546 1729 ,

301 1737 359 1792 In
383 1737 536 1809 cujus
565 1741 801 1798 tenebris
824 1748 1156 1818 septemplex
1184 1750 1414 1822 Spiritus
1436 1798 1450 1822 ,
1485 1772 1621 1813 unus

305 1830 544 1887 Lucebat
567 1845 786 1890 sanctus
816 1852 1031 1909 semper
1058 1842 1377 1916 plebemque
1404 1849 1653 1918 tegebat;

301 1922 418 1980 Iloc
445 1924 828 1983 candelabrum
852 1945 1041 1989 verum
1065 1934 1312 2005 vivasque
1340 1938 1596 1996 lucernae.

300 2018 405 2074 Per
429 2019 600 2091 legem
623 2030 676 2076 et
704 2031 853 2080 vates
892 2028 1178 2096 perlucens
1197 2032 1358 2089 corde
1379 2035 1613 2094 subactis
1633 2080 1649 2106 ,

299 2107 427 2165 Inde
456 2122 638 2183 typum
671 2121 827 2172 terra:
856 2115 996 2174 facta
1025 2136 1116 2176 ara
1147 2124 1384 2181 creditur
1410 2142 1532 2184 esse
1561 2172 1577 2196 ,

299 2200 398 2257 llic
421 2217 598 2275 operae
624 2209 823 2279 populi,
853 2226 984 2280 quas
1019 2228 1125 2269 non
1152 2215 1271 2271 sine
1294 2221 1552 2290 sanguine
1580 2235 1766 2295 sempc

299 2294 523 2367 Obtulit,
546 2298 735 2369 ell‘uso,
760 2303 922 2359 vitam
950 2304 1068 2363 sine
1092 2307 1229 2379 lege,
1248 2326 1470 2380 cruore,

300 2387 357 2443 In
390 2390 568 2459 patulo
590 2396 785 2465 passim
813 2401 1115 2468 comparuit
1135 2403 1383 2459 omnibus
1411 2406 1537 2462 olim
1562 2426 1579 2474 ;

299 2479 461 2548 lsthic
499 2496 550 2541 et
579 2485 838 2545 Dominus
861 2506 957 2561 pro
980 2495 1187 2552 cunctis
1215 2495 1392 2553 hostia
1431 2497 1608 2557 factus

301 2573 491 2632 Totam
518 2578 763 2650 designat
789 2592 1005 2653 terram,
1033 2589 1344 2658 specialiter
1371 2606 1539 2647 aram.

301 2665 544 2727 Fmdcris
566 2671 690 2728 hinc
711 2675 873 2732 etiam
897 2684 1019 2733 novi
1048 2680 1420 2742 inenarrabilis
1442 2698 1631 2745 auctor
1656 2689 1755 2764 (ιι),

302 2760 607 2832 Discipulus
636 2764 870 2824 Joannes
891 2771 1098 2828 animas
1124 2790 1220 2844 pro
1251 2780 1471 2839 nomine
1503 2797 1688 2853 passas
1759 2824 1765 2829 -

301 2852 553 2912 Testatur
579 2857 671 2915 tali
693 2874 814 2918 sese
833 2861 1034 2921 vidisse
1054 2866 1153 2923 sub
1178 2883 1292 2938 ara,

300 2948 611 3007 Clamantes
637 2953 731 3032 Dei
754 2955 1041 3014 vindictam
1075 2977 1173 3032 pro
1199 2965 1344 3022 crede
1380 2969 1648 3037 potentis;

299 3040 466 3100 lsthic
506 3046 771 3104 interdum
803 3054 1053 3124 requies;
1083 3057 1184 3115 sub
1208 3074 1434 3131 corpore
1462 3075 1619 3121 terrae.

299 3133 358 3190 In
385 3146 539 3208 parte
564 3140 741 3212 ignota
768 3145 982 3216 quidam
1005 3149 1157 3207 locus
1176 3163 1349 3211 exstat
1370 3168 1610 3228 apertus,

301 3226 446 3286 Luce
491 3248 586 3289 sua
626 3234 831 3305 frctus,
868 3240 1097 3298 Abrahae
1127 3247 1277 3303 sinus
1302 3226 1648 3311 istcvvocatur
1690 3251 1781 3328 (e),

300 3320 474 3378 Altior
492 3334 529 3378 ‘a
554 3325 790 3384 tenebris
808 3371 822 3396 ,
857 3330 1013 3403 longe
1038 3346 1276 3393 semotus
1302 3341 1369 3396 ab
1394 3343 1538 3414 igne,

300 3410 409 3469 Sub
437 3421 576 3471 terra
603 3425 781 3475 tamen
810 3439 823 3477 :
848 3422 966 3479 haec
984 3441 1075 3480 ara
1100 3439 1321 3487 vocatur
1347 3410 1541 3505 ahena,

301 3502 359 3559 In
390 3522 494 3577 qua
524 3510 768 3568 velamen
800 3516 1000 3585 pullum
1032 3526 1446 3584 memoravimus
1475 3545 1599 3589 esse
1629 3551 1644 3602 ;

304 3599 499 3658 Dividit
522 3603 639 3663 haec
662 3618 842 3680 partes
870 3612 1056 3673 ambas
1075 3656 1090 3685 ,
1115 3631 1325 3691 unaque
1352 3622 1578 3682 recludit

1668 343 2007 410 APPENDIX
2032 352 2265 417 PRIMA.

1944 466 1997 527 A
2023 466 2273 569 Dissitam
2299 473 2368 531 ab
2396 480 2601 541 aeterna
2619 525 2636 553 ,
2667 490 2871 548 cultura
2902 500 2957 549 et
2984 496 3240 569 temporis
3282 514 3400 557 usu.

3424 364 3431 369 ’
3483 385 3623 446 4032

2022 559 2138 618 Non
2169 563 2383 624 inimica
2409 572 2511 628 sibi
2536 582 2779 646 quamvis
2810 584 3059 645 distantis
3102 592 3331 661 amoris,

1978 720 2006 731 ﬂ
2023 652 2288 727 Tempore
2313 661 2482 720 divisa
2509 677 2564 724 et
2589 673 2781 743 spatio,
2814 686 2868 733 ct
2896 680 3102 738 ratione
3131 684 3289 756 ligata

2022 745 2137 804 Una
2181 750 2394 824 donius,
2415 763 2658 828 quamvis
2697 768 2817 824 velo
2847 774 3037 841 partita
3064 745 3294 848 videtur,

2021 839 2199 910 Atque
2228 845 2364 904 adeo
2391 865 2549 919 passo
2568 856 2814 930 Domino,
2839 866 3105 937 velamine
3119 883 3293 943 rupto,

2020 930 2284 995 Ctelestes
2318 950 2537 1009 patuere
2565 949 2763 1021 plagae,
2793 930 3089 1031 ctelalaque
3116 930 3299 1022 sancta

2020 1024 2197 1100 Atque
2239 1030 2437 1104 duplex
2488 1043 2755 1111 quondam
2802 1049 2935 1109 facta
2978 1024 3061 1111 est
3113 1056 3306 1146 domus
3347 1076 3451 1120 una
3495 1081 3620 1137 pcr-

3331 1153 3538 1228 [ennis.

2631 1208 2858 1270 CAPUT
2898 1216 3008 1274 VII.

2089 1284 2317 1347 Interius
2346 1297 2600 1368 templum
2656 1301 2746 1375 (Ι),
2796 1312 3049 1378 populum
3071 1312 3138 1371 de
3166 1318 3384 1378 nomine
3413 1321 3615 1381 Christi

2016 1378 2234 1440 C(elesti
2262 1388 2407 1444 cultu
2428 1431 2442 1458 ,
2472 1393 2589 1464 ipsa
2618 1396 2710 1453 Dei
2740 1403 2985 1460 mandata
3012 1422 3325 1479 sequentem

2017 1473 2308 1547 (Persona:
2347 1484 2434 1540 hic
2460 1492 2690 1563 propriae
2726 1510 2850 1551 vere
2880 1509 2983 1554 nan
3014 1473 3199 1559 umbra
3230 1505 3485 1582 ligatur),

2014 1567 2271 1630 Perlectis
2300 1576 2462 1637 rebus
2489 1586 2815 1656 completum
2844 1592 3061 1650 tradidit
3097 1598 3253 1654 ordo.

2013 1661 2150 1719 Area
2170 1706 2185 1732 ,
2208 1668 2307 1725 sub
2334 1676 2582 1747 exemplo
2601 1721 2614 1747 ,
2642 1695 2839 1753 corpus
2864 1688 3171 1748 venerabile
3199 1690 3398 1752 Christi

2012 1755 2272 1829 Ostendit,
2307 1781 2463 1825 sacro
2489 1785 2587 1843 per
2610 1775 2810 1847 lignum
2839 1782 3031 1852 spiritu
3051 1785 3320 1856 junctum.

1935 1864 1983 1924 Β
2011 1853 2187 1912 Aeria:
2214 1859 2382 1929 pelles
2409 1878 2557 1935 caro,
2589 1884 2696 1925 non
2726 1887 2792 1928 ex
2822 1876 3029 1933 semine
3058 1888 3182 1936 nata
3202 1924 3217 1950 ,

2009 1947 2243 2006 Extensa
2273 1952 2326 2008 in
2355 1955 2519 2026 ligno,
2549 1960 2706 2017 simul
2737 1964 2881 2023 intus
2913 1947 3360 2040 Spiritus'ardcns

2006 2043 2270 2114 Aurigera
2294 2050 2475 2119 specie
2499 2054 2788 2125 conﬂatus,
2814 2058 3058 2133 jungitur
3084 2065 3183 2133 illi,

2007 2131 2231 2230 Ut-caro
2252 2152 2382 2208 pace
2412 2141 2533 2199 data
2556 2188 2571 2213 ,
2600 2162 2720 2204 cum
2747 2131 2939 2221 spiritu
2972 2155 3139 2213 mixta
3167 2131 3390 2230 vigeret.

1988 2218 2195 2284 'Cainis
2221 2241 2277 2287 et
2303 2248 2435 2290 urna
2461 2244 2647 2309 typum
2680 2218 2892 2301 Domini
2920 2247 3022 2304 fert
3047 2218 3420 2323 aureauplena,

2008 2317 2247 2379 Fredcris
2278 2324 2395 2395 ipsa
2431 2332 2554 2385 novi
2598 2332 2879 2393 Dominum
2909 2339 3143 2399 declarat
3171 2355 3391 2416 aperte;

2003 2410 2193 2469 Manna
2216 2457 2232 2483 ,
2265 2419 2409 2487 quod
2436 2429 2517 2476 est
2545 2426 2699 2494 panis
2728 2429 2963 2485 caelestis
2996 2448 3149 2491 verus
3168 2478 3183 2503 ,
3204 2410 3263 2491 in
3288 2410 3436 2493 illum

2004 2504 2255 2563 Traditus
2278 2509 2503 2581 aPatre,
2535 2530 2693 2584 quem
2719 2520 2902 2577 tribuit
2934 2540 3028 2593 pro
3061 2527 3281 2597 pignore
3309 2532 3528 2600 sanctis,

2003 2595 2248 2657 Perfecto
2272 2600 2421 2658 dabit
2465 2605 2610 2661 hunc
2637 2608 2758 2678 illis,
2788 2612 2878 2683 qui
2921 2595 3134 2672 vincula
3173 2620 3319 2688 pacis

2001 2692 2228 2764 Semper
2254 2707 2525 2756 amatores
2548 2716 2768 2772 operum
2798 2717 3017 2766 tenuere
3052 2710 3336 2768 bonorum.

2003 2783 2072 2840 Et
2100 2787 2290 2844 tabulae
2313 2789 2554 2861 duplices
2579 2797 2901 2867 conscriptae
2929 2801 3057 2872 legis
3082 2846 3096 2869 ,
3126 2804 3180 2859 in
3204 2820 3347 2872 arca,

2002 2876 2318 2950 Signiﬁcant
2341 2884 2498 2941 simul
2528 2887 2644 2943 hmc
2674 2890 2725 2944 in
2755 2888 2968 2949 Christo
2994 2897 3210 2953 condita
3249 2916 3486 2972 semper,

2002 2975 2102 3045 Qui
2123 2986 2276 3033 vetus
2299 2987 2457 3049 atque
2483 2997 2676 3037 novum
2710 2986 3017 3044 mandatum
3058 2992 3273 3061 pertulit
3302 2995 3416 3065 ipse
3442 3014 3455 3050 :

2003 3070 2141 3131 Area
2167 3072 2343 3130 Patris
2368 3077 2601 3145 summi,
2633 3094 2729 3149 per
2753 3097 2911 3151 quem
2938 3084 3087 3140 dedit
3114 3089 3292 3143 omnia
3318 3090 3489 3147 dives.

2002 3163 2071 3218 Et
2099 3165 2248 3237 virga
2276 3169 2503 3239 styracis
2530 3168 2734 3227 fructus
2762 3174 2913 3230 nucis
2941 3176 3134 3233 adtulit
3156 3178 3272 3250 ipsa

1999 3257 2268 3333 (Virginis
2292 3258 2409 3315 haec
2431 3262 2637 3331 species
2658 3306 2673 3332 ,
2698 3267 2883 3335 genuit
2907 3284 3026 3339 quae
3054 3273 3317 3343 sanguine
3339 3275 3595 3349 corpus),

2002 3351 2302 3422 Conjuncta
2322 3353 2375 3409 in
2403 3353 2565 3425 ligno,
2594 3357 2803 3414 sedabit
2840 3361 3029 3417 mortis
3070 3370 3311 3421 amarum

2003 3445 2231 3502 Interius
2260 3448 2489 3506 fructum
2518 3451 2752 3520 dulcem,
2776 3455 2845 3511 de
2865 3456 3066 3528 Spiritu
3091 3470 3307 3530 sancto,

2004 3536 2154 3598 Sicut
2182 3542 2369 3599 Esaias
2395 3546 2595 3616 virgam
2626 3548 2693 3604 de
2713 3550 2919 3606 semine
2943 3550 3098 3610 Jesse

2002 3622 2257 3693 Prdadixit
2281 3636 2525 3711 Mariam,
2554 3639 2621 3698 de
2648 3627 2880 3713 quaJllos
2905 3645 3021 3701 exit
3042 3646 3095 3705 in
3125 3647 3335 3705 orbem.

1628 3795 2187 3864 COMMENTARIUS.

372 3932 448 4017 (ο)
493 3933 597 3989 Hic
624 3935 800 4019 Aaron
831 3945 905 3992 est
924 3924 1087 4019 virga,
1128 3948 1240 4019 ete._
1263 3941 1323 3998 In
1350 3959 1417 4003 eo
1458 3947 1602 4019 quod
1641 3948 1885 4008 additur:

303 4009 467 4083 crucis
491 4008 862 4083 quw‘germina
904 4015 1117 4083 profert,
1155 4014 1367 4071 videtur
1403 4008 1527 4074 esse
1569 4021 1890 4078 mendosum

299 4075 426 4132 illud
450 4075 651 4161 :‘ert't'c't's:
670 4094 687 4141 ;
711 4075 1114 4161 vocem'aut'em'
1137 4100 1365 4161 grzecani
1397 4075 1580 4161 καρύαι,⁷
1602 4075 1890 4158 quam—Nu—

300 4162 436 4236 liter.
470 4147 611 4203 XVII
640 4150 907 4218 interpres
928 4147 1188 4235 Vulgule
1210 4159 1375 4236 vertit
1395 4147 1698 4236 ex'licbrt'ng
1716 4147 1894 4236 mqu-

302 4219 425 4273 dula
455 4261 470 4285 ,
519 4233 705 4298 auctor
748 4225 963 4292 styracis
1016 4219 1170 4279 nuces
1218 4228 1616 4298 interpretatur.
1657 4233 1724 4289 Et
1766 4219 1894 4292 νὶίὶτο

296 4290 598 4374 communis
619 4302 701 4372 est
726 4290 827 4347 vos
860 4310 1033 4377 gra‘ca
1079 4298 1146 4377 ad
1200 4290 1521 4377 utrumque:
1566 4312 1752 4377 utpote
1789 4290 1895 4377 qua

295 4363 470 4446 onm_i_s
508 4364 721 4446 generis
751 4380 914 4446 nuces
954 4366 1241 4446 signiticet.
1272 4363 1423 4446 Quod
1453 4388 1598 4446 vero,
1622 4363 1892 4446 signiﬁca-

294 4433 372 4487 vit
401 4433 622 4518 illarum:
653 4435 902 4518 virginem
939 4433 1081 4518 viiiqa
1107 4433 1499 4518 AaronIhabes
1520 4445 1654 4499 infra
1669 4433 1801 4518 “cap.
1836 4449 1889 4504 7.

366 4503 449 4576 (b)
466 4505 636 4587 fitque
664 4503 815 4587 super
837 4503 1204 4587 Cbeyrbinper
1220 4503 1437 4587 [armant
1454 4527 1691 4587 quattuor
1716 4503 1890 4587 unam,

293 4575 399 4657 etc.
417 4575 616 4658 Alludit
633 4575 830 4662 partim
842 4579 906 4633 ad
925 4575 1199 4662 Cherubiin
1209 4575 1319 4662 duo
1335 4575 1706 4662 obutubrantia
1722 4575 1896 4662 propi-

295 4645 687 4729 tiatorium,‘de
714 4650 917 4729 quibus
944 4651 1114 4729 Error].
1157 4652 1323 4729 XXV,
1352 4658 1541 4725 partim
1570 4659 1635 4714 ad
1661 4645 1890 4729 qliatubr

292 4717 767 4798 aliimaliaﬁzcch.
792 4720 833 4783 I,
852 4736 972 4798 qua;
984 4721 1251 4798 Cberubim
1270 4717 1663 4798 nuneupantur,
1680 4717 1886 4790 'Ezech.

295 4788 366 4855 X,
387 4799 441 4845 et
461 4804 580 4859 quze
609 4799 796 4872 auctor
900 4792 933 4847 7
958 4793 1119 4862 infra,
1137 4788 1766 4872 _qu_atuor_Evangelistas
1813 4788 1888 4862 in;

292 4868 634 4944 terpretatur:
663 4860 1007 4917 Correximus
1036 4860 1258 4944 prcinde
1276 4882 1344 4924 ex
1373 4869 1457 4944 his
1485 4860 1778 4944 Scriptura».
1800 4860 1883 4931 lo-

293 4932 405 4987 cis:
429 4930 735 5008 I’anrlebant
761 4949 974 5008 pennas,
1009 4930 1145 5005 pro:
1178 4939 1385 5008 pinnas,
1408 4941 1565 4997 sicuti
1589 4930 1805 5000 r'ursus:
1833 4930 1883 5003 et

291 5002 522 5073 sagmina
532 5003 687 5086 jussu
712 5002 964 5088 tegebant,
989 5002 1305 5088 proijussa,
1321 5002 1641 5088 quamquam
1665 5002 1880 5077 interim

292 5088 396 5156 vos
420 5091 437 5128 :
463 5075 719 5145 sagmina,
751 5074 880 5156 quid
890 5074 1309 5156 sibi_velit,_non
1338 5074 1661 5156 intelligam,
1700 5074 1878 5156 neque

292 5145 438 5226 cnth
458 5157 583 5214 apta
605 5216 616 5226 .
638 5154 722 5226 est
742 5146 1061 5226 signiﬁcatio
1087 5150 1466 5226 verbenarum,
1490 5145 1625 5225 quas
1645 5145 1879 5226 sagmina

294 5217 572 5300 vocabant,
604 5216 657 5270 in
699 5216 997 5300 ipdicendis
1037 5220 1194 5278 bellis
1224 5233 1318 5278 aut
1361 5216 1871 5300 pace-usitatarum,

292 5286 357 5339 ad
384 5287 550 5341 latera
580 5287 954 5357 propitiatorii.

366 5356 436 5429 (ο)
473 5356 708 5412 Exterius
757 5358 940 5434 velunt,
973 5369 1079 5417 etc.
1129 5362 1404 5434 Accipitur
1448 5366 1669 5421 exterius
1693 5368 1877 5426 adver-

293 5427 521 5495 bialiter,
548 5443 646 5498 pro
688 5432 1019 5513 ἐξίτω-3311111
1058 5442 1235 5488 autem
1260 5427 1426 5513 'dicit,
1454 5438 1754 5513 totidemque
1794 5441 1875 5494 la-

291 5516 474 5566 rerme,
498 5508 703 5573 septem
736 5502 1002 5573 intelligit;
1047 5520 1167 5557 nam
1200 5516 1255 5561 et
1284 5502 1743 5562 candelabrum'bis
1775 5522 1875 5566 ter-

292 5571 369 5623 nis
418 5572 582 5624 ramis
613 5583 850 5648 constans
898 5571 1012 5627 cum
1057 5576 1221 5630 medio
1268 5576 1464 5632 calamo
1510 5583 1870 5648 septenarium

291 5641 527 5723 coniicit,
558 5640 701 5723 unde
732 5643 786 5696 lit
828 5653 883 5699 ut
908 5661 1029 5714 cap.
1059 5662 1173 5718 seq.
1211 5648 1280 5704 de
1326 5649 1510 5719 spiritu
1534 5640 1866 5723 séptemplict',

291 5711 655 5784 candelabrum
684 5711 1084 5784 interpretetur.

363 5779 519 5839 CAP.
534 5781 810 5855 fVl.‘—r(d)
826 5779 1060 5855 Foeda-is
1072 5789 1190 5843 hinc
1211 5796 1363 5846 etiam
1384 5791 1497 5846 novi
1518 5791 1872 5853 inenarrabilis

289 5865 488 5927 auctor,
505 5852 1051 5931 discipulus'lounnec,
1071 5871 1174 5919 etc.
1194 5860 1369 5928 Etiam
1387 5863 1471 5923 hic
1487 5863 1663 5922 eidem
1679 5852 1872 5925 Joanui

1995 3959 2265 4041 adscribit
2285 3971 2340 4019 et
2365 3963 2723 4041 Evangelium
2753 3968 2923 4041 (quod
2951 3972 3121 4041 {trdus
3168 3988 3353 4028 novum
3381 3990 3590 4032 nuncu-

1997 4031 2126 4110 pat)
2157 4044 2210 4088 ct
2237 4031 2597 4110 Apocalypsin
2625 4041 2643 4110 (
2669 4039 2736 4095 de
2760 4031 2867 4110 qua
2899 4031 3056 4097 latius
3082 4044 3173 4098 lib.
3207 4044 3274 4099 IV
3305 4046 3426 4101 adv.
3455 4031 3592 4103 Mar-

1997 4103 2138 4190 ciou.
2169 4118 2287 4176 cap.
2314 4103 2394 4177 5),
2444 4103 2794 4190 utpote'cum:
2815 4114 2942 4190 citet
2966 4114 3135 4190 Apoc.
3161 4132 3278 4190 cap.
3309 4117 3397 4173 Vl.
3433 4122 3588 4190 Atqui

1997 4172 2089 4253 hic
2121 4172 2725 4253 pericesuramiabsumi
2753 4183 2915 4251 debet
2965 4172 3120 4241 litera
3165 4172 3344 4242 ultima
3376 4172 3441 4243 in
3478 4172 3589 4246 dic—

1999 4245 2145 4301 tione
2183 4245 2660 4331 discipulus,:juxta
2693 4246 2899 4312 morem
2935 4257 3245 4316 Christianis
3290 4245 3497 4331 poetis,
3535 4274 3590 4318 ct

1998 4326 2204 4389 auctori
2230 4334 2395 4389 supra
2421 4326 2698 4382 usitatum.

2070 4386 2151 4465 (e)_
2177 4386 2395 4465 Abrahae
2422 4394 2565 4465 sinus
2584 4397 2680 4451 iste
2706 4408 2934 4465 vocatur,
2959 4410 3066 4457 etc.
3097 4402 3172 4457 De
3200 4401 3301 4458 hoc
3339 4405 3459 4459 vide
3498 4419 3587 4459 sn-

1998 4472 2111 4543 pra,
2137 4461 2175 4514 l.
2205 4460 2272 4543 IV
2292 4462 2633 4543 adp-Marc”
2660 4483 2709 4543 ο.
2755 4470 2843 4525 54.
2875 4460 2993 4543 llic,
3050 4485 3404 4543 prmtcrqunttt
3444 4477 3584 4543 quod

1997 4529 2156 4584 etiam
2181 4534 2347 4588 sinum
2365 4529 2690 4621 Abrabwab
2711 4542 2911 4621 inferni
2936 4529 3170 4621 fimébris
3200 4555 3244 4597 ct
3265 4529 3399 4615 ligne
3438 4529 3587 4615 (euge

1998 4611 2257 4682 tentarunt
2274 4605 2479 4682 sc_ribit,
2508 4608 2662 4663 sicuti
2711 4605 2804 4674 ibi,
2847 4611 3036 4667 addit:
3079 4613 3170 4667 sub
3218 4605 3579 4682 tet-Fastorum],

1994 4679 2049 4753 e_t
2081 4674 2247 4755 magis
2275 4674 2344 4731 ad
2371 4691 2710 4755 communem
2730 4682 2939 4737 accedit
2968 4684 3337 4755 theologorum
3366 4674 3584 4741 senten;

1995 4742 2121 4829 tiam
2157 4742 2209 4829 iii
2234 4760 2302 4801 eo
2336 4749 2477 4829 quod
2535 4750 2697 4829 habet
2715 4770 2739 4829 _:
2774 4770 2925 4823 passo
2970 4742 3229 4829 Domitio,
3273 4773 3338 4829 ea:
3385 4757 3581 4829 duplici

1992 4814 2142 4869 domo
2169 4814 2391 4901 (nempe
2413 4821 2530 4875 sinu
2563 4814 2806 4892 Abralué,
2858 4836 2906 4881 et
2949 4837 3140 4883 (eterna
3177 4814 3359 4899 gloria)
3391 4814 3580 4901 factum

1988 4899 2096 4941 esse
2121 4903 2275 4943 unam
2296 4890 2504 4945 domum
2526 4890 2813 4963 perennem,
2848 4912 2973 4952 cum

2108 4995 2349 5051 Ctelestes
2367 5011 2574 5065 patuere
2594 5004 2769 5070 plagas,
2793 5007 3068 5073 ablataque
3089 5016 3272 5062 sancta.

1981 5107 2144 5182 Atqui
2195 5108 2362 5182 adeo,
2414 5112 2872 5182 curuiscriberet,
2923 5115 3157 5171 nondum
3209 5117 3263 5172 in
3333 5133 3575 5176 errorem

1980 5178 2404 5239 milleuariorum
2430 5180 2711 5253 inciderat,
2742 5184 2811 5241 de
2857 5178 2966 5259 quo
3001 5187 3157 5247 latius
3205 5189 3345 5247 inter
3395 5192 3573 5261 prole—

1979 5263 2231 5319 gomcna.

2048 5320 2206 5378 CAP.
2243 5323 2350 5378 VII.
2377 5354 2449 5366 --
2471 5323 2538 5399 (ι’)
2567 5325 2790 5384 Interius
2810 5330 3075 5402 templum,
3100 5340 3206 5390 etc.
3237 5332 3369 5388 Illud
3403 5348 3532 5389 vero
3556 5350 3569 5387 :

2116 5455 2352 5510 Personae
2367 5459 2450 5509 hic
2470 5463 2677 5525 propria:
2697 5477 2838 5526 vere,
2861 5478 2961 5518 non
2984 5466 3153 5517 umbra
3179 5466 3375 5532 ligatur,

1974 5584 2284 5662 parenthesi
2299 5586 2630 5662 inclusimus,
2642 5605 2961 5662 quamquam
2979 5591 3149 5647 adhuc
3178 5594 3489 5651 mendosum
3505 5598 3574 5652 sit

1975 5667 2028 5711 et
2047 5656 2309 5736 mutilum.
2325 5659 2482 5736 Atqui
2503 5656 2852 5731 ciistigamus':
2871 5663 3033 5717 Aeria:
3053 5666 3227 5733 pelles,
3254 5681 3351 5736 pro
3367 5683 3384 5720 :
3400 5669 3572 5731 Aeria,-

1975 5742 2096 5782 nam
2119 5727 2349 5811 explicat
2368 5727 2524 5811 pelles
2558 5727 2828 5818 agnorunt,
2855 5735 3034 5803 quibus
3053 5727 3062 5733 ⁷
3084 5737 3201 5818 coeli
3220 5727 3406 5818 colore
3446 5727 3573 5818 prcit

1974 5807 2199 5878 contecta
2226 5800 2344 5870 fuit,
2378 5801 2453 5857 uti
2481 5800 2660 5878 caput.
2692 5805 2726 5860 5
2759 5800 2959 5878 dictum
3013 5815 3114 5860 est.
3158 5807 3294 5878 Qum
3335 5805 3569 5878 denique

1973 5870 2040 5931 de
2058 5886 2189 5930 urna
2213 5888 2413 5932 utamur
2439 5870 2737 5950 subiungit,
2768 5876 2927 5951 paulo
2956 5870 3269 5937 obscuriora
3300 5887 3442 5936 sunt.
