4006 6280
363 235 508 299 tos-5
1751 236 2222 327 TERTDLLtAhfl
2500 228 2507 231 '
3524 241 3668 327 test

360 353 472 411 Ara
501 356 677 412 nitens
713 370 845 414 auro
875 354 1069 413 coelum
1096 354 1336 413 declarat
1367 353 1418 410 in
1451 354 1579 421 alto,
1984 355 2036 415 A
2064 354 2263 424 Spiritu
2295 352 2525 410 conﬂato
2553 351 2892 411 credentibus
2933 369 3054 413 esse
3088 356 3305 432 tributa.

363 449 485 518 Quo
499 459 700 517 sanctae
726 450 942 509 subiere
972 464 1181 520 preces,
1210 450 1326 505 sine
1349 448 1575 511 crimine
1602 447 1780 504 missre
1808 464 1822 502 :
2064 446 2194 515 Quae
2223 447 2392 517 pietas
2425 447 2630 503 Domini
2664 447 2677 502 Ξ
2707 448 2825 520 quis
2859 458 3062 504 tantum
3092 430 3271 507 dicere
3302 449 3469 529 possit
3499 491 3514 516 ,

362 539 515 623 lianc
540 557 685 597 aram
716 542 973 599 Dominus
994 541 1146 607 dixit,
1181 557 1284 613 qua
1306 556 1527 599 munera
1553 542 1598 597 si
1625 540 1745 613 quis
2063 540 2202 596 Ante
2219 541 2500 608 tribunale,
2521 532 3041 627 ante,pavimentum_
3071 560 3191 627 qua:
3212 544 3301 618 ‘(l)
3347 545 3561 621 paravit

362 618 552 704 Olfert,
576 645 634 691 ut
659 636 892 709 primum
924 651 1111 707 pacem
1138 651 1260 692 cum
1287 636 1450 692 fratre
1471 644 1748 702 retractet,
2062 630 2134 689 Ut
2159 631 2271 686 fora
2300 632 2665 705 iudiciumque
2688 630 2793 690 sibi
2818 618 3403 711 aliticipare'volcntes,
3544 632 3556 636 ’

363 731 454 788 Sic
473 730 687 787 demum
717 730 946 805 flagrare
969 745 1155 802 preces
1179 730 1246 786 ad
1272 730 1451 787 sidera
1481 740 1726 801 possunt.
2064 723 2133 780 Et
2162 724 2428 796 fugerent,
2461 733 2604 781 esset
2627 714 2938 807 "properanti
2962 727 3114 799 cepia
3143 726 3286 791 lata!
3394 720 3401 729 ’

364 822 479 879 Ινιοο
497 822 764 893 Christus,
796 824 968 887 victor
992 823 1142 903 solus
1172 822 1479 893 primusque
1499 821 1773 889 sacerdos,
2668 808 2897 874 CAPUT
2935 814 3068 874 VIII.

363 914 568 973 Obtulit
595 916 894 980 incensum,
925 915 1174 988 precibus
1198 929 1306 970 non
1329 912 1523 970 arbore
1555 922 1757 971 natum.
2137 908 2226 965 Sic
2253 909 2414 987 igitur
2441 910 2553 966 Lex
2583 919 2636 966 ct
2662 911 2781 966 miri
2812 912 3056 969 cecinere
3078 912 3375 989 prophetae,

363 1007 498 1066 Nam
525 1007 795 1067 Cherubin
825 1024 946 1066 cum
967 1009 1037 1065 sit
1059 1007 1143 1067 bis
1170 1007 1310 1063 binis
1335 1006 1571 1063 vultibus
1592 1024 1779 1077 unum,
1963 1050 1973 1061 .
2063 1003 2253 1060 Omnia
2281 1006 2357 1061 sic
2388 1005 2674 1077 conjuncta
2702 1007 2903 1079 vigent,
2932 1010 3239 1080 veterisque
3266 1009 3497 1081 novique

369 1100 469 1159 Est
503 1117 665 1157 unum
693 1101 941 1169 verbum,
972 1115 1069 1173 per
1090 1108 1341 1172 quattuor
1360 1100 1551 1158 ordine
1572 1101 1814 1171 ductum,
2064 1097 2329 1167 Foederis,
2359 1099 2444 1154 illa
2474 1114 2625 1155 sacra
2655 1109 2708 1154 et
2729 1100 3011 1156 verborum
3041 1102 3294 1158 immania
3323 1096 3483 1175 dicta.

366 1194 445 1249 De
480 1194 638 1250 Patre
666 1208 784 1264 quae
811 1192 1056 1249 Christus
1082 1193 1392 1264 plenissima
1420 1193 1639 1265 pertulit
1669 1195 1783 1265 ipse
2064 1190 2154 1246 Sic
2174 1200 2229 1246 et
2247 1190 2554 1260 apostolicae
2579 1205 2736 1247 voces
2766 1199 3028 1248 testantur
3056 1196 3271 1266 ubique,
3452 1190 3459 1196 ’

364 1288 611 1346 Mandata
636 1296 847 1358 sperata
872 1288 1018 1356 novi,
1049 1287 1241 1343 solatia
1269 1288 1413 1344 vita).
2064 1282 2181 1340 Nec
2206 1284 2494 1356 quidquam
2522 1284 2724 1341 veteris
2747 1300 2854 1341 non
2885 1296 2966 1343 est
2994 1302 3134 1345 novo
3154 1287 3666 1363 deniquejunctum.

364 1383 466 1438 Ast
489 1389 675 1453 quater
690 1381 787 1438 alie
810 1380 1027 1455 sexta),
1055 1380 1252 1438 veteris
1280 1381 1547 1452 prmconia
1572 1382 1738 1450 verbi,
2066 1376 2153 1433 Sic
2183 1385 2386 1447 errant,
2410 1386 2466 1434 et
2492 1377 2755 1434 dictorum
2784 1379 2860 1434 sic
2887 1378 3024 1440 facta
3047 1389 3376 1453 retorquent,
3536 1370 3541 1377 ’

367 1476 733 1533 Testiﬁcamis
758 1492 822 1532 ca
849 1492 968 1549 qua:
988 1485 1174 1546 postea
1200 1476 1339 1532 facta
1365 1476 1664 1543 docemur;
2067 1471 2168 1540 Qui
2196 1471 2353 1528 falsas
2384 1472 2588 1527 ﬁnxere
2618 1473 2730 1554 vias
2754 1489 2769 1540 ;
2800 1472 3190 1545 Dominumque
3218 1475 3497 1548 Deumque

368 1570 465 1627 llis
490 1571 592 1626 alis
620 1570 846 1627 volitant
866 1570 1106 1627 coelestia
1137 1570 1300 1627 verba
1328 1585 1424 1641 per
1443 1570 1627 1627 orbem
1653 1587 1668 1637 ;
2069 1565 2351 1624 Eternum
2377 1581 2585 1637 regem,
2605 1567 2695 1638 qui
2721 1574 2926 1635 tantum
2954 1566 3175 1641 protulit
3203 1566 3413 1635 orbem,

368 1665 463 1721 llis
487 1665 648 1721 etiam
674 1660 873 1721 Christi
904 1665 1120 1736 sanguis
1146 1672 1426 1721 contextus
1448 1664 1695 1735 habetur,
2071 1660 2379 1716 Detractant
2404 1677 2418 1726 ;
2442 1659 2587 1715 aliud
2608 1670 2857 1731 qumrunt
2885 1660 2984 1717 sub
3014 1661 3230 1716 nomine
3255 1661 3378 1737 ficto
3409 1679 3426 1730 ;

366 1756 622 1813 Obscura:
649 1764 828 1813 vatum
858 1768 1103 1828 praesago
1128 1754 1305 1813 dictus
1330 1755 1399 1811 ab
1426 1770 1540 1812 ore.
1993 1757 2043 1817 Β
2072 1754 2336 1809 Mentibus
2378 1754 2571 1821 orbati,
2598 1769 2730 1826 quas
2755 1756 2985 1811 amisere
3017 1755 3286 1822 furentes;

366 1849 584 1906 Alarum
614 1850 867 1905 numerus
892 1848 1106 1920 antiqua
1132 1848 1403 1904 volumina
1433 1848 1650 1921 signat,
2072 1848 2365 1904 Externum
2392 1848 2493 1918 legi
2521 1848 2791 1903 Christum
2824 1847 3094 1904 afﬁrmare
3115 1850 3378 1915 volentes,

369 1941 506 1999 Esse
527 1941 658 1997 satis
685 1949 830 1997 certa
859 1940 1044 2012 viginti
1069 1948 1320 2012 quattuor
1348 1940 1470 2007 ista,
2073 1940 2183 1997 Nec
2203 1940 2383 1996 mundi
2419 1924 2724 2011 Dom'inum,
2753 1940 2929 1995 carnis
2959 1955 3134 2012 neque
3162 1942 3299 1997 velle
3327 1940 3556 2015 salutem
3581 1983 3599 2013 ,

367 2036 497 2106 Quae
526 2035 737 2091 Domini
767 2036 1014 2092 cecinere
1039 2034 1153 2097 vias
1176 2043 1229 2091 et
1257 2042 1500 2107 tempora
1525 2035 1691 2108 pacis.
2071 2033 2182 2090 Nec
2209 2033 2406 2089 virtute
2434 2032 2628 2100 Patris,
2664 2032 2917 2090 factorem
2945 2036 3189 2105 corporis
3219 2028 3392 2107 ipsum
3423 2052 3440 2102 ;

367 2130 498 2187 llaec
522 2128 809 2205 cohazrerg
823 2143 967 2186 novo
993 2144 1112 2185 cum
1135 2127 1335 2187 foedere
1361 2139 1553 2185 cuncta
1577 2129 1859 2188 videmus:
1907 2183 1937 2207 ,
2071 2131 2219 2199 Quos
2244 2129 2504 2185 obturatis
2526 2128 2835 2201 fugiendum
2864 2137 2949 2184 est
2974 2129 3193 2186 auribus
3216 2130 3379 2200 ultro,

369 2222 461 2279 Sic
483 2236 694 2293 quoque
713 2221 971 2289 Joannes,
1000 2223 1078 2279 sic
1105 2221 1288 2293 pandit
1310 2222 1530 2293 spiritus
1551 2220 1625 2278 illi
1769 2220 1773 2224 ’
2072 2223 2150 2279 Ne
2175 2236 2423 2279 sermone
2447 2236 2548 2277 suo
2571 2221 2839 2276 maculent
2862 2221 3077 2277 innoxia
3104 2222 3289 2278 corda.

369 2313 475 2371 Tot
498 2328 724 2370 numero
745 2313 881 2371 solio
909 2314 1213 2371 senioribus
1242 2314 1463 2385 insuper
1490 2315 1647 2380 albis,
2070 2315 2180 2371 Nos
2201 2315 2380 2385 igitur,
2412 2328 2548 2384 quos
2569 2306 2837 2369 tanta'Dei
2868 2300 3104 2391 perfudit
3130 2314 3411 2381 honestas,

368 2409 548 2480 Atque
571 2406 843 2464 coronatis
870 2406 1248 2480 cohibentibus
1273 2395 1656 2475 omnia'mitra,
2073 2408 2321 2478 Vcraque
2349 2405 2585 2462 doctoris
2607 2404 2845 2462 ccelestia
2876 2407 3038 2462 verba
3077 2401 3322 2479 magistri

369 2478 666 2557 Adrsolium
703 2500 950 2567 Domini,
978 2478 1206 2556 vitreum
1233 2509 1287 2556 et
1316 2514 1486 2568 mare,
1519 2508 1664 2556 stare
1692 2498 1792 2557 sub
1820 2500 1966 2575 igne,
2070 2499 2359 2556 lnstituere
2384 2498 2559 2565 bonis,
2588 2507 2732 2553 recta
2757 2506 2811 2554 et
2836 2478 3189 2555 monumenta
3212 2499 3433 2569 dedere,

369 2594 634 2663 Quattuor
660 2595 859 2665 aligera
885 2602 1047 2666 atque
1076 2593 1245 2649 oculis
1269 2590 1523 2649 animalia
1553 2587 1711 2665 plena
1960 2590 1963 2593 “
2074 2593 2297 2663 Semper
2322 2593 2647 2645 honoremus
2678 2589 2980 2656 Dominum,
3014 2590 3130 2647 sine
3156 2591 3261 2649 line
3288 2606 3570 2664 canamus,

370 2686 518 2743 Intus
536 2695 592 2743 et
617 2687 873 2753 exterius,
901 2702 1022 2758 quae
1045 2697 1168 2742 sunt
1189 2702 1383 2743 arcana
1414 2694 1614 2756 patere,
1643 2714 1652 2718 -
2069 2684 2645 2771 Gaudentes‘puraque
2668 2682 2773 2737 fide
2799 2691 3057 2771 certaque
3082 2684 3256 2742 salute
3500 2682 3515 2761 ξ

371 2778 651 2849 Signiﬁcat
674 2779 843 2837 verbo
871 2779 1031 2836 simul
1055 2780 1234 2837 omnia
1257 2779 1437 2837 clausa
1461 2780 1634 2837 videri
1660 2797 1677 2849 ;
2073 2777 2215 2849 (Nati
2247 2764 2508 2833 veroDeo
2534 2766 2807 2831 nutrimur'
2818 2788 2953 2845 pane
2976 2773 3220 2847 perenni)

370 2871 508 2929 Nam
539 2872 764 2930 vitreum
793 2873 1024 2931 ﬂammas
1049 2873 1275 2932 mixtum
1303 2889 1471 2943 mare,
1499 2873 1641 2931 dona
1666 2872 1875 2931 lavacri
1999 2864 2045 2929 C
2079 2871 2359 2931 1Eternam
2386 2877 2499 2928 toto
2527 2879 2806 2943 sperantes
2835 2876 3053 2941 pectore
3078 2867 3264 2951 vitam.

1574 2983 1962 3069 LECTIONES
2004 2981 2418 3042 VARIANTES.

370 3121 375 3126 .
436 3076 457 3141 (
466 3076 509 3141 t)
525 3076 972 3142 Pavimentumque
987 3076 1151 3130 Obert.
1177 3073 1343 3130 Paris.
1634 3074 1637 3075 ⁷

1729 3162 2296 3231 COMMENTARIUS.

448 3255 652 3331 (a)__Ast
684 3266 861 3331 quater
884 3256 984 3331 ala:
1027 3272 1135 3321 sex,
1175 3267 1278 3312 etc.
1333 3257 1543 3331 Rursus
1563 3257 1649 3313 hic
1679 3271 1832 3312 more
1860 3273 1960 3331 suo
2069 3265 2177 3331 tem
2200 3256 2468 3331 subnectit
2492 3272 2505 3310 :
2533 3255 2733 3331 clarum
2762 3270 3019 3331 numerus,
3045 3263 3177 3331 et_c.,
3210 3253 3445 3331 adludet_
3483 3254 3551 3331 ad
3593 3271 3690 3331 ye-

372 3312 638 3402 ex‘trihus
680 3312 835 3395 iocis,
868 3329 1006 3402 sicut
1034 3312 1195 3396 supra
1225 3344 1345 3399 cap.
1376 3331 1418 3402 5_
1452 3326 1550 3402 (uti
1580 3312 1752 3402 ipsius
1766 3330 1964 3402 verbis
2070 3312 2559 3385 terisTestamenli
2589 3326 2860 3402 volumina
2919 3312 3102 3402 viginti
3150 3312 3380 3402 quatuor
3418 3312 3686 3387 Ahebrai'ca

372 3397 619 3471 loquar),
648 3400 960 3457 centenario
1002 3416 1151 3473 more
1171 3397 1350 3473 Annam
1396 3397 1521 3473 [vicit
1542 3419 1559 3473 7:
1594 3397 1714 3473 nam
1728 3399 1872 3473 illud
1900 3400 1966 3455 de
2077 3408 2133 3455 et
2156 3414 2325 3473 graeca
2352 3414 2565 3472 quoque
2591 3400 2886 3455 litterarum
2915 3397 3199 3455 elementa.

373 3481 551 3544 quater
570 3470 668 3526 sea:
691 3473 789 3527 alis
812 3473 926 3527 sive
949 3471 1137 3543 pennis
1168 3470 1362 3542 legitur
1391 3470 1592 3543 Ezech.
1624 3472 1665 3527 l.
1714 3471 1850 3527 Cum
1874 3486 1972 3526 au-

410 3593 535 3612 ι--ι

537 3582 3672 3614 ww

1394 3633 1882 3744 LIBER
1949 3630 2685 3785 QUINTUS.
2767 3650 2771 3655 ν

960 3827 1141 3925 ’ΒΕ
1197 3836 1592 3926 VARIIS
1647 3832 2305 3941 MARCIONIS
2351 3832 3058 3943 HERESIBUS.

996 3962 1003 3967 η
1462 3950 1471 3957 λ
1686 3944 2317 4035 "ARGUMENTUM.
2486 3946 2493 3951 ‘

1462 3950 1471 3957 λ
1686 3944 2317 4035 "ARGUMENTUM.
2486 3946 2493 3951 ‘
2824 3946 2826 3949 ·

1217 4055 1335 4121 Hic
1367 4055 1634 4135 quintus
1664 4046 1872 4123 nexus
1916 4052 2247 4132 nodosque
2277 4052 2565 4128 resolvit,

866 4238 867 4241 η
1220 4157 1294 4218 In
1325 4160 1593 4241 planum
1624 4157 1796 4219 mala
1839 4154 2165 4218 convolvit
2196 4172 2621 4235 quacumque
2655 4153 2960 4218 latebant.

385 4263 649 4325 Tractat
678 4262 840 4326 enim
854 4279 1013 4344 pene
1044 4250 1247 4321 omnes
1270 4240 1625 4322 Marcionis
1656 4257 1927 4335 (itereses,
1963 4264 2019 4320 et
2045 4255 2127 4318 ad
2154 4265 2522 4337 argumenta
2550 4258 2684 4338 ejus
2701 4258 2925 4338 paucis
2953 4256 3284 4339 respondet
3312 4277 3332 4319 :
3367 4273 3490 4339 quo
3521 4257 3592 4337 ﬁt
3621 4264 3698 4317 ut

1192 4361 1382 4443 titulo
1415 4359 1823 4441 adjecerimus
1853 4381 1874 4421 :
1904 4381 1989 4423 DE
2013 4378 2225 4425 VARUS
2260 4379 2410 4422 EJUS
2470 4354 2869 4424 HEBESIBUS‘.

898 4464 1124 4523 CAPUT
1164 4463 1452 4526 PRIMUM.
2007 4466 2063 4545 13
2090 4464 2235 4539 Quos
2263 4477 2489 4519 numero
2530 4463 2611 4520 bis
2640 4478 2731 4520 sex
2760 4464 2825 4521 de
2846 4464 3052 4521 cunctis
3072 4505 3088 4531 ,
3131 4463 3349 4522 Christe
3371 4506 3388 4533 ,
3428 4462 3651 4535 legebas
3682 4483 3697 4531 ;

646 4606 677 4633 ,
1422 4548 1426 4552 ’
2092 4555 2352 4628 Maiorum
2384 4566 2508 4611 natu
2538 4572 2663 4612 cum
2687 4559 2904 4613 nomine
2933 4567 3174 4630 tempora
3198 4558 3352 4615 lustri

384 4633 427 4705 εχ
455 4653 669 4711 Primus
705 4657 824 4708 erat
871 4648 942 4723 (b)
968 4647 1211 4704 referens
1240 4644 1440 4701 inimici
1467 4661 1533 4702 ex
1562 4646 1751 4705 ordine
1777 4647 1946 4707 verba
1967 4691 1983 4720 ,
2092 4648 2357 4722 Tempora
2386 4649 2608 4716 servati,
2660 4649 2884 4720 sceleris
2905 4650 2991 4705 cui
3023 4649 3201 4723 paruit
3222 4663 3411 4710 auctor

386 4745 517 4815 Quae
544 4742 730 4813 refuga
760 4739 943 4797 illicite
972 4738 1188 4793 molitus
1208 4736 1430 4825 protulit
1449 4753 1635 4795 amens
1666 4757 1682 4809 ;
1741 4798 1764 4817 ,
2091 4743 2330 4815 Ignotus,
2360 4741 2475 4798 sine
2501 4741 2640 4813 lege,
2666 4756 2854 4812 vagus,
2886 4757 3007 4798 cum
3037 4742 3195 4817 prole
3216 4744 3459 4803 relictus.

389 4837 526 4894 llinc
550 4834 715 4891 etiam
742 4829 921 4888 carnis
945 4843 1068 4909 Spes
1095 4836 1150 4883 et
1176 4827 1398 4884 victoria
1425 4829 1648 4898 Christi,
2077 4836 2325 4904 Quartus
2351 4842 2404 4890 et
2433 4834 2548 4904 ipse
2581 4832 2746 4891 refert
2769 4834 2998 4891 obscura
3026 4836 3234 4907 piacula
3264 4837 3399 4908 legis

387 4928 459 4985 Et
481 4928 691 4998 species
715 4921 949 4997 breviter
979 4919 1232 4975 falsarum
1264 4919 1407 4975 dicta
1438 4920 1664 4979 viarum.
2093 4928 2231 4986 Esse
2261 4937 2443 5002 typum
2476 4928 2695 4993 veteris,
2725 4943 2843 5000 qum
2872 4929 3045 4999 paruit
3072 4927 3244 5004 hostia
3267 4945 3414 5001 vere,

390 5022 519 5078 inde
544 5031 774 5089 sequens
796 5013 1078 5085 eonjuncta
1105 5012 1261 5069 docet
1287 5016 1540 5087 mysteria
1565 5019 1718 5090 legis,
2092 5019 2410 5078 Jamdudum
2440 5031 2716 5092 expectata
2746 5021 2845 5092 piis
2872 5036 2997 5077 cum
3024 5022 3228 5081 semine
3256 5034 3465 5083 sancto.

391 5115 555 5186 Inque
582 5126 721 5166 novo
752 5107 891 5163 Deus
914 5124 1031 5178 qua:
1064 5105 1267 5163 {cedere
1295 5107 1513 5164 tradidit
1547 5126 1701 5168 unus.
2097 5112 2195 5170 Hic
2221 5111 2440 5184 quintus
2463 5113 2662 5169 multos
2683 5127 2855 5169 nexus
2877 5098 3152 5185 nodosque
3177 5115 3398 5171 resolvit
3422 5133 3469 5182 ;,

391 5204 605 5262 Tertius
633 5202 859 5272 ingenua
886 5211 1095 5271 gentem
1136 5201 1203 5259 de
1233 5208 1403 5257 matre
1429 5210 1686 5271 creatam,
2096 5204 2155 5262 ln
2185 5207 2399 5277 planum
2424 5206 2566 5260 mala
2588 5205 2860 5261 convolvit
2893 5221 3244 5277 quincumque
3272 5207 3511 5265 latebant
3540 5224 3557 5273 ;

398 5295 611 5354 Vatibus
633 5301 689 5351 et
711 5293 955 5365 patribus
990 5306 1229 5355 sacratos
1256 5312 1378 5354 esse
1406 5296 1700 5362 ministros,
2100 5303 2427 5372 Argumenta
2456 5299 2698 5369 trahens,
2726 5299 2821 5356 sed
2852 5316 2958 5356 non
2983 5300 3100 5357 sine
3126 5308 3263 5373 teste
3295 5301 3585 5373 propheta.

1740 5388 2317 5450 COMMENTARIUS.
3083 5390 3088 5395 ’

473 5479 628 5558 CAP.
657 5479 701 5535 1.
728 5477 889 5551 —-—(h)
921 5478 1123 5558 Primus
1145 5491 1253 5558 erat
1282 5483 1529 5558 referens,
1558 5496 1664 5543 etc.
1688 5486 1747 5542 Μ
1752 5483 2009 5558 arcion_em
2115 5487 2391 5558 tixis,itum
2419 5485 2521 5541 hoc
2540 5487 2692 5542 loco:
2718 5485 2883 5557 Inque
2906 5503 3032 5543 novo
3064 5485 3331 5558 Deuswqua:
3358 5487 3569 5558 ledere,
3595 5498 3711 5548 etc.

402 5556 638 5632 refugiat:
664 5568 770 5632 non
786 5552 954 5632 semel
974 5552 1057 5607 his
1075 5552 1484 5632 librisappellat,
1502 5552 1640 5632 quod
1660 5575 1688 5613 a
1711 5557 1816 5612 fide
1836 5553 2011 5632 cathu-
2116 5575 2215 5632 pro
2241 5557 2404 5621 Divis,
2429 5566 2481 5632 et
2503 5559 2707 5632 piacula
2725 5552 2867 5630 legis,
2890 5574 2979 5628 pro
3006 5559 3159 5632 regis.
3181 5552 3536 5632 Optassemus
3547 5562 3715 5618 etiam

408 5622 510 5701 lica
526 5622 850 5701 desciverit,
893 5622 1343 5701 quenmdmodnm
1361 5622 1716 5701 latius—videre
1732 5635 1817 5701 est
1836 5624 2017 5701 lihLde
2119 5622 2228 5685 MS.
2253 5622 2575 5701 exemplaria
2599 5629 2663 5685 ad
2680 5622 3169 5701 recognoscendum
3187 5622 3330 5699 quod
3355 5629 3439 5683 hic
3460 5629 3621 5688 affert

417 5691 718 5771 Prwscript.
742 5691 939 5771 adacta.
959 5694 1222 5771 luet-.‘cap.
1242 5697 1334 5752 50.
1357 5704 1411 5752 et
1429 5697 1526 5771 lib.
1550 5699 1701 5771 lado.
1722 5696 1897 5771 ﬂare.
1918 5694 2021 5748 Ca-
2122 5701 2249 5771 libro
2267 5691 2441 5764 tertio';
2465 5702 2604 5769 quod
2630 5699 2762 5755 adeo
2783 5691 2902 5755 cum
2926 5691 3217 5755 obscurum
3233 5702 3400 5771 esset,
3438 5711 3491 5771 et
3515 5691 3711 5771 [or-tace

421 5766 736 5842 sngavimus
750 5769 927 5823 autem
948 5773 1055 5821 tum
1080 5766 1130 5823 in
1146 5763 1706 5840 :{rgumennssingutis
1719 5765 1868 5825 libris
1882 5774 2033 5834 pro»
2124 5768 2201 5828 sia
2227 5763 2571 5841 corruptum,
2599 5781 2913 5841 argumento
2941 5782 3097 5844 supra
3117 5782 3221 5828 non
3251 5763 3494 5839 adiunxi.
3548 5763 3553 5767 ’
3584 5763 3593 5771 ’
3646 5776 3657 5797 ³
