4006 6280
305 286 448 347 1085

305 400 374 459 Ει
396 397 640 472 quamvis
662 399 844 457 hostes
869 399 1060 457 muniti
1091 399 1317 457 fortibus
1339 400 1504 457 armis
1530 398 1604 475 (α)

306 495 597 551 Vincamus
623 511 638 562 ;
669 502 849 550 tamen
881 494 1105 564 inlicita,
1138 496 1362 566 polluta,
1396 495 1647 565 nefanda,

308 586 705 645 Commaculata
728 588 911 657 simul,
941 589 1019 645 sic
1039 589 1255 646 miscuit
1280 590 1459 645 omnia
1491 605 1736 662 serpens,

307 679 588 737 Cmcorum
621 680 738 735 sine
759 679 877 736 luce
902 681 1075 749 viam,
1109 681 1413 736 cantamine
1441 694 1667 749 vocem;

310 770 401 838 Ut,
427 771 552 826 dum
583 770 839 828 factorem
869 772 1053 827 mundi
1081 772 1455 828 contendimus
1481 774 1655 844 ipsum

310 864 450 922 Esse
479 864 645 919 Deum
676 864 870 931 solum,
899 872 1080 919 vatum
1113 879 1327 935 quoque
1353 879 1483 922 voce
1512 867 1770 935 locutum,

310 957 665 1030 Ignotumque
691 956 856 1011 alium
883 970 1205 1029 quemquam
1239 972 1344 1013 non
1376 972 1497 1015 esse
1520 960 1833 1029 probamus;

313 1050 416 1107 Vix
442 1050 696 1106 mundum
726 1050 963 1121 linguam
989 1051 1257 1106 sermonis
1287 1051 1443 1122 culpa
1475 1061 1740 1121 reservet,

315 1142 622 1214 Complexu
652 1141 1006 1198 vario‘notum
1033 1142 1161 1197 dum
1179 1141 1337 1199 laude
1365 1151 1655 1215 sequentes

316 1236 715 1308 Culpamusque
745 1237 877 1291 alias
902 1236 1065 1307 ignoti
1097 1246 1341 1308 tempora
1369 1250 1522 1303 sera;

324 1329 431 1386 Sed
453 1338 650 1401 cogunt
676 1344 774 1384 nos
797 1330 959 1384 multa
987 1329 1095 1386 doli
1124 1330 1311 1385 caelata
1342 1345 1569 1398 venena,

322 1422 561 1496 Ancipiti
583 1436 903 1495 quamquam
937 1437 1058 1478 eum
1085 1422 1333 1487 crimine,
1364 1422 1601 1494 pandere
1622 1422 1804 1480 verba.

930 1514 1166 1572 CAPUT
1231 1515 1297 1570 Il.

387 1609 647 1678 Quisnam
678 1623 806 1681 ergo
826 1608 968 1664 Deus
1000 1608 1022 1661 ?
1052 1622 1212 1679 quem
1240 1622 1425 1663 verum
1448 1607 1623 1663 dicitis
1649 1623 1771 1666 esse

318 1703 563 1775 lgnotum
587 1701 822 1773 populis,
845 1701 1078 1757 alienum
1111 1696 1342 1773 denique
1370 1701 1572 1759 mundo
1598 1704 1622 1758 ?

319 1795 478 1853 Hunc
498 1810 657 1867 quem
689 1809 848 1850 nemo
874 1795 1020 1866 prius
1052 1805 1230 1863 norat,
1261 1794 1349 1851 hic
1370 1796 1516 1852 venit
1541 1798 1606 1853 ab
1633 1797 1785 1855 alto?

318 1888 381 1945 Si
409 1903 528 1956 sua,
557 1903 654 1944 cur
685 1898 794 1943 tam
828 1880 946 1944 sc‘ra
971 1888 1145 1957 petit?
1172 1886 1218 1943 si
1246 1903 1354 1943 non
1376 1903 1493 1973 sua,
1517 1882 1707 1961 quare»

318 1980 393 2037 Ut
413 1980 597 2052 praedo
627 1981 785 2051 rapit,
810 1989 863 2037 et
892 1980 1145 2051 pepulum
1167 1980 1266 2036 sub
1295 1981 1411 2054 lege
1438 1992 1738 2039 morantem
1800 1979 1808 1988 ’

319 2062 527 2146 Ignotis
556 2072 755 2130 totiens
780 2088 877 2144 per
901 2072 1072 2145 legem
1105 2073 1326 2139 vocibus
1354 2073 1577 2147 opplet?

320 2165 380 2224 Si
408 2165 656 2222 misereri
685 2166 849 2221 etiam
874 2166 1022 2221 venit
1043 2176 1098 2222 ct
1124 2181 1444 2223 succurrere
1474 2168 1707 2238 cunctis,

321 2262 394 2318 Et
418 2261 662 2316 relevare
686 2260 833 2331 gravi
866 2259 1107 2319 devictos
1130 2259 1320 2318 funere
1339 2262 1550 2330 mortis,

320 2355 520 2411 Carnis
544 2364 598 2409 et
628 2352 888 2409 obscaeno
910 2354 1182 2425 spiramen
1209 2355 1422 2412 solvere
1437 2356 1639 2424 vinclo,

322 2446 431 2515 Qui
456 2445 739 2502 cohibetur
760 2445 923 2501 homo
952 2434 1199 2515 interior,
1232 2449 1480 2503 concisus
1508 2449 1688 2521 inique
1706 2490 1722 2517 ,

323 2539 439 2598 Cur
490 2549 595 2596 tam
643 2555 766 2596 sero
836 2541 955 2612 pius
1005 2540 1084 2615 (l)
1124 2540 1395 2614 vigilans,
1453 2558 1771 2616 semperque
1837 2534 1943 2602 be?

1566 2636 1782 2711 [nignus

326 2724 432 2793 Qui
462 2738 755 2796 numquam
780 2724 928 2794 prius
949 2726 1168 2782 omnino
1197 2742 1257 2786 se
1282 2728 1513 2801 prmbuit
1540 2729 1636 2799 ulli

328 2816 690 2874 Transmissis
723 2808 949 2874 numero
974 2819 1178 2876 alienos
1203 2836 1297 2878 ore
1322 2821 1623 2894 requirens,
1697 2837 1701 2841 ’

327 2907 634 2982 Numquam
667 2916 1007 2981 expectatus,
1040 2925 1146 2965 non
1177 2920 1358 2979 notus,
1383 2913 1581 2969 missus
1612 2914 1664 2969 in
1694 2913 1902 2971 orbem.

952 3000 1181 3059 CAPUT
1211 3002 1298 3058 ΙΙΙ.

405 3095 597 3151 Pastor
626 3110 779 3151 ovem
804 3111 1070 3167 quaerens,
1101 3094 1173 3170 (b)
1206 3112 1365 3168 quam
1388 3112 1494 3153 non
1515 3099 1935 3165 amiseratante,

330 3188 526 3245 Debuit
553 3198 745 3245 exutus
766 3174 1005 3257 carnem,
1040 3189 1189 3261 quasi
1221 3190 1396 3246 victor
1422 3199 1477 3246 et
1506 3190 1581 3265 (εὶ)
1613 3193 1727 3264 ipse

331 3283 590 3353 Spiritus,
606 3291 666 3337 ut
688 3282 865 3337 fuerat
884 3297 1117 3355 semper,
1145 3284 1383 3355 talesque
1407 3278 1643 3353 volebat,

331 3375 534 3434 Omnes
562 3376 814 3447 expulsas
833 3376 1041 3431 animas
1068 3377 1186 3432 sine
1213 3392 1441 3448 corpore
1470 3381 1668 3450 passim

333 3469 582 3540 Eripere,
613 3479 667 3524 et
693 3484 910 3525 carnem
938 3469 1217 3542 spoliatam
1251 3469 1497 3543 linquere
1527 3484 1686 3531 terra:
1719 3493 1733 3543 ;

330 3561 452 3619 Una
482 3561 567 3617 die
593 3561 799 3632 pariter
824 3560 1098 3631 complere
1124 3562 1387 3619 cadavere
1420 3564 1700 3632 mundum,

329 3649 612 3714 Evacuare
636 3655 844 3735 orbem,
879 3665 1037 3728 atque
1067 3658 1275 3735 animas
1302 3658 1562 3715 adtollere
1583 3660 1742 3717 coelo.

328 3747 625 3820 Progenies
655 3744 930 3801 hominum
957 3748 1102 3803 nasci
1137 3761 1404 3807 cessasset
1426 3750 1477 3806 in
1508 3767 1696 3819 unum,

330 3842 402 3899 Et
431 3842 577 3898 nulla
606 3840 831 3913 posthac
852 3841 1067 3915 generis
1100 3845 1345 3916 prosapia
1382 3826 1561 3901 vestri

327 3934 465 3990 Nata
499 3933 653 4007 foret,
687 3920 1001 4004 pestemque
1026 3949 1215 3990 novam
1251 3934 1473 3993 fudisset
1512 3937 1559 3991 in
1593 3937 1796 3993 orbem.

328 4025 433 4081 Vel
461 4024 585 4096 quia
617 4032 744 4080 tunc
765 4023 899 4079 nihil
924 4039 989 4079 ex
1022 4024 1105 4080 his
1138 4025 1330 4081 factum
1354 4018 1654 4083 ostenditur
1676 4043 1794 4084 esse
1814 4069 1832 4095 ,

329 4118 604 4173 Debuerat
626 4116 788 4173 finem
810 4116 991 4188 generi
1020 4116 1268 4172 statuisse
1294 4116 1499 4184 futuro,

328 4208 604 4266 Connubii
631 4207 804 4264 solido
833 4209 1149 4280 complexus
1177 4208 1340 4265 corde
1367 4210 1653 4281 replesset,

330 4303 579 4360 Fecisset
607 4317 833 4372 corpore
863 4303 1028 4370 viros,
1061 4303 1177 4358 sine
1200 4304 1439 4374 germine
1466 4302 1693 4370 fructus,

328 4393 598 4453 Ρωῐηὶηεί
623 4407 782 4451 sexus
803 4382 1013 4449 Cubitus
1040 4393 1238 4449 taedere
1259 4393 1528 4463 dedisset,

326 4487 631 4547 Clausisset
658 4484 869 4559 penitus
894 4485 1069 4542 carnis
1095 4486 1345 4559 genitalia
1372 4488 1634 4559 membra,

1676 282 2026 351 APPENDIX
2049 287 2287 357 PRIMA.

1928 404 1981 467 Λ
2008 403 2163 460 Nulla
2200 407 2445 465 voluntas
2488 418 2673 469 nostro
2716 410 2916 493 animo,
2959 428 3132 491 neque
3171 428 3323 487 posse
3351 415 3597 485 facultas.

3470 300 3610 360 tose
3647 375 3650 377 λ

2015 497 2273 557 Posthazc
2297 512 2479 573 posset
2507 514 2559 561 et
2590 504 2815 581 interior
2839 500 3001 573 homo
3028 507 3503 582 sanguinejunctis

2017 588 2235 647 llccrere
2260 593 2470 651 infusus
2495 596 2661 663 carni,
2694 611 3013 671 semperque
3038 599 3258 670 periret.

2017 680 2245 755 Semper
2265 680 2396 744 ovis'
2407 688 2564 759 perit,
2599 705 2727 762 ergo
2755 705 2853 748 nec
2878 701 2961 748 est
2994 707 3212 751 servare
3239 696 3518 766 potestas?

2019 774 2153 834 Cum
2175 795 2388 855 semper
2413 789 2665 838 nascatur
2692 786 2871 851 homo,
2904 783 3003 839 sub
3029 784 3253 841 crimine
3278 787 3468 844 mortis

2020 875 2177 946 Quod
2214 876 2445 948 pastoris
2469 892 2627 949 opus,
2657 878 2702 934 si
2727 877 2803 933 sic
2828 877 3042 935 inventa
3072 878 3371 937 docentur?

2017 964 2303 1036 Inqutesila
2328 981 2475 1037 ergo,
2508 958 2601 1022 Sed
2629 980 2735 1022 non
2765 982 2948 1043 erepta
2978 969 3253 1040 probatur.

2021 1059 2174 1117 Nunc
2198 1075 2326 1117 vero
2346 1060 2586 1118 delectus
2617 1063 2770 1120 adest
2797 1065 3061 1122 connubia
3096 1064 3265 1135 adire,

2023 1150 2094 1209 Ut
2119 1167 2332 1239 semper
2362 1151 2477 1220 fuit,
2504 1168 2661 1225 quem
2683 1154 2860 1225 junxit
2886 1165 3032 1213 certa
3060 1172 3317 1233 propago,

2020 1240 2322 1299 Nascuntur
2348 1254 2534 1315 gentes
2565 1252 2616 1300 et
2644 1245 2732 1301 vix
2760 1248 3093 1305 nunterabile
3122 1251 3333 1321 vulgus,

2032 1335 2312 1406 Accipiunt
2340 1335 2548 1391 animas
2576 1348 2890 1395 nascentum
2921 1353 3151 1410 corpora
3177 1341 3330 1409 viva;

2027 1427 2140 1485 Nec
2170 1428 2390 1497 Paulum
2405 1429 2583 1485 decuit
2601 1471 2614 1495 ,
2639 1424 2879 1501 quamvis
2897 1446 2995 1515 pro
3011 1440 3250 1504 tempore
3266 1433 3483 1507 quosvis
3510 1433 3592 1512 (3)

2026 1520 2265 1585 Hortari,
2287 1521 2432 1577 velut
2460 1522 2574 1595 ipse
2602 1521 2718 1591 fuit,
2751 1524 2867 1595 pari
2897 1532 3044 1585 sorte
3069 1540 3312 1594 manere,

2026 1616 2309 1689 Temporis
2334 1617 2545 1690 angusti
2571 1632 2804 1674 cernens
2830 1604 3085 1676 instantia,
3110 1620 3308 1690 multa;

2026 1708 2160 1766 Nam
2193 1716 2406 1766 teneras
2431 1707 2561 1765 alias
2591 1714 2775 1783 aetates
2811 1709 3011 1768 nubere
3028 1710 3220 1780 jussit,

1954 1808 2005 1872 Β
2030 1800 2141 1858 Nec
2170 1816 2227 1857 se
2255 1799 2509 1868 fraudari,
2544 1799 2639 1857 sed
2660 1799 2838 1856 debita
2867 1800 3093 1883 reddere
3118 1810 3295 1873 pacto.

2032 1891 2142 1949 Vos
2166 1901 2346 1949 autem
2369 1900 2542 1948 astuta
2567 1892 2689 1963 quis
2711 1892 2878 1967 suasit
2908 1891 3095 1953 fraude
3122 1909 3345 1955 manere
3368 1937 3383 1965 ,

2033 1982 2235 2039 Divisio
2264 1982 2431 2055 prolis
2456 1997 2675 2039 securos
2698 1981 2894 2053 degere
2923 1974 3153 2053 amore,
3338 1983 3344 1991 ’

2030 2073 2248 2129 Crimen
2278 2072 2532 2129 adulterii
2558 2073 2920 2141 committere,
2950 2075 3177 2147 perdere
3196 2075 3401 2133 vitam?

2034 2164 2103 2219 Et
2125 2179 2448 2235 quamquam
2475 2164 2632 2237 perit,
2664 2162 2714 2221 id
2745 2163 2939 2223 falsare
2958 2165 3243 2238 agnomina
3269 2168 3453 2224 verbi?

2032 2256 2372 2329 Quapropter
2403 2258 2549 2314 vocis
2572 2267 2677 2314 tam
2709 2258 2879 2315 dulcia
2907 2268 3095 2316 cuncta
3129 2260 3400 2337 profundit

2033 2346 2292 2420 Impavidi
2316 2348 2572 2423 quidquid
2604 2348 2800 2420 placet,
2825 2359 2883 2405 ut
2910 2349 3111 2421 faciatis
3138 2342 3350 2424 oportet
3375 2393 3391 2424 ,

2033 2440 2092 2495 ln
2122 2439 2311 2497 faciem
2331 2433 2496 2507 casti,
2524 2430 2775 2497 maculati
2800 2443 3023 2500 crimine
3049 2444 3229 2501 furtim
3248 2488 3265 2514 ,

2034 2531 2148 2589 Hac
2175 2546 2364 2591 caussa
2394 2546 2488 2587 vos
2514 2533 2781 2589 connubio
2802 2536 3031 2609 privarit
3061 2537 3306 2609 honesto.

2034 2626 2139 2682 Sed
2165 2627 2288 2697 quid
2314 2625 2502 2697 plura?
2531 2625 2666 2683 bene
2696 2637 2777 2683 est
2801 2628 3093 2701 disjunctos
3118 2629 3322 2688 scilicet
3349 2647 3488 2701 esse,

2037 2716 2270 2788 Expedit
2297 2728 2351 2773 et
2381 2719 2602 2787 mundo,
2631 2735 2697 2776 ne
2727 2720 2890 2776 vestri
2921 2722 3179 2794 germinis
3206 2722 3344 2780 ullus

2037 2808 2318 2880 Nascatur,
2348 2810 2561 2870 tandem
2583 2809 3095 2891 cessabuntgorgana
3115 2812 3306 2870 mortis
3326 2852 3342 2869 .

2661 2946 2888 3007 CAPUT
2917 2947 3009 3004 Ν.

2108 3085 2322 3142 Partem
2353 3083 2604 3153 hominis,
2627 3084 2753 3141 dum
2775 3084 3001 3161 speratis
3021 3084 3255 3142 retinere
3282 3086 3530 3157 salutem,

1959 3218 2005 3284 C
2040 3175 2210 3234 T0tus
2231 3176 2395 3233 homo
2423 3184 2599 3232 vester
2628 3175 2874 3247 deperdit
2904 3183 3084 3231 mente
3108 3175 3407 3247 propltana,

2038 3272 2263 3327 Interior
2291 3272 2448 3327 simul
2475 3281 2527 3326 et
2557 3284 2791 3326 veterem
2818 3286 2973 3340 quem
3002 3269 3176 3326 dicitis
3203 3270 3408 3328 hostem
3440 3289 3456 3339 ;

2034 3363 2139 3421 Sed
2156 3373 2209 3421 et
2244 3365 2322 3438 (4)
2370 3348 2531 3419 homo
2558 3364 2728 3421 solum
2753 3354 3018 3434 spiramen
3037 3352 3404 3432 dicituresse;

2037 3462 2147 3519 Nec
2178 3472 2330 3518 vetus
2348 3470 2429 3518 est
2459 3461 2620 3516 homo
2644 3460 2783 3516 dicta
2809 3475 2959 3527 caro,
2988 3475 3086 3516 nec
3114 3467 3239 3516 sunt
3257 3460 3470 3517 inimica

2037 3556 2267 3631 Spiritus
2287 3567 2338 3613 et
2367 3544 2527 3625 caro,
2559 3572 2719 3613 verus
2745 3555 2907 3611 homo
2935 3552 3014 3628 (5)
3046 3555 3281 3623 sociatus
3311 3556 3363 3611 in
3389 3571 3528 3635 uno,

1980 3667 1993 3673 ‘
2038 3651 2150 3707 Nec
2179 3649 2279 3706 sibi
2310 3651 2545 3721 privatos
2575 3662 2766 3705 sensus
2793 3655 3086 3704 cernuntur
3113 3638 3335 3714 habere,

2040 3744 2166 3802 Hmc
2204 3741 2283 3820 (ὑ)
2316 3744 2550 3815 regitur,
2583 3732 2719 3820 regit
2754 3730 2876 3810 ille,
2930 3730 3126 3812 gemit,
3152 3728 3497 3819 gaudetque,
3541 3740 3637 3796 do-

2394 3830 2402 3835 ’
2870 3826 2875 3831 ’
3038 3824 3041 3829 λ
3148 3816 3544 3907 ·”’³[1ει‹ιίιθ;

2041 3931 2235 4005 Diligit,
2268 3933 2384 4003 ipse
2408 3946 2519 3986 sua:
2548 3928 2697 3985 carni
2718 3929 3032 3984 carissimus
3062 3928 3226 3995 idem,

2042 4030 2146 4086 Per
2174 4042 2334 4099 quam
2360 4034 2515 4098 paret
2538 4024 2700 4081 homo
2734 4019 2805 4096 (c)
2825 4063 2840 4088 ,
2883 4037 3006 4079 cum
3042 4038 3144 4095 qua
3174 4022 3494 4095 commixtus
3520 4015 3640 4099 lui--

2438 4104 2445 4111 ’
2795 4112 2800 4118 ’
3008 4136 3015 4139 λ
3317 4113 3521 4193 [ὺθμινς

2038 4210 2363 4269 Vulneribus
2388 4223 2545 4267 curas
2572 4208 2810 4276 adhibet,
2840 4207 3208 4281 lacrymasque
3230 4207 3516 4278 profundit.

2040 4305 2374 4361 Nutrimenta
2402 4303 2505 4357 cibi
2538 4301 2733 4377 cupide
2760 4316 2855 4373 per
2879 4299 3120 4355 membra
3148 4300 3376 4356 resumit
3413 4341 3427 4367 ,

2043 4397 2195 4454 Hanc
2224 4405 2373 4467 optat
2394 4410 2577 4451 secum
2600 4384 2963 4450 immortalem
2995 4406 3206 4461 semper
3233 4391 3452 4456 habere,

1954 4484 2009 4547 D
2034 4493 2205 4561 Quam
2233 4490 2400 4562 frangi
2423 4487 2604 4562 gemit,
2628 4498 2681 4546 et
2707 4486 2851 4544 dolet
2879 4498 3136 4542 evacuare
3161 4499 3255 4575 per
3283 4470 3429 4541 artus
3452 4502 3468 4554 ;

1574 4598 1868 4667 LECTIQN
1876 4603 1957 4663 ES
1994 4602 2411 4673 VARIANTES.

493 4710 831 4826 mihi?”
1242 4750 1245 4753 ’
2015 4748 2026 4755 ’
2200 4716 2639 4832 iifait’it‘ii‘bbm.

419 4842 449 4889 5
499 4836 746 4899 Quosdam
769 4831 934 4889 οδω-ε.
2109 4844 2159 4907 t6
2203 4843 2313 4895 Nec
2335 4842 2498 4897 Obert.

419 4831 473 4906 5)
499 4836 746 4899 Quosdam
769 4831 934 4889 Obert.

2107 4831 2180 4907 id)
2203 4843 2313 4895 Nec
2335 4842 2498 4897 Obert.

1693 4944 2251 5009 COMMENTARIUS.

402 5086 502 5163 (εξ)
520 5088 588 5142 Et
615 5087 846 5159 quamvis
868 5086 1054 5163 hostes,
1081 5092 1186 5163 etc.
1199 5081 1618 5163 _Pt_tlcher_locus
1634 5090 1820 5138 contra
1838 5098 1935 5163 eos

333 5155 429 5232 qui
449 5155 683 5215 libenter
703 5166 988 5237 versantur
1013 5158 1063 5212 in
1094 5156 1244 5237 libris
1275 5155 1672 5237 intereticoruttt,
1705 5156 1936 5237 eumve!

431 5230 768 5310 argumentis
808 5245 996 5286 eorum
1036 5225 1405 5292 confutandis,
1440 5225 1526 5280 hic
1555 5233 1695 5305 teste
1723 5224 1937 5283 Teum;

360 5316 527 5358 iano:

461 5411 558 5463 Vix
583 5412 807 5463 mundam
837 5413 1056 5476 linguam
1078 5411 1320 5463 sermonis
1341 5407 1484 5472 culpa
1498 5414 1744 5460 reservet.

337 5519 461 5588 Quo
484 5518 714 5588 pertinet
742 5517 904 5573 etiam
927 5517 1057 5573 illud
1084 5514 1338 5588 :Ancipiti
1360 5528 1804 5588 quamquamcum
1831 5514 1935 5568 cri-

338 5583 500 5647 mine;
533 5588 670 5643 Sunt
700 5599 879 5644 autem
924 5583 1524 5645 rursus=Tertullianica
1556 5583 1771 5653 illicita,
1806 5600 1936 5654 pros

338 5659 739 5733 duetayultima,
771 5670 825 5713 et
844 5660 1149 5733 contgmine.

413 5717 646 5806 ἰῖᾼΡῢΤ
671 5716 914 5806 ΙΠ.-;(ὶ))
940 5728 1128 5806 Pauor
1167 5742 1564 5806 ovemguazrem
1586 5734 1739 5806 ,ﬂetc.
1768 5716 1934 5794 Quasi

340 5799 491 5872 aliud
519 5811 706 5872 egens,
752 5792 928 5859 adhuc
970 5798 1268 5872 persistens
1320 5792 1386 5872 tit_
1418 5792 1936 5872 absttrditatefqttta

341 5870 521 5942 oritur
543 5865 608 5927 Ex
640 5865 744 5927 den
764 5880 922 5939 novo,
948 5865 1134 5927 transit
1159 5868 1226 5927 ad
1250 5865 1709 5927 confirmationem
1731 5865 1931 5923 tanta“

2040 5084 2277 5151 biorum,
2323 5098 2443 5155 qum
2483 5079 2714 5137 Marcion
2753 5079 3076 5155 respuebat,
3119 5076 3187 5135 de
3220 5077 3410 5148 quibus
3454 5056 3583 5152 supr
3610 5096 3638 5135 a
3722 5074 3737 5083 ’

2041 5155 2137 5212 lib.
2168 5155 2189 5215 ι
2217 5153 2539 5211 αάυ.“Μανο.
2566 5168 2684 5219 cap.
2718 5154 2923 5220 penult.

2113 5222 2278 5301 CAP._
2325 5224 2416 5301 1V3
2439 5222 2596 5301 7—(0)
2626 5222 2737 5301 Pet;
2758 5239 2913 5301 quant
2936 5231 3077 5301 paret
3107 5223 3287 5286 homo,
3334 5230 3440 5275 etc.
3483 5220 3634 5301 Acci-

2041 5297 2187 5368 pitnr
2209 5297 2370 5352 etiam
2400 5296 2483 5350 hic
2500 5292 2678 5368 phrasi
2695 5292 3073 5368 Tettttlliattica
3101 5303 3356 5365 paretpro
3383 5292 3633 5362 apparet;

2041 5363 2127 5425 cui
2157 5378 2239 5425 est
2264 5368 2440 5423 simile
2469 5363 2523 5422 et
2552 5366 2680 5421 illud
2709 5363 2866 5431 infra,
2908 5380 2956 5419 c.
2991 5365 3023 5421 9
3051 5383 3064 5418 :
3247 5363 3251 5365 ’
3626 5372 3631 5379 ’

2165 5456 2256 5509 Hic
2280 5461 2498 5523 patribus
2521 5458 2702 5507 sanctis
2727 5470 2901 5521 parens
2917 5455 2978 5506 ab
2994 5454 3190 5517 origine
3211 5454 3395 5503 mundi.

2039 5547 2280 5605 Pertinet
2315 5550 2475 5605 etiam
2502 5534 2868 5603 adxlicentiam
2898 5546 3155 5617 poeticam
3189 5544 3336 5611 illud,
3359 5547 3466 5614 ipse
3499 5545 3637 5601 dives

2038 5621 2268 5691 aperuit,
2316 5620 2472 5675 sicuti
2515 5622 2673 5674 etiam
2714 5619 2873 5685 infra,
2901 5634 2950 5672 c.
2995 5618 3065 5671 8:
3108 5632 3210 5669 nox
3252 5625 3364 5691 atra
3389 5618 3634 5686 caperuit.

2038 5686 2135 5823 Est
2164 5702 2343 5746 autem
2374 5691 2637 5748 obscurus
2654 5704 2863 5758 versus,
2888 5698 2942 5747 et
2963 5698 3221 5759 quantum
3239 5686 3468 5754 videtur,
3488 5703 3634 5742 meu-

2078 5776 2247 5818 osus:

2078 5776 2205 5818 08118
2232 5777 2247 5817 3

2161 5868 2305 5925 Vtatur
2330 5870 2389 5923 ab
2410 5867 2578 5932 lacteo.
2603 5847 2778 5925 mfisul
2805 5860 3033 5936 patiendo
3056 5858 3269 5933 peregit.
