4006 6280
379 305 539 368 1087

378 416 464 477 llli
500 434 645 478 mors
674 418 883 475 misera-
908 415 1212 475 dominatur
1238 423 1480 490 tempore
1502 427 1671 487 certo,

378 515 498 583 Quo
528 521 774 569 renovata
798 512 897 567 levi
929 510 995 568 de
1019 500 1236 582 pulvere
1261 511 1642 568 morsiuimica

380 606 601 663 Deﬁciat
621 604 855 673 tandem,
882 620 1009 660 caro
1028 620 1148 660 cum
1173 605 1410 662 resoluta
1437 606 1686 677 resurgit,

377 699 506 756 llme
524 700 626 755 erit
652 708 960 769 exspectata
986 700 1079 755 diu
1106 701 1329 756 victoria
1352 717 1583 767 summa,

376 792 548 861 Quam
576 791 703 848 fecit
731 790 926 848 virtute
947 791 1121 849 Patris
1146 786 1485 851 venerandus
1512 795 1565 850 in
1587 808 1765 851 aevum

377 883 577 941 Factus
605 899 765 941 verus
793 884 991 954 homo,
1028 886 1258 959 hominis
1304 888 1392 959 qui
1430 890 1672 944 membra
1705 886 1979 958 redempta

376 974 437 1033 lu
465 976 633 1034 ctelos
664 976 780 1033 tulit
804 988 964 1048 atque
984 977 1159 1034 aditus
1184 994 1280 1049 spe
1296 979 1447 1035 dives
1467 983 1680 1051 aperuit

379 1067 655 1141 Principio
682 1069 853 1139 gentis
876 1068 931 1123 in
957 1069 1153 1139 linguis
1184 1070 1458 1138 omnibus,
1489 1071 1613 1127 inde

380 1163 481 1222 llic
504 1164 594 1221 ubi
622 1179 839 1236 semper
857 1180 1013 1236 opus,
1035 1166 1205 1236 patria
1236 1167 1431 1236 pietate
1457 1167 1719 1224 minister.

394 1254 549 1315 Visus
577 1258 645 1316 ab
667 1257 861 1327 inciso,
889 1259 1087 1316 missus
1113 1261 1362 1331 patiendo
1390 1263 1613 1334 peregit.

744 1404 750 1415 .
1056 1352 1283 1410 CAPUT
1308 1352 1373 1408 V.

382 1448 390 1459 '
454 1443 591 1513 Quid
618 1460 761 1501 nunc
788 1443 1022 1503 infandae
1049 1461 1207 1502 voces
1234 1447 1257 1502 ?
1281 1446 1406 1517 quid
1429 1447 1636 1517 perdita
1661 1449 1856 1507 turba?

389 1535 446 1591 Si
466 1551 573 1593 non
603 1537 717 1611 ipse
741 1537 893 1595 dedit
920 1538 1083 1611 leges,
1120 1538 1196 1611 (a)
1226 1538 1366 1594 Deus
1388 1540 1505 1610 ipse
1532 1538 1775 1611 Creator,

381 1629 603 1703 Egypti
628 1631 697 1688 de
722 1632 861 1689 calle
886 1632 1027 1687 viam
1044 1632 1136 1703 qui
1162 1633 1351 1687 stravit
1380 1633 1430 1687 in
1463 1632 1618 1688 undis
1638 1674 1653 1700 ,

386 1720 454 1778 Et
477 1724 641 1780 sedes
664 1740 681 1775 ς
700 1723 831 1779 ratis
850 1722 999 1779 dedit
1026 1724 1122 1779 bas
1152 1740 1285 1794 quas
1302 1724 1514 1779 dixerat
1537 1724 1695 1792 olim;

381 1812 501 1884 Ipsa
530 1829 627 1870 cur
656 1815 708 1870 in
733 1824 896 1887 gente
926 1815 1070 1871 venit
1098 1824 1345 1887 terraque
1362 1815 1582 1871 dicata?

382 1905 501 1962 Non
526 1908 661 1964 alios
683 1908 915 1978 populos
936 1917 1027 1962 aut
1046 1907 1213 1964 altera
1237 1922 1400 1979 regna
1425 1907 1657 1978 petivit?

381 1999 493 2056 Cur
514 2000 622 2071 jam
648 2016 743 2073 per
770 2009 942 2072 vates,
975 2002 1231 2074 praedicto
1260 2004 1479 2059 nomine
1507 2012 1640 2070 toto,

382 2091 503 2148 Non
530 2093 751 2164 pr0prio
770 2108 890 2164 suo,
923 2107 983 2150 se
1011 2096 1299 2149 vocitatum
1331 2094 1549 2151 tradidit
1569 2109 1689 2151 esse

389 2162 545 2240 Unde
568 2162 728 2239 etiam
757 2162 927 2255 potuit
947 2185 1196 2255 baptismi
1217 2185 1355 2241 dona
1393 2186 1625 2258 benigna

385 2276 655 2334 Promissa
677 2277 772 2335 abs
792 2277 899 2333 alio
923 2286 1191 2350 tamquam
1221 2295 1315 2335 sua
1342 2296 1587 2349 promere
1607 2280 1741 2337 facta
1764 2323 1778 2339 .

386 2372 513 2428 Hinc
542 2372 787 2429 mandata
804 2372 896 2429 Dei
927 2374 1266 2444 transgressi,
1289 2374 1449 2432 sorde
1475 2379 1674 2446 reperti

385 2462 672 2535 Optabant,
702 2465 1022 2535 veniamque
1051 2464 1161 2526 fera
1178 2465 1246 2520 de
1273 2475 1445 2524 morte
1472 2471 1757 2539 petebant;

392 2556 715 2627 Exspectata
745 2557 835 2613 diu
855 2558 1051 2614 merito
1080 2572 1299 2629 venere,
1331 2560 1423 2616 sed
1454 2561 1560 2617 illis

388 2648 491 2716 Qui
516 2649 664 2719 prius
691 2638 894 2717 audita,
924 2659 979 2705 at
1004 2666 1148 2706 nunc
1171 2666 1437 2723 agnovere
1454 2664 1689 2727 reperta,

390 2740 504 2797 lloc
527 2740 624 2798 det
648 2756 775 2798 vera
806 2757 995 2798 manus
1016 2741 1236 2812 Christi,
1266 2744 1425 2801 Pater
1447 2745 1562 2815 ipse
1588 2748 1810 2805 Creator

390 2832 623 2904 Semper
650 2834 718 2889 ab
736 2846 938 2889 aeterno
966 2848 1166 2902 manet,
1199 2845 1252 2891 et
1280 2837 1365 2907 pia
1387 2853 1519 2895 voce
1547 2841 1809 2911 requirit;

389 2925 650 2997 Quodque
682 2926 948 2996 ﬁguravit,
973 2926 1120 2984 fovet
1139 2937 1299 2999 atque
1326 2928 1588 3000 ﬁguratet
1611 2942 1804 3001 armat,

391 3016 579 3087 Etiam
612 3018 930 3089 despectum
953 3021 1123 3076 victor
1142 3035 1237 3077 sua
1266 3021 1383 3078 luce
1412 3024 1652 3091 revestit,

391 3109 464 3168 Ut
486 3119 696 3168 maneat
718 3112 927 3170 virtutis
953 3126 1085 3184 opus
1115 3130 1233 3169 cum
1266 3116 1423 3172 laude
1448 3119 1694 3188 perenni.

1019 3206 1248 3266 CAPUT
1277 3208 1364 3265 Vl.

1746 304 2214 365 TERTULLlANl

2001 422 2056 483 Λ
2082 420 2215 477 Hinc
2240 419 2610 479 instrumentis
2636 419 2868 481 humana
2895 423 3093 482 astutia
3122 424 3240 483 uisa

3542 307 3678 365 1038

2079 514 2178 583 Qui
2211 523 2375 572 testes
2399 518 2565 572 sancti
2592 517 2760 582 verbi,
2792 520 3034 589 praebere
3063 520 3349 590 probantes

2081 607 2375 679 lnquirant,
2407 609 2489 665 vel
2520 610 2597 665 sic
2619 610 2837 667 invento
2866 624 3049 684 postea
3078 613 3204 668 victi

2081 697 2402 767 Poeniteant,
2426 702 2743 774 veniamque
2771 713 2959 772 rogent
2987 746 3002 769 ,
3034 704 3161 760 dum
3192 712 3403 776 tempus
3430 703 3678 761 habetur.

2684 794 2910 853 CAPUT
2966 797 3072 853 vn.
3500 868 3505 871 _

2151 882 2321 940 Judaei
2343 900 2504 957 grave
2529 887 2617 958 qui
2644 888 2819 943 scelus
2843 887 3126 947 admisisse
3147 889 3400 957 fatentur,

2083 976 2217 1033 Dum
2238 978 2597 1033 detractantes
2620 979 2700 1051 (ἓ)
2727 980 2937 1048 ardent,
2968 980 3229 1053 nobisque
3259 982 3515 1037 resistunt
3535 1024 3550 1047 ,

2081 1070 2190 1127 Nec
2216 1086 2387 1143 genus
2412 1072 2651 1145 ignotum
2682 1073 2889 1142 dicunt,
2917 1090 3092 1147 neque
3117 1076 3297 1132 dicere
3323 1084 3545 1146 possunt

2083 1164 2438 1235 SuSpendisse
2456 1165 2729 1223 hominem
2759 1182 2819 1224 se
2847 1168 3008 1239 ligno,
3038 1185 3162 1225 vera
3198 1171 3436 1225 locutum

2084 1258 2254 1330 Ignari
2279 1258 2504 1315 Domino
2530 1275 2749 1315 carnem
2774 1261 2889 1317 sine
2910 1263 3119 1318 semine
3147 1262 3363 1318 victam.

2084 1350 2186 1407 Sed
2217 1366 2313 1420 pro
2345 1360 2492 1421 parte
2507 1352 2719 1422 quidem
2746 1354 2995 1418 reticent,
3027 1370 3123 1425 pro
3149 1364 3299 1425 parte
3317 1353 3680 1425 triumphant,

2083 1441 2322 1513 Namque
2354 1442 2519 1498 Deum
2546 1444 2753 1514 populis
2780 1444 3053 1500 hominem
3088 1446 3303 1517 vulgare
3334 1446 3603 1502 laborant.

2085 1534 2323 1605 ASpicite
2346 1550 2583 1590 errorem
2611 1536 2697 1607 qui
2719 1550 2815 1591 vos
2836 1547 3109 1607 expugnat
3128 1547 3382 1608 utrosque
3407 1554 3422 1603 ;

2091 1629 2195 1685 Pro
2224 1629 2378 1684 nobis
2405 1629 2488 1685 hic
2510 1629 2635 1696 erit,
2666 1629 2792 1685 dum
2819 1630 2971 1686 vobis
2995 1641 3139 1688 certa
3167 1633 3476 1702 probamus.

2087 1724 2165 1779 Illi
2201 1723 2389 1791 Deum,
2419 1738 2515 1779 vos
2544 1722 2682 1779 falso
2713 1724 2985 1781 hominem
3012 1726 3130 1782 sine
3158 1741 3387 1797 corpore
3415 1738 3616 1797 corpus

2008 1821 2057 1880 B
2090 1818 2291 1883 Dicitis,
2322 1826 2377 1873 et
2403 1816 2547 1873 varia
2578 1816 2683 1874 heu
2713 1818 2907 1874 mentis
2934 1820 3151 1875 vesania
3182 1820 3396 1890 mergit,

2086 1908 2238 1979 Quod
2270 1909 2357 1983 qui
2388 1908 2751 1980 prmsdinpsit,
2783 1918 3089 1981 mergentes
3113 1912 3361 1981 spargitis
3382 1911 3546 1968 ambo
3565 1926 3583 1979 ς

2087 2001 2328 2072 Namque
2361 1999 2633 2057 hominem
2666 2000 2969 2072 pariterque
3000 2001 3203 2071 Deum,
3248 2010 3374 2057 tunc
3397 2002 3536 2058 facta
3559 2017 3691 2073 pro-

3294 2086 3305 2093 ’
3363 2092 3591 2166 [babunt

2087 2184 2475 2258 Commixtum,
2503 2201 2601 2244 nec
2631 2203 2794 2260 pauca
2825 2187 2972 2244 dabit
2995 2186 3263 2259 signacula
3291 2186 3543 2246 mundus.

2693 2281 2919 2338 CAPUT
2951 2280 3076 2336 Vill.

2163 2373 2328 2430 Filius
2350 2373 2465 2444 ipse
2487 2373 2581 2428 Dei
2601 2373 2730 2429 dum
2753 2374 2932 2431 carnis
2955 2374 3194 2431 membra
3216 2371 3463 2446 requirit,

2090 2464 2206 2522 Jam
2235 2474 2579 2536 praetextatus
2604 2466 2897 2535 palmarum
2919 2467 3144 2522 sustinet
3171 2467 3330 2533 ictus,

2090 2556 2423 2628 Conspuitur
2443 2557 2639 2625 vultus,
2671 2557 2839 2629 spinis
2867 2558 3060 2614 innexa
3088 2573 3287 2614 corona

2091 2650 2410 2723 Compungit
2429 2663 2590 2721 caput
2615 2694 2627 2716 ,
2652 2661 2707 2707 et
2732 2651 2878 2723 ligno
2903 2652 3168 2723 sufﬁgitur
3190 2652 3324 2723 ipse,

2076 2745 2315 2815 j’otatur
2338 2744 2579 2801 scriblita
2601 2743 2678 2819 (ὁ)
2702 2755 2755 2800 et
2786 2744 2855 2801 fel
2877 2746 3134 2801 miscetur
3160 2756 3332 2812 aceto,

2100 2835 2362 2892 Dividitur
2388 2826 2573 2903 vestis,
2602 2845 2776 2892 sortes
2805 2837 3089 2892 mittuntur
3112 2836 3167 2891 in
3190 2836 3312 2903 illa;

2092 2929 2243 2996 Quod
2268 2930 2441 3001 rapuit
2461 2930 2560 2984 sibi
2590 2930 2815 3003 quisque
2843 2938 2988 2986 tenet
3013 2946 3030 2997 ;
3058 2930 3284 3000 caligine
3309 2929 3499 2997 multa,

2094 3023 2411 3093 Exspirante
2434 3021 2544 3077 Deo
2572 3022 2728 3077 tacite
2749 3021 2815 3078 de
2840 3037 3067 3092 corpore
3094 3022 3271 3079 carnis
3291 3063 3307 3089 ,

2096 3115 2149 3171 ln
2186 3115 2419 3171 tenebris
2448 3113 2765 3171 tremefacta
2797 3115 2914 3171 dies
2942 3131 3062 3172 cum
3093 3117 3204 3173 sole
3232 3115 3461 3186 refugit;

2012 3219 2066 3283 ,ρ
2103 3208 2189 3263 Bis
2208 3207 2304 3263 fuit
2333 3220 2434 3262 una
2463 3207 2601 3275 dies,
2632 3207 2860 3262 mediam
2890 3223 2996 3264 nox
3026 3202 3140 3264 atra
3172 3209 3449 3278 coperuit:

464 3288 601 3359 Quid
631 3298 887 3363 praestare
917 3290 1057 3352 Deus
1081 3334 1097 3362 ,
1128 3293 1255 3365 quid
1275 3295 1445 3366 possit
1472 3294 1635 3355 homo
1662 3298 1771 3369 pali
1799 3264 1855 3354 ut
1877 3313 1992 3354 om-
2023 3264 2066 3283 υ
2096 3301 2140 3355 A
2174 3297 2535 3354 fundamentis
2560 3264 2769 3354 montes
2792 3299 3059 3371 agitantur
3088 3300 3141 3354 in
3176 3264 3358 3355 orbem
3377 3342 3391 3363 ,

1796 3404 1889 3448 IICS

389 3472 718 3545 Agnoscant,
745 3476 946 3545 vivant,
968 3476 1109 3548 quod
1138 3475 1261 3535 fecit
1276 3478 1391 3534 viva
1416 3481 1686 3549 potestas?
1770 3389 1792 3462 [

390 3565 496 3623 Sed
522 3568 645 3638 quia
677 3582 776 3624 nec
808 3567 1057 3638 prtedieta
1084 3568 1255 3638 prius,
1290 3584 1389 3625 nec
1420 3570 1553 3627 facta
1581 3586 1833 3642 suprema

344 3650 347 3653 ﬁ
396 3661 688 3719 Dementes
717 3662 962 3719 homines
984 3673 1209 3735 possunt
1234 3664 1463 3720 suadere
1489 3664 1725 3722 furentes
1749 3665 1829 3738 (l)

397 3753 530 3810 Esse
560 3754 831 3812 hominem
857 3753 1050 3811 factum
1085 3756 1250 3813 Deum
1277 3797 1293 3826 ,
1316 3771 1660 3829 passumque,
1689 3761 1989 3831 sepultum,

394 3846 724 3915 Surrexisse,
755 3855 814 3902 ut
836 3847 914 3905 eis
941 3847 1103 3905 tantis
1128 3848 1482 3907 clamantibus
1508 3850 1639 3908 olim

394 3940 616 4009 Cgelesti
642 3941 808 3998 verbo
837 3944 1134 4014 complexis
1162 3945 1411 4011 testibus,
1437 3944 1599 4003 ambo

400 4033 673 4089 Tcrrestri
700 4033 891 4089 saltem
918 4036 1112 4091 rationi
1136 4037 1357 4093 credere
1382 4036 1612 4095 discant.

395 4124 530 4181 Cum
560 4126 818 4182 Dominus
841 4124 1084 4185 Christus
1117 4144 1243 4185 caro
1270 4133 1438 4197 nasci,
1461 4132 1607 4188 venit
1634 4132 1686 4187 in
1708 4132 1895 4191 orbem

397 4217 620 4287 Augusti
648 4226 789 4289 regis
815 4216 1043 4276 Romani
1076 4230 1340 4291 tempore,
1372 4226 1601 4295 primum

401 4311 629 4368 Decreto
649 4322 838 4383 gentes
857 4327 1022 4371 censu
1051 4328 1398 4375 numerantur
1421 4321 1616 4394 ubique
1636 4346 1654 4398 ;

395 4405 540 4461 ldem
567 4406 670 4464 hoc
697 4423 788 4464 rex
819 4408 955 4469 forte
986 4413 1124 4481 tulit,
1147 4416 1268 4484 quia
1297 4430 1506 4476 summa
1527 4424 1742 4483 volunta

397 4499 453 4554 ln
484 4500 636 4572 cujus
658 4517 842 4572 manu,
866 4508 1143 4576 regnantis
1165 4524 1281 4576 cor,
1313 4512 1518 4583 legibus
1542 4529 1707 4589 esset,

2094 3389 2374 3445 Commota
2402 3397 2485 3446 est
2513 3390 2687 3456 tellus,
2722 3400 2938 3461 patuere
2962 3389 3242 3460 sepulchra
3266 3391 3476 3462 piorum
3501 3395 3548 3456 .’

2096 3483 2407 3555 Cunctaque
2436 3498 2598 3555 quem
2629 3492 2848 3551 norunt,
2882 3495 3096 3553 passum
3128 3484 3351 3541 timuere
3379 3484 3585 3540 videre.

2101 3578 2429 3635 Exanimum
2457 3579 2564 3635 telo
2592 3578 2749 3635 miles
2774 3578 2919 3634 latus
2947 3576 3127 3633 h'aurit
3150 3586 3371 3647 aperto;

2096 3669 2323 3725 Proﬁuit
2348 3680 2401 3728 et
2421 3671 2659 3743 sanguis,
2691 3686 2790 3727 nec
2811 3686 2949 3742 aqua
2978 3670 3157 3726 minus
3185 3669 3308 3727 inde
3346 3678 3551 3727 secuta.

2096 3764 2224 3822 Haec
2247 3765 2321 3821 illi
2354 3774 2509 3836 pacto
2536 3766 2733 3832 celant,
2761 3765 3059 3835 noluntque
3085 3764 3238 3820 fateri

2097 3856 2331 3913 Admissi
2354 3858 2572 3924 factum,
2605 3857 2752 3914 nefas
2793 3856 3063 3912 occultare
3092 3856 3355 3912 volentes.

2098 3950 2330 4021 Spiritus
2359 3966 2486 4021 ergo
2516 3960 2689 4020 potest
2717 3966 2907 4022 gerere
2935 3950 3052 4006 sine
3081 3963 3315 4021 corpore
3340 3957 3572 4016 vestem,

2100 4044 2205 4099 Aut
2231 4057 2443 4114 poenam
2472 4043 2634 4113 capit,
2665 4051 2758 4101 aut
2787 4043 2889 4099 fert
2918 4042 3171 4099 violentia
3193 4041 3383 4097 vulnus
3406 4041 3429 4095 ?

2098 4137 2206 4192 Aut
2232 4136 2478 4204 moritur,
2510 4139 2808 4206 surgitque,
2831 4144 2886 4189 et
2911 4135 3127 4204 sanguis
3155 4132 3541 4189 funditurinde

2101 4231 2176 4285 De
2200 4245 2305 4300 qua
2335 4243 2519 4296 carne,
2546 4229 2667 4299 quia
2693 4228 2841 4283 illum
2864 4243 2958 4282 vos
2986 4228 3239 4283 habuisse
3269 4225 3513 4299 negatis?

2099 4327 2207 4381 Aut
2235 4324 2385 4379 ﬁnxit
2411 4323 2606 4395 potius,
2638 4322 2683 4378 si
2709 4338 2804 4378 vos
2825 4322 3005 4379 dicere
3022 4331 3191 4378 tutum
3209 4322 3325 4379 est?

2098 4418 2431 4488 Quamquam
2460 4415 2763 4489 prtecipites
2785 4414 2974 4471 dicatis
3003 4454 3021 4482 ,
3050 4415 3203 4486 plura
3231 4411 3475 4470 tacendo.

2098 4510 2215 4567 Non
2247 4524 2377 4582 ergo
2398 4508 2677 4566 manifesta
2700 4507 2853 4575 ﬁdes,
2882 4522 2987 4562 non
3017 4506 3198 4563 omnia
3229 4505 3341 4575 ﬁxa,

396 4591 546 4649 Fecit
577 4594 781 4664 primus
802 4637 818 4662 ,
854 4607 910 4652 et
935 4600 986 4654 in
1019 4616 1301 4657 numerum
1331 4606 1593 4677 scriptura
1623 4611 1839 4670 redacta
1866 4622 1969 4672 est.

2105 4605 2244 4661 Ante
2266 4604 2431 4669 diem,
2464 4618 2621 4673 quam
2645 4615 2765 4657 cum
2787 4609 3068 4672 pateretur
3093 4598 3294 4681 pascha
3321 4595 3630 4663 celebrans,

396 4681 548 4773 'l‘unc
577 4685 737 4740 etiam
767 4684 990 4761 Joseph,
1020 4689 1185 4747 Maria
1215 4708 1337 4749 cum
1371 4699 1594 4771 conjuge
1622 4701 1775 4773 foeta,

396 4771 611 4837 leeSti
636 4777 838 4850 pariter
862 4790 1023 4852 gnato
1050 4796 1422 4861 numerantur,
1455 4801 1510 4849 et
1536 4794 1658 4867 ipsi.

2096 4698 2488 4768 Discipulisque
2511 4696 2622 4752 suis
2654 4694 2869 4751 tradens
2896 4690 3246 4748 memorabile
3275 4690 3505 4755 factum;

2099 4795 2389 4863 Acceptum
2412 4803 2602 4862 panem
2627 4789 2827 4860 pariter
2855 4786 3082 4858 vitisque
3108 4784 3373 4856 liquorem
3394 4823 3410 4851 ,

1603 4925 1734 4985 LEC
1744 4927 1988 4989 TlONES
2025 4925 2442 4988 VARIANTES.

396 5031 410 5095 ζ
462 5029 534 5098 (1)
553 5028 803 5085 Ferentes
821 5028 983 5085 Obert.

2167 5044 2243 5112 (2)
2267 5045 2618 5098 Detractantes
2633 5042 2793 5099 Obert.

1759 5150 2323 5211 COMMENTARIUS.

471 5259 625 5318 CAP.
634 5256 866 5342 ,κὴ-(ει)
883 5260 946 5317 Si
958 5259 1180 5342 non'ipse
1193 5262 1328 5342 dedit
1342 5265 1476 5342 leges
1487 5266 1624 5325 Deus
1635 5267 1744 5339 ipse
1755 5266 1989 5342 Greater.

399 5330 489 5409 Sic
512 5330 859 5409 castigamus,
890 5348 988 5409 pro
1012 5351 1024 5387 :
1052 5333 1234 5409 Sinon
1263 5336 1374 5402 ipse
1389 5330 1558 5407 'Deus,
1589 5330 1694 5396 etc.
1720 5339 1882 5409 Atqui
1907 5340 1994 5396 hic

399 5401 552 5473 locus
578 5404 681 5459 hoc
702 5403 839 5460 velle
860 5401 1072 5460 videtur
1092 5406 1232 5473 quod
1263 5409 1388 5466 alibi
1426 5426 1530 5465 non
1547 5401 1726 5467 semel
1753 5401 1909 5473 dixit.
1939 5420 1989 5466 et

402 5472 541 5529 infra
559 5479 917 5555 prosequitur,
944 5492 992 5533 c.
1014 5476 1046 5531 9
1080 5495 1092 5530 :
1116 5472 1385 5535 Christum
1412 5483 1542 5555 (non
1568 5480 1992 5555 DcumApatrem)

401 5558 618 5621 semper
666 5556 813 5621 retro
844 5551 1216 5621 ivisum_esse,
1246 5562 1406 5621 atque
1423 5551 1572 5611 adeo
1601 5552 1849 5608 eumdem
1876 5568 1996 5608 esse

404 5615 569 5707 Deum
588 5619 676 5689 qui
702 5627 755 5700 et
768 5620 820 5707 n
843 5615 1393 5707 VeteriTestanien-to
1409 5636 1456 5707 et
1484 5626 1537 5680 in
1563 5624 1712 5679 Novo
1732 5639 1996 5707 appar‘ue-

401 5689 492 5761 rit;
510 5689 577 5746 de
589 5704 697 5761 quo
711 5691 920 5746 interim
942 5692 1099 5748 latius
1114 5692 1252 5748 inter
1268 5694 1545 5751 Paradoxa
1561 5689 1861 5751 auctorisin
1876 5694 2004 5750 Pro-

403 5758 726 5837 legente—nis;
742 5763 898 5818 sicuti
921 5764 1082 5819 etiam
1098 5762 1164 5818 de
1181 5780 1246 5820 eo
1262 5766 1403 5837 quod
1420 5767 1662 5823 videatur
1675 5775 1727 5820 et
1747 5764 2001 5819 Clu-istum

402 5837 575 5906 appcll
597 5852 671 5893 :rc
700 5834 865 5891 Deum
894 5843 1170 5890 creatorem
1198 5876 1213 5902 ,
1246 5834 1349 5894 non
1381 5837 1554 5898 solum
1585 5837 1751 5896 Deum
1784 5845 1998 5907 patrem.

2168 5265 2320 5321 CAP.
2346 5262 2630 5338 θυι-(1))
2655 5263 2872 5318 Petatur
2884 5258 3150 5325 Scriblita,
3166 5266 3269 5338 etc.
3287 5255 3529 5338 Scriblitu
3544 5255 3717 5312 etiam

2098 5338 2393 5409 penultima
2411 5330 2593 5409 contra
2612 5330 2852 5409 naturam
2869 5339 3137 5409 correpta,
3155 5330 3390 5409 abutitur
3401 5335 3593 5409 auctor
3612 5346 3719 5409 pro

2100 5399 2315 5476 potione
2330 5423 2511 5463 amara
2529 5408 2743 5462 Christo
2765 5422 2792 5458 a
2819 5402 3021 5476 Judajis
3039 5401 3336 5476 propinata,
3369 5413 3491 5452 eum
3507 5399 3718 5476 aliu‘qui

2099 5470 2289 5536 Plauto
2316 5478 2576 5551 etCatoui
2604 5478 2777 5546 potius
2791 5477 2856 5551 sit
2874 5472 2975 5551 eihi
3000 5486 3094 5524 seu
3115 5471 3582 5551 placentmgeuus.
3610 5470 3719 5524 Se-

2100 5554 2278 5621 quitur
2312 5550 2471 5606 etiam
2507 5539 2809 5620 graicorum
2834 5539 3271 5621 lectiotiem,_qiii
3298 5540 3495 5620 acetum
3526 5539 3724 5620 legunt

2101 5612 2216 5678 cum
2238 5623 2357 5692 felle
2376 5612 2628 5686 mixtum,
2654 5635 2750 5689 pro
2773 5634 2838 5692 eo
2857 5613 2995 5692 quod
3029 5613 3196 5692 latini
3225 5612 3464 5692 plerique
3491 5612 3683 5692 vita»:
3702 5630 3721 5676 ;

2103 5679 2473 5765 quze'varietas
2505 5679 2626 5765 pata
2649 5679 2714 5745 ex
2740 5679 2929 5743 vicinia
2960 5698 3152 5764 vocum
3166 5688 3350 5765 eget-et
3372 5679 3518 5741 οἶνος.
3551 5680 3721 5765 Ruﬁ.

2104 5752 2208 5821 nus
2229 5766 2282 5820 in
2301 5763 2562 5835 Symbolo
2591 5770 2882 5831 utrumque
2914 5754 3213 5824 espressit,
3247 5752 3428 5809 viuum
3458 5752 3723 5822 myrrha-

2105 5845 2216 5893 tum
2248 5847 2299 5894 et
2325 5845 2558 5893 acetum.
