4006 6280
374 335 516 393 1089

372 448 581 518 Corpus
607 447 701 513 ait,
730 446 1052 519 sanguisque
1084 462 1236 503 mens
1256 446 1343 518 qui
1374 446 1613 504 funditur
1635 445 1724 503 hic
1744 461 1775 503 e

373 538 481 594 Pro
515 538 703 603 vobis;
727 538 839 593 fieri
870 555 1082 608 semper
1112 539 1250 608 quod
1283 550 1468 608 postea
1493 534 1673 611 jussit.

374 631 555 700 Quave
580 641 823 687 creatura
853 647 1042 702 panem
1068 633 1357 703 vinumque
1395 635 1593 704 putatis

374 725 507 781 Esse
551 739 706 779 suum
745 740 941 796 corpus
987 739 1109 780 cum
1141 723 1402 795 sanguine
1422 726 1445 778 Ἰ
1466 740 1692 796 quaeque
1720 724 1976 784 fatenda?

372 817 490 874 Non
518 832 578 874 se
601 816 864 873 factorem
894 817 1075 877 mundi
1100 832 1197 889 per
1228 817 1365 874 facta
1394 818 1664 889 probavit,

374 910 444 969 Et
469 922 691 983 portare
716 911 877 967 simul
907 912 975 968 de
992 927 1155 968 carne
1184 923 1235 967 et
1266 912 1526 983 sanguine
1551 914 1782 985 corpus?

998 1006 1228 1062 CAPUT
1259 1006 1352 1062 IX.

447 1098 546 1157 llic
568 1097 713 1157 Deus
733 1141 749 1168 ,
795 1098 883 1155 hic
908 1109 962 1155 et
989 1097 1155 1155 homo
1178 1115 1335 1156 verus
1354 1141 1368 1168 ,
1421 1115 1713 1172 verumque
1741 1099 1972 1172 loculus,

377 1191 454 1248 De
488 1192 652 1248 Patre
675 1192 1018 1264 principium,
1047 1191 1282 1264 genitum
1305 1192 1592 1249 delumine
1615 1194 1793 1251 lumen
1814 1236 1828 1263 ,

397 1281 630 1355 Spiritus
658 1292 713 1340 et
742 1283 998 1351 Verbum,
1029 1284 1201 1339 Patris
1230 1284 1460 1357 imagine
1488 1284 1566 1356 (ιι)
1595 1287 1797 1354 virtus;

381 1374 516 1431 Cum
548 1375 709 1432 Patre
730 1390 943 1447 semper
969 1386 1106 1444 erat,
1139 1375 1316 1430 unitus
1343 1376 1509 1446 gloria
1532 1385 1586 1431 et
1606 1393 1758 1446 mvo;

385 1466 779 1524 Omnitenentis
798 1467 940 1524 enim
968 1467 1115 1523 solus
1142 1467 1262 1537 quia
1289 1466 1452 1522 verba
1484 1468 1784 1538 ministrat,

375 1560 545 1628 Quem
576 1560 719 1631 capit
744 1560 796 1615 in
831 1561 1007 1627 terris,
1032 1568 1089 1616 et
1116 1575 1210 1630 per
1236 1574 1392 1630 quem
1422 1568 1609 1616 cuncta
1634 1562 1862 1619 creavit.

374 1652 544 1709 Filius
566 1654 682 1723 ipse
710 1653 826 1720 Dei,
846 1653 1200 1710 eharissimus
1225 1657 1341 1728 ipse
1366 1659 1639 1715 minister:

373 1747 509 1804 llinc
536 1756 737 1820 genus,
781 1748 906 1805 hinc
930 1758 985 1806 et
1011 1764 1208 1808 nomen
1240 1752 1418 1822 habet,
1443 1753 1569 1810 hinc
1589 1754 1824 1824 denique
1852 1766 1973 1823 reg-

626 1834 657 1843 ”
1718 1845 1893 1919 [num,

374 1934 449 1990 De
469 1933 699 1991 Domino
727 1935 1004 2005 Dominus,
1038 1939 1234 1996 ﬂuvius
1260 1940 1327 1996 de
1354 1940 1501 1997 fonte
1529 1941 1750 2011 perenni
1775 1979 1789 2007 ,

375 2022 472 2081 llic
493 2026 734 2095 patribus
761 2029 965 2084 sanctis
995 2045 1188 2099 parens
1215 2032 1282 2086 ab
1311 2032 1517 2103 origine
1550 2030 1731 2087 mundi
1764 2074 1781 2100 ,

374 2117 535 2174 Teste
562 2120 692 2187 Deo,
722 2121 1050 2193 quicumque
1080 2122 1243 2178 Deum
1270 2124 1465 2180 vidisse
1491 2125 1702 2181 fatetur.

372 2209 643 2267 Promissa
669 2222 723 2268 et
751 2215 1103 2276 memoranda
1132 2216 1309 2270 Patris
1336 2217 1588 2288 patefecit
1610 2218 1677 2272 ab
1707 2218 1859 2293 alto],

374 2301 580 2359 Eduxit
600 2305 877 2376 populum,
904 2317 1120 2378 gentem
1146 2310 1411 2379 percussit
1442 2310 1713 2380 iniquam;

374 2393 392 2448 l
402 2410 495 2464 pse
521 2397 772 2454 columna
800 2399 899 2454 fuit
926 2401 1060 2458 lucis
1087 2401 1350 2473 nubisque
1371 2402 1599 2472 rigoris;

374 2487 708 2560 Siecavitque
723 2505 887 2557 mare,
916 2501 970 2546 et
997 2493 1224 2564 populos
1243 2493 1395 2563 jubet
1427 2494 1502 2548 ire
1524 2508 1614 2563 per
1637 2493 1824 2559 undas,

372 2576 627 2635 Hostibus
655 2581 944 2652 implicitis,
970 2582 1241 2654 ﬂuctuque
1270 2585 1513 2655 fretoque
1543 2586 1777 2655 copertis
1810 2602 1823 2652 ;
1894 2582 1898 2587 ’

373 2670 476 2725 Per
502 2672 714 2728 deserta
744 2675 882 2728 viam
906 2674 1032 2731 fecit
1060 2693 1154 2732 sua
1181 2676 1333 2747 jnssa
1356 2678 1594 2743 secutis;

378 2764 451 2818 De
467 2766 606 2820 ctelo
634 2766 834 2837 populo
857 2782 1044 2836 panem
1069 2768 1270 2824 dimisit
1293 2774 1343 2824 in
1366 2769 1572 2826 umbris
1596 2786 1611 2835 ;

377 2854 676 2936 Erlnpitque
704 2866 931 2927 petram,
961 2858 1205 2914 sitientes
1234 2860 1372 2915 unda
1392 2860 1585 2931 rigavit
1607 2900 1625 2928 ,

373 2946 421 3003 Α
447 2947 559 3005 Deo
579 2949 890 3006 mandatum
912 2952 1042 3023 legis
1069 2952 1307 3024 Mosique
1335 2954 1544 3008 locutus

370 3040 503 3094 Cum
536 3041 734 3098 tonitru
764 3054 1033 3116 cantuque
1052 3046 1219 3114 tubae,
1248 3045 1589 3135 ﬂamtnteque
1611 3045 1862 3103 columna

373 3132 619 3190 Terribili
649 3138 789 3204 visu,
814 3140 1171 3197 tremebundo
1200 3142 1364 3198 corde
1395 3132 1653 3198 virorum.

373 3223 503 3280 Post
532 3227 612 3281 bis
637 3230 855 3286 vicenos
871 3234 1153 3303 completis
1172 3234 1447 3290 mensibus
1471 3249 1638 3291 annos
1662 3276 1678 3303 ,

373 3314 609 3374 Jordane
636 3319 829 3389 diviso,
858 3323 1030 3392 patuit
1049 3324 1155 3394 via,
1174 3325 1414 3381 constitit
1452 3327 1592 3381 unda
1617 3343 1633 3393 ;

374 3407 676 3484 Partirique
704 3414 875 3472 tribus
901 3425 1099 3475 terram
1132 3419 1392 3492 promissa
1427 3431 1671 3492 paterna.

1760 333 2107 394 APPENDIX
2136 335 2371 394 PRIMA:

1998 451 2049 510 Α
2077 449 2193 515 Ipse
2225 449 2605 521 prophetarum
2638 450 2875 509 Verbum
2903 452 3078 511 Patris
3107 465 3200 511 ore
3219 454 3431 513 locutus
3454 498 3468 525 ,

3537 340 3680 406 1090

2083 542 2322 612 Esscquc
2350 553 2633 599 venturum
2655 544 2809 601 terris
2830 588 2844 611 ,
2875 545 3253 620 hominemque
3280 548 3514 606 futurum

2080 634 2358 705 Prmdixit,
2386 637 2659 696 Christum
2693 640 2852 695 terris
2875 641 3158 698 manifeste
3190 642 3447 715 profatus.

2708 731 2936 791 CAPUT
2967 735 3033 791 X.

2171 821 2534 893 Exspectatns
2556 824 2607 878 in
2633 826 2915 893 auxilium,
2943 842 3066 898 spes
3084 829 3237 884 unica
3268 829 3421 900 vitae,

2078 912 2364 969 Mundatur
2391 916 2569 971 carnis
2591 917 2739 984 ferae,
2767 919 3064 988 mortisque
3086 920 3298 991 fugatur
3322 940 3335 977 :

2080 1003 2320 1061 Tandem
2354 1007 2498 1062 venit
2523 1008 2589 1064 ab
2620 1009 2846 1081 imperio
2875 1011 3050 1068 Patris
3072 1014 3455 1086 omnipotentis
3479 1055 3495 1082 ,

2081 1094 2342 1153 llumanis
2368 1112 2489 1154 sese
2517 1098 2732 1158 vestivit
2759 1111 2816 1158 et
2839 1104 3059 1161 artubus
3081 1105 3191 1163 ille.

2078 1186 2274 1255 Adam,
2308 1189 2482 1260 virgo,
2514 1191 2700 1260 draco,
2732 1193 2956 1265 lignum,
2990 1212 3112 1267 quas
3136 1212 3326 1255 caussa
3348 1199 3518 1257 ruinw
3542 1242 3560 1270 ,

2077 1280 2147 1336 Et
2173 1283 2256 1338 via
2287 1298 2387 1353 qua
2419 1299 2518 1340 nos
2545 1300 2694 1341 mors
2723 1293 3007 1343 temeraria
3028 1289 3245 1346 vicerat
3271 1304 3486 1360 omnes,

2078 1372 2192 1429 Hac
2234 1375 2422 1430 eadem
2460 1377 2711 1447 gradiens
2737 1387 2942 1449 pastor,
2980 1381 3348 1454 pecudemque
3370 1383 3676 1455 requirens;

2079 1466 2305 1538 Angela,
2328 1468 2554 1539 virgine,
2579 1483 2740 1526 carne
2761 1487 2877 1537 sua,
2900 1472 3137 1544 lignique
3159 1475 3390 1531 medela.

2078 1559 2157 1614 Ex
2185 1578 2292 1632 quo
2323 1563 2497 1618 vietus
2526 1562 2713 1631 homo,
2742 1565 2916 1622 victos
2944 1567 3218 1638 periturus
3243 1552 3429 1625 obibat
3454 1587 3469 1638 ;

2077 1650 2213 1706 Hinc
2237 1652 2580 1723 interpositus
2608 1669 2705 1724 pro
2732 1656 2905 1726 captis
2926 1657 3178 1715 onmibus
3205 1675 3365 1724 unus.

2078 1741 2345 1797 Sustinuit
2374 1746 2582 1814 patiens
2609 1746 2881 1803 inimicam
2906 1748 2962 1803 in
2982 1763 3212 1821 corpore
3239 1766 3452 1822 pmnam
3479 1794 3497 1823 ,

2004 1843 2053 1903 Β
2082 1836 2252 1893 Morte
2281 1853 2374 1893 sua
2394 1839 2642 1911 .Spolians
2663 1849 2917 1910 mortem,
2952 1842 3013 1898 ﬁt
3032 1857 3220 1900 caussa
3242 1846 3430 1901 salutis
3457 1888 3473 1914 ,

2080 1929 2190 1986 Nec
2215 1945 2320 1986 non
2351 1930 2403 1985 in
2434 1932 2590 1987 terris
2610 1947 2709 1988 suo
2740 1943 3022 2006 postquam
3045 1951 3273 2007 corpore
3300 1947 3488 1994 sancto

2076 2024 2265 2079 Omnia
2298 2039 2601 2095 perpessus,
2626 2028 2888 2097 persolvit
2915 2029 3095 2087 debita
3125 2040 3312 2089 nostra
3346 2049 3361 2097 ;

2078 2116 2344 2173 lufernum
2370 2119 2538 2189 petit;
2574 2120 2660 2176 hic
2674 2122 2883 2179 animas
2910 2138 3007 2193 pro
3036 2125 3267 2180 crimine
3293 2125 3502 2180 vinctas
3527 2164 3541 2191 ,

2077 2208 2208 2277 Quae
2234 2210 2350 2265 sine
2376 2212 2648 2280 praesidio,
2675 2215 2945 2272 conclusae
2971 2216 3212 2287 pondere
3239 2216 3394 2287 legis,

2075 2300 2214 2357 Olim
2248 2304 2527 2373 promissa,
2550 2314 2606 2360 et
2631 2317 2866 2377 sperata,
2896 2317 2951 2365 et
2982 2309 3131 2365 tarda
3162 2309 3424 2381 rogabant
3453 2350 3470 2376 ,

2077 2395 2396 2452 Sanctorum
2426 2398 2481 2453 in
2513 2400 2753 2471 requiem
2778 2400 2948 2479 dedit,
2976 2412 3031 2456 et
3058 2418 3178 2457 eum
3201 2403 3321 2459 luce
3349 2403 3593 2459 retraxit.

2077 2490 2257 2547 Tertia
2290 2492 2641 2563 namquc'die
2665 2493 2887 2550 subiens
2915 2509 3037 2550 cum
3066 2511 3291 2567 corpore
3316 2497 3506 2567 victor,

2076 2582 2302 2640 lmmani
2328 2585 2526 2641 virtute
2553 2586 2747 2653 Patris,
2778 2587 2864 2642 via
2891 2587 3032 2643 facta
3060 2588 3283 2657 salutis;

2074 2674 2245 2749 Inque
2264 2686 2508 2734 creatura
2539 2687 2756 2751 portans
2788 2679 3169 2753 hominemque
3196 2683 3474 2755 Deumque
3494 2724 3510 2751 ,

2075 2769 2405 2827 Conscendit
2434 2773 2602 2829 coalos
2623 2817 2638 2843 ,
2669 2775 2909 2844 captivas
2940 2775 3029 2831 ille
3059 2775 3322 2831 reducens
3420 2834 3436 2848 ,

2079 2862 2379 2932 Primitias,
2409 2881 2604 2921 munus
2644 2866 2873 2921 Domino
2903 2867 3233 2939 charamque
3259 2868 3480 2940 figuram
3507 2885 3522 2936 ;

2075 2953 2438 3027 Cnnseditque
2466 2956 2611 3012 Patri
2643 2957 2776 3013 lucis
2803 2959 3002 3015 virtute
3033 2968 3248 3030 recepta
3270 2999 3284 3024 ,

2077 3046 2259 3103 Gloria
2287 3063 2388 3119 qua
2418 3050 2657 3105 munitus
2687 3059 2823 3120 erat,
2858 3050 2985 3106 dum
3020 3051 3260 3107 vinceret
3285 3050 3532 3121 hostem,

2077 3140 2278 3210 Spiritu
2307 3140 2655 3212 conjunctus,
2683 3141 2753 3199 de
2774 3144 2928 3200 nobis
2956 3158 3121 3200 carne
3166 3145 3392 3216 ligatus,

2079 3232 2234 3288 l‘lunc
2271 3233 2431 3291 Pater
2485 3241 2540 3290 et
2590 3235 2989 3292 Dominumet
3035 3236 3310 3294 Christum
3369 3236 3680 3309 Regemque

3380 3330 3676 3402 Deumque.

2082 3416 2292 3473 Judicio
2318 3430 2591 3491 regnoque
2620 3418 2747 3478 dato
2777 3420 3043 3479 missurus
3071 3421 3128 3482 in
3154 3421 3341 3481 orbem
3368 3430 3472 3479 est.

1612 3531 1995 3592 LECTIONES
2024 3528 2472 3621 ἾΑΒΙΑΝΤΕΞ.⁸

433 3642 507 3707 (1)
533 3643 713 3697 Christi
736 3647 831 3697 sub
848 3647 1063 3712 imagine
1088 3648 1249 3701 Obert.

443 3852 729 3924 Sequentia
755 3868 967 3924 quoque
1005 3852 1254 3910 Pocmata
1295 3856 1393 3912 sub
1429 3855 1745 3911 Tertulliani
1784 3855 2001 3911 nomine
2029 3852 2186 3924 vulgo
2216 3850 2518 3907 traduntur.
2567 3853 2674 3909 Nos
2723 3861 2929 3909 tantum
2973 3855 3147 3911 virum
3211 3865 3316 3911 tam
3371 3857 3533 3912 iratas
3576 3870 3679 3911 un-

372 3961 530 4016 quam
585 3947 836 4003 habuisse
875 3949 1052 4005 Musas
1079 3964 1185 4004 non
1222 3949 1512 4004 credimus.
1555 3948 1631 4003 Ea
1698 3959 1875 4004 tamen
1922 3945 2331 4018 qualiacumque
2373 3954 2530 4011 sunt,
2565 3945 2653 4001 hic
2693 3946 2881 4017 subjici
2909 3948 3175 4017 patimur;
3207 3950 3327 4019 quia
3359 3949 3494 4005 lucis
3517 3947 3682 4005 etiam

373 4040 617 4096 nonnihil
673 4040 1010 4098 Tertulliano
1062 4044 1379 4109 conferunt;
1430 4057 1529 4098 nec
1572 4041 1757 4113 procul
1786 4042 1855 4097 ab
1903 4040 2046 4095 illius
2066 4054 2186 4094 aevo
2214 4036 2539 4110 Carthagine
2569 4038 2785 4096 condita
2832 4039 3115 4098 videntur.
3157 4042 3224 4099 Et
3266 4044 3551 4101 miratores
3582 4044 3680 4099 ha-
3774 4058 3783 4071 ν

373 4136 496 4191 beat
523 4136 682 4191 etiam
712 4152 832 4192 cum
860 4136 1079 4193 ftecibus
1101 4138 1213 4192 suis
1240 4136 1517 4206 atnphorm
1544 4134 1761 4189 Punicae
1802 4142 2076 4190 senectus.
2103 4131 2227 4188 Βία.

1103 4356 1875 4472 INCERTI
1938 4350 2857 4471 AUGTORIS
2884 4429 2929 4474 .

1500 4564 1651 4637 DE
1702 4556 2133 4636 JUDICIO
2187 4556 2621 4673 DOMIN}.
2674 4558 2691 4565 “

369 4264 1971 4291 -ι--η-ι-μ--η--ι--ᾠι

897 4719 1122 4777 CAPUT
1151 4718 1437 4776 PRIMUM.

440 4817 570 4886 Quis
597 4815 730 4873 mihi
761 4813 1023 4870 ruricolas
1047 4814 1251 4883 aptabit
1279 4812 1518 4869 carmine
1546 4808 1758 4867 Musas?

369 4910 439 4967 Et
460 4911 610 4967 verni
636 4923 823 4966 roseas
855 4906 1083 4963 titulabit
1109 4906 1330 4964 ﬂoribus
1356 4904 1552 4961 auras?

368 5004 702 5076 .IEstivaaque
721 5017 915 5076 graves
940 5010 1177 5056 maturas
1205 5000 1397 5056 messis
1425 4996 1648 5054 aristas?

368 5096 498 5163 Quis
517 5095 668 5151 dabit
695 5104 749 5150 et
778 5092 1011 5149 tumidas
1038 5091 1280 5148 autumni
1306 5090 1504 5144 vitibus
1530 5087 1698 5143 uvas?

368 5186 567 5253 Quisve
607 5186 787 5259 hyemi
826 5183 1060 5256 placidas
1092 5198 1306 5254 semper
1329 5181 1565 5237 laudabit
1591 5176 1794 5235 olivas?
1821 5221 1834 5231 ,

368 5277 737 5350 Recludetque
760 5280 890 5350 ipsis
916 5286 1197 5332 renovatas
1222 5274 1452 5331 fontibus
1483 5269 1692 5327 undas?

369 5370 807 5442 Frondentesque
833 5385 967 5441 vago
989 5370 1160 5427 caedet
1181 5369 1248 5423 de
1272 5365 1514 5438 gramine
1541 5360 1737 5419 ﬂores?

370 5463 622 5519 Protinus
648 5463 870 5519 aetherei
895 5462 1213 5518 modulabor
1240 5459 1455 5514 luminis
1472 5470 1650 5512 auras.

369 5555 488 5612 Jam
518 5556 649 5611 mihi
677 5555 929 5612 luciferas
954 5556 1115 5611 liceat
1145 5552 1457 5622 contingere
1490 5548 1684 5612 Musas,

370 5647 614 5703 Pandere
636 5657 871 5704 secretas
900 5647 1100 5703 ﬂuviali
1125 5646 1328 5701 vertice
1369 5645 1644 5718 lymphas;

371 5739 440 5794 Et
466 5740 615 5796 laetas
638 5741 745 5796 alio
766 5742 968 5811 positas
993 5739 1094 5795 sub
1118 5739 1294 5795 sidere
1310 5739 1507 5811 sylvas,
1584 5786 1589 5789 .

373 5832 734 5904 JEternasque
752 5831 913 5888 simul
936 5831 1253 5888 modulabor
1271 5833 1508 5890 carmine
1533 5833 1801 5899 ﬂammas,

373 5924 530 5986 Unde
558 5941 709 5983 mare
735 5924 1025 5995 tumidum,
1057 5923 1320 5983 immensa
1343 5923 1563 5985 ﬂuctuet
1591 5924 1755 5992 unda,

1968 4256 3670 4291 mw

2000 4717 2054 4776 D
2080 4710 2209 4780 Quas
2236 4711 2405 4766 virtus
2430 4709 2630 4767 solidas
2657 4720 2979 4784 moveatque
3016 4715 3327 4773 tremiscere
3353 4725 3541 4787 terras,

2073 4801 2145 4859 Et
2167 4803 2261 4858 lux
2290 4802 2435 4860 unde
2462 4818 2603 4860 novo
2633 4804 2957 4875 praefulserit
2986 4820 3148 4864 aurea
3178 4810 3400 4878 mundo,

2082 4897 2282 4963 Quisve
2311 4897 2585 4954 hominem
2617 4897 2742 4954 laeto
2768 4899 3031 4970 potuisset
3055 4902 3253 4974 ﬁngere
3284 4905 3461 4971 limo,.

2077 4988 2235 5046 Unde
2277 5005 2451 5062 genus
2479 5004 2648 5046 vacuo
2688 4992 2951 5061 potuisset
2979 5008 3223 5051 crescere
3252 4996 3444 5064 smelo;

2078 5080 2151 5138 Et
2176 5098 2294 5153 qua:
2322 5081 2534 5137 vivendi
2563 5082 2765 5153 populo
2793 5083 2862 5139 sit
2889 5085 3056 5139 multa
3082 5086 3299 5156 cupido,

2079 5177 2278 5243 Quaave
2307 5183 2486 5231 creata
2514 5176 2679 5241 malo,
2711 5176 2976 5232 moriendi
2999 5193 3186 5248 quaeve
3213 5194 3471 5261 propago,

2082 5270 2238 5328 Unde
2269 5271 2439 5326 bonus
2478 5270 2651 5326 roseis
2678 5269 2749 5325 sit
2776 5270 3018 5341 odorque
3042 5272 3312 5345 ruborque
3343 5273 3579 5330 coronis.

2081 5363 2221 5432 Quid
2251 5363 2409 5420 faciat
2434 5363 2573 5419 lzetis
2600 5372 2661 5419 ut
2687 5363 2812 5419 vitis
2836 5365 3098 5421 abrestuet
3120 5368 3256 5434 uvis,

2084 5456 2153 5511 Et
2186 5457 2337 5525 plena
2366 5471 2397 5512 e
2426 5457 2624 5512 teneris
2657 5456 2942 5513 tendantur
2978 5467 3038 5512 ut
3063 5457 3257 5516 horrea
3285 5460 3509 5530 culmis,

2085 5550 2260 5605 Arbor
2289 5559 2348 5605 ut
2374 5551 2427 5605 in
2454 5551 2823 5629 glacieknigris
2852 5550 3108 5622 pubescat
3141 5552 3318 5610 olivis.

2088 5641 2428 5699 Cerminibus
2448 5644 2572 5716 quis
2592 5645 2684 5703 det
2709 5645 2844 5702 varii
2875 5646 3210 5704 incrementa
3239 5648 3460 5722 vigoris,

2086 5737 2337 5793 Mollibus
2361 5745 2657 5795 ctmatrem
2692 5741 2958 5815 pullprum
2986 5749 3230 5813 protegat
3261 5741 3486 5797 umbris.

2086 5829 2279 5887 Omnia
2306 5844 2466 5886 nosse
2488 5833 2689 5887 bonum
2717 5849 2837 5905 qua:
2876 5836 2986 5891 sint
3014 5834 3273 5891 miracula
3301 5847 3511 5902 rerum,
3549 5844 3556 5852 '

2090 5927 2161 5984 Ut
2187 5925 2473 5986 Dominum
2502 5927 2658 5987 liceat
2684 5942 2784 6003 per
2813 5938 3009 5989 cuncta
3058 5945 3353 6004 agnoscere
3376 5943 3582 6004 verum,
