4006 6280
1791 292 2255 354 ΤΕιιτυιιιΑΝι

2002 414 2057 473 Α
2082 411 2331 485 Etsuper
2350 413 2456 468 alta
2486 420 2676 471 tenens
2700 413 2899 471 summi
2925 409 3134 487 fastigia
3158 411 3302 480 coeli,

379 428 480 498 Qui
513 428 709 495 lucem,
745 424 929 492 maria,
955 430 1007 479 ct
1031 418 1247 487 coelum,
1281 426 1585 489 terramque
1616 414 1844 486 paravit,

379 519 707 589 Ornavitque
740 531 932 572 novum
962 513 1170 571 variato
1192 511 1367 568 sidere
1397 507 1685 572 mundum;

379 610 448 665 Et
472 607 701 680 pecudes
731 608 960 679 primum
981 612 1036 662 et
1058 603 1302 659 volucres
1324 598 1616 672 procedere
1633 597 1815 668 jussit,

380 704 448 761 Et
471 703 620 761 dedit
646 717 924 774 aequoreas
952 698 1207 771 compleri
1237 696 1473 769 piscibus
1497 693 1689 759 undas,

380 798 446 853 Et
476 796 819 855 fmcundatas
839 790 1145 852 animabus'
1162 793 1303 864 cogit
1333 803 1545 846 arenas.

317 902 327 909 '
378 890 529 949 Talia
556 891 869 963 compositis
889 885 1415 946 deducamocarmina
1438 882 1623 950 Musis,

380 988 558 1058 Atque
584 985 849 1042 salutares
875 996 1137 1055 exponam
1166 979 1403 1037 fontibus
1428 977 1618 1042 undas,

381 1079 451 1135 Et
479 1078 661 1136 laetum
687 1075 907 1150 placidis
933 1076 1239 1132 venientem
1264 1072 1496 1129 nubibus
1524 1069 1770 1135 imbrem,

380 1170 547 1242 Inque
574 1171 779 1225 animas
804 1169 1081 1226 hominum
1105 1168 1338 1240 penitus,
1366 1163 1610 1235 ultroque
1632 1158 1904 1225 fluentem,

381 1262 628 1337 Excipiat
653 1262 826 1336 plenis
846 1262 900 1319 in
925 1270 1107 1319 nostra
1138 1257 1348 1315 novalia
1375 1255 1525 1313 rivis.

1024 1349 1251 1410 CAPUT
1274 1350 1337 1406 11.

450 1448 605 1506 Nune
625 1461 742 1521 age,
768 1460 1013 1505 securam
1033 1446 1318 1515 vivamque
1346 1441 1623 1512 adtingere
1648 1439 1942 1512 lympham,

381 1545 450 1602 Et
482 1544 688 1601 celeres
718 1543 883 1599 vitam
913 1539 1165 1597 amissam
1197 1552 1451 1608 reparare
1477 1549 1573 1605 per
1597 1532 1769 1589 undas

381 1638 437 1695 Si
462 1638 610 1706 velit,
639 1649 857 1693 aeterna:
880 1638 934 1692 e‘t
963 1647 1151 1707 poenas
1176 1629 1405 1688 evadere
1441 1628 1670 1683 flammae
1690 1667 1705 1693 ,

380 1730 707 1802 Ignarusque
727 1728 846 1798 Dei,
875 1723 1196 1798 venturique
1222 1724 1423 1781 inscius
1445 1721 1565 1790 aevi,

383 1823 451 1879 Et
473 1824 647 1895 potius
676 1830 917 1879 ventum
943 1819 1166 1892 adipisci
1198 1817 1417 1890 praemia
1443 1816 1588 1881 vitae;
1627 1845 1644 1858 ο
1772 1876 1775 1877 ν

383 1915 536 1971 [Iuno
557 1928 722 1970 unum
749 1912 1061 1970 meminisse
1088 1911 1255 1967 Deum
1274 1951 1289 1976 ,
1320 1907 1602 1979 solumque
1633 1902 1983 1977 precandum,

381 2007 484 2075 Qui
510 2016 681 2064 totum
700 2007 753 2063 in
787 2004 924 2062 libra
947 2007 1126 2077 posuit
1149 2000 1249 2060 sub
1277 2001 1463 2059 limine
1490 1997 1769 2065 mundum,

382 2099 774 2173 IEternumque
802 2096 1047 2166 manens,
1076 2097 1394 2169 semperque
1420 2094 1629 2150 futurus
1654 2091 1708 2147 in
1745 2103 1938 2159 aevum,

382 2192 588 2250 Srecula
609 2201 799 2250 cuncta
825 2202 1031 2259 tenens,
1055 2200 1181 2247 ante
1199 2189 1378 2246 omnia
1413 2186 1605 2244 szccula
1636 2184 1785 2242 solus

382 2286 678 2358 Ingenitus,
706 2286 825 2343 sine
850 2284 957 2342 ﬁne
986 2284 1149 2351 Deus,
1180 2282 1473 2354 sedemque
1498 2291 1785 2352 supernam

380 2383 541 2442 Solus
572 2385 798 2451 habens,
832 2384 978 2439 solus
1001 2382 1169 2438 caelos
1196 2377 1561 2450 supereminet
1589 2375 1745 2439 altos,

381 2476 735 2549 Omnipotens
758 2474 928 2544 solus,
956 2473 1041 2530 cui
1068 2480 1261 2543 parent
1290 2468 1471 2526 omnia
1499 2481 1713 2532 rerum;

381 2570 485 2638 Qui
509 2568 610 2625 sibi
640 2565 1019 2638 complacitum
1045 2564 1318 2620 hominem
1345 2559 1600 2618 formavit
1627 2558 1680 2613 in
1708 2568 1906 2621 aevum,

382 2661 662 2718 Pastorem
686 2656 973 2732 pecudum,
1003 2666 1058 2715 et
1084 2656 1361 2714 dominum
1387 2654 1535 2712 dedit
1560 2666 1681 2710 esse
1707 2649 1983 2719 ferarum;

382 2753 486 2821 Qui
511 2768 759 2810 sermone
786 2761 941 2810 tenus
968 2750 1140 2824 potuit
1164 2748 1491 2822 protendere
1517 2745 1731 2813 coelum,

382 2846 453 2902 Et
481 2844 707 2902 solidam
737 2843 901 2901 verbo
930 2844 1104 2915 potuit
1130 2840 1458 2913 suspendere
1479 2849 1699 2906 terram,

382 2938 453 2994 Et
480 2937 623 2995 dicto
650 2938 807 2995 citius
831 2936 1166 3009 disjunxerat
1189 2930 1421 3006 aequoris
1442 2931 1665 2999 undam,

382 3034 461 3089 Ac
490 3032 737 3090 manibus
765 3031 984 3089 charam
1016 3030 1199 3087 dilexit
1228 3030 1430 3102 ﬁngere
1452 3027 1699 3091 formam,

382 3125 557 3194 Atque
585 3139 739 3181 suam
764 3123 929 3181 voluit
950 3124 1138 3180 facient
1168 3136 1381 3195 quoque
1409 3122 1586 3176 inesse
1608 3117 1880 3185 decoram,

377 3216 696 3290 'Spirituque
719 3216 935 3276 adflavit
960 3217 1171 3275 vivendi
1210 3216 1445 3274 vultibus
1466 3228 1670 3272 auram.

378 3332 384 3339 ‘
1024 3310 1253 3369 CAPUT
1280 3309 1367 3365 111.

454 3416 744 3484 Immemor
773 3427 863 3484 ille
891 3422 1008 3496 Dei,
1042 3434 1243 3483 temere
1270 3425 1605 3482 committere
1635 3423 1740 3480 tale

383 3519 501 3577 Non
528 3521 664 3577 ultra
685 3521 951 3577 monitum
981 3520 1269 3592 quidquam
1315 3519 1647 3589 contingeret
1676 3528 1840 3571 unum

384 3615 538 3673 Unde
564 3616 763 3671 malum
795 3616 979 3694 sciret,
1009 3616 1210 3686 pariter
1235 3615 1577 3686 dignosceret
1604 3628 1838 3685 aequum,

387 3704 639 3761 Protinus
669 3704 931 3761 inlicitum
962 3705 1130 3761 vetuit
1154 3704 1466 3774 contingere
1493 3718 1732 3775 pomum.

384 3798 591 3867 Quanta
619 3799 757 3856 Deus
787 3798 988 3855 homini
1018 3797 1260 3869 permisit
1303 3811 1524 3859 munera
1546 3796 1773 3852 mundi?

384 3891 451 3947 Et
473 3892 746 3964 praedulce
772 3893 853 3950 sui
884 3892 1113 3964 signavit
1142 3883 1331 3963 pignus
1355 3890 1594 3946 amoris?

382 3983 583 4058 Jusque
607 3985 757 4043 dedit
785 3984 1085 4056 volucrum,
1105 3993 1433 4058 pontumque
1461 3983 1741 4058 solumque
1763 3979 1987 4040 doman-

1810 4075 1983 4149 [dum,

385 4168 544 4241 Utilia
567 4176 621 4226 et
645 4167 822 4226 charte
853 4169 1037 4227 tribuit
1065 4170 1316 4227 mandata
1344 4169 1554 4227 salutis.

383 4264 493 4323 Sub
518 4264 719 4320 ditione
738 4264 886 4320 dedit
914 4273 1106 4332 terras,
1129 4264 1441 4335 animasque
1470 4262 1771 4333 volantum,

385 4359 794 4430 Pennatumque
830 4372 996 4430 genus
1016 4399 1033 4427 ,
1064 4354 1327 4428 pecudum
1367 4370 1537 4428 genus
1563 4371 1724 4412 omne
1753 4355 1985 4413 ferarum

384 4452 448 4507 Et
475 4428 644 4523 genus
672 4466 979 4523 :equoreum
1000 4492 1016 4518 ,
1047 4458 1101 4506 et
1126 4448 1394 4507 deformia
1416 4459 1655 4505 monstra
1686 4457 1984 4507 natantum.

383 4544 488 4603 Sed
520 4547 773 4618 quoniam
802 4546 976 4617 primo
999 4555 1367 4616 transgressus
1391 4541 1619 4617 crimine
1646 4543 1841 4614 legem,

384 4639 611 4711 Jamjam
638 4639 845 4710 primus
877 4641 1036 4696 homo
1063 4637 1275 4694 Domini
1295 4635 1543 4715 mgndata
1568 4637 1820 4709 reliquit,

383 4732 623 4804 Conjuge
652 4747 774 4803 quae
799 4732 937 4787 mala
962 4740 1154 4787 cuncta
1183 4730 1387 4805 suasit,
1420 4739 1593 4786 morte
1615 4730 1846 4800 peribat.

384 4812 703 4894 Peccatique
734 4823 930 4878 malum
955 4822 1223 4878 commisit
1252 4808 1471 4879 fmtiiina
1494 4823 1747 4893 primum,

384 4914 847 4987 Transgressaque
864 4929 1019 4970 suum
1047 4913 1255 4989 decepit
1284 4914 1400 4987 lege
1425 4915 1701 4984 maritum,

386 5005 499 5062 Eva
522 5006 742 5061 inducta
766 5005 892 5062 dolo
914 5004 1162 5077 patefecit
1189 5006 1370 5063 limina
1388 5007 1556 5077 letho,

387 5100 452 5155 Et
480 5097 583 5156 sibi
613 5114 733 5155 cum
760 5112 957 5172 genere
990 5101 1290 5171 procreavit
1309 5100 1496 5159 funera
1522 5110 1653 5171 toto,

387 5196 519 5253 Hinc
537 5194 686 5251 nefas
706 5197 1000 5265 incautum,
1021 5210 1169 5252 mors
1194 5196 1320 5254 hinc
1346 5198 1500 5269 quasi
1521 5212 1704 5256 semen
1732 5198 1786 5255 in
1810 5211 1986 5256 ravum

384 5290 686 5362 Spargitur,
717 5288 841 5345 inde
871 5290 1038 5362 magis
1066 5288 1275 5346 facinus
1305 5293 1812 5364 percrebuitatrox,

382 5385 559 5459 Atque
586 5384 735 5440 labor
764 5393 1078 5457 corruptum
1104 5386 1323 5459 agitavit
1348 5390 1545 5445 erevior
1571 5387 1783 5445 orbem.

381 5476 614 5533 Callidus
644 5475 889 5551 hocﬁzelo
918 5494 1142 5553 serpens
1166 5481 1355 5537 inlexit
1380 5482 1430 5540 in
1461 5482 1601 5554 ipso,
1650 5542 1655 5547 ,

381 5564 512 5625 lude
539 5569 706 5640 magis
733 5571 913 5642 populi
941 5574 1530 5631 accersunteommissa
1562 5573 1849 5630 malorum.

380 5659 560 5737 Atque
579 5654 807 5722 nefanda
834 5666 989 5723 malis
1019 5678 1345 5740 pepererunt
1370 5669 1580 5728 semina
1604 5668 1782 5726 factis.

698 5833 703 5849 τ
760 5846 763 5849 Α
1022 5738 1272 5820 unum"
1290 5763 1376 5818 IV.

460 5842 667 5913 Idcirco
696 5842 954 5916 Deminus
981 5855 1164 5933 solus,
1197 5858 1278 5912 cui
1311 5872 1517 5915 summa
1551 5866 1809 5933 potest”:

3518 334 3527 337 -
3549 285 3695 353 {092

2079 504 2258 561 Altum
2286 504 2338 559 in
2368 505 2639 575 praecelsis
2668 505 2916 563 habitans
2944 507 2999 561 in
3041 504 3239 561 saecula
3265 505 3470 574 lumen,

2078 597 2474 672 Prmsentisque
2500 616 2726 670 memor,
2753 616 2967 673 quoque
2991 600 3250 673 praescius
3273 608 3397 657 ante
3424 597 3616 668 futuri,

2081 691 2397 764 Progeniem
2427 694 2603 750 meriti
2627 692 2903 751 decretum
2932 695 3181 751 servatin
3212 710 3405 761 aevum,

2082 783 2148 838 Et
2166 793 2385 841 cunctas
2410 787 2637 853 animas,
2670 795 2781 842 tum
2811 802 3039 859 corpora
3070 784 3219 842 larda
3246 785 3574 859 gubernans,

2083 876 2213 952 Quae
2244 878 2451 935 ratione
2477 888 2696 935 movent
2735 880 3006 937 hominem
3037 896 3134 951 per
3177 879 3345 936 multa
3376 862 3703 951 vagantem;

2087 972 2155 1028 Ut
2184 973 2415 1043 primum
2442 973 2601 1044 positi
2631 975 2996 1031 membrorum
3023 974 3262 1045 pondera
3289 972 3522 1043 cedunt;

2084 1063 2446 1137 Tcrrenisque
2475 1066 2620 1122 leves
2644 1067 2895 1124 resolutis
2912 1067 3137 1123 nexibus
3160 1066 3336 1137 ibunt,
3532 1065 3539 1075 “

2084 1158 2164 1216 Ac
2190 1159 2435 1231 proprias
2462 1159 2677 1231 capient
2702 1156 2932 1218 diversis
2965 1161 3209 1231 partibus
3238 1171 3363 1217 oras

2086 1253 2185 1308 Ast
2210 1252 2343 1307 alias
2364 1252 2500 1309 lmtis
2528 1254 2770 1310 revocari
2800 1253 3043 1324 protinus
3069 1253 3237 1320 auris,

2003 1374 2016 1383 -
2086 1342 2295 1406 Servari
2321 1348 2531 1419 penitus
2562 1348 2796 1405 decretae
2815 1346 2882 1404 ad
2904 1350 3126 1420 praemia
3144 1349 3301 1421 legis,

2088 1443 2223 1500 Dum
2245 1444 2403 1499 motis
2421 1444 2614 1499 iterum
2642 1430 3211 1514 hvirescantcorpora
3240 1432 3523 1500 membris.

2088 1534 2203 1592 Illic
2218 1534 2442 1593 occultis
2462 1534 2792 1592 claudentur
2821 1550 2986 1608 prava
3010 1536 3265 1593 tenebris.

2088 1629 2241 1687 Tunc
2273 1630 2518 1688 homines
2532 1632 2728 1702 "prima:
2756 1647 2983 1703 pensare
3014 1631 3233 1702 prtemia
3261 1631 3388 1686 vita:

2089 1720 2375 1795 Incipient,
2408 1724 2720 1797 crimenque
2747 1740 2903 1781 suum
2930 1724 3220 1796 culpasque
3245 1732 3453 1796 putare,

2013 1812 2064 1877 B
2092 1814 2161 1870 Et
2190 1815 2364 1888 poenis
2394 1818 2646 1887 retinere,
2678 1817 2863 1889 procul
2891 1816 2959 1873 de
2988 1826 3161 1873 morte
3189 1816 3405 1889 futuris,

2092 1909 2420 1982 Judiciisque
2451 1911 2543 1967 Dei
2565 1926 2835 1969 memores
2864 1911 3077 1968 adstare
3102 1910 3336 1983 piorum,

2060 2036 2063 2039 -
2094 2005 2421 2077 Exspectare
2448 2020 2599 2062 suam
2631 2022 2960 2079 suorumque
2989 2022 3056 2063 ex
3088 2006 3313 2078 crimine
3339 2008 3592 2076 pcenam;

2092 2098 2352 2156 Funditus
2383 2111 2475 2157 aut
2500 2116 2754 2172 pecorum
2778 2101 2894 2157 sine
2927 2086 3143 2155 noi'nine
3171 2099 3353 2154 vivere
3397 2096 3589 2166 vitam,

2093 2192 2470 2267 lncassumque
2499 2195 2606 2251 Deo
2627 2195 2738 2265 jam
2767 2194 2931 2250 surdo
2959 2192 3183 2249 fundere
3211 2190 3418 2249 fletum.

2731 2286 2960 2345 CAPUT
2994 2287 3057 2342 ν.

2165 2380 2248 2459 An
2275 2405 2416 2460 Deus
2442 2404 2804 2476 omnipotens,
2822 2403 2972 2475 cujus
2994 2402 3093 2459 sub
3119 2404 3237 2474 lege
3263 2408 3523 2473 reguntur

2090 2494 2302 2562 Omnia,
2336 2512 2440 2553 non
2462 2497 2634 2553 valeat
2653 2507 2776 2569 post
2802 2506 3030 2552 mortem
3049 2493 3277 2551 reddere
3290 2494 3490 2549 vitam?

2089 2589 2197 2644 Aut
2219 2588 2417 2661 aliquid
2444 2590 2699 2647 Dominus
2728 2606 2912 2646 rerum
2951 2605 3057 2646 non
3087 2604 3243 2660 posse
3262 2585 3512 2644 videtur?

2088 2679 2145 2738 Si
2174 2684 2343 2753 potuit
2372 2683 2608 2740 tenebris
2639 2683 2805 2755 pulsis
2832 2681 3123 2739 extendere
3148 2682 3346 2749 lucem,

2092 2775 2267 2848 Atque
2287 2792 2501 2833 omnem
2529 2777 2691 2834 verbo
2717 2778 2896 2835 subito
2923 2790 3246 2847 componere
3273 2773 3493 2844 molem,

2090 2867 2281 2924 Omnia
2307 2869 2375 2926 de
2396 2869 2562 2926 nihilo
2587 2885 2799 2942 quoque
2826 2885 2957 2927 voce
2986 2877 3203 2940 potente
3222 2881 3437 2938 parare,

2089 2960 2198 3018 Cur
2218 2977 2323 3019 non
2346 2977 2410 3019 ex
2433 2964 2613 3035 aliquo
2635 2965 2804 3035 possit
2828 2978 3154 3036 componere
3184 2973 3389 3030 notam,

2089 3054 2220 3123 Quae
2250 3055 2420 3111 fuerat
2445 3055 2734 3128 quondam,
2767 3072 2925 3128 quam
2956 3058 3179 3114 finxerat
3206 3065 3349 3123 ante,
3374 3054 3547 3127 ﬁgura
3577 3090 3589 3103 .
3616 3052 3643 3098 ⁷

2092 3147 2513 3221 Adsimilemque
2533 3150 2632 3206 sibi
2651 3150 2838 3220 jubeat
2856 3165 3139 3218 resurgere
3164 3148 3430 3206 formam?
3606 3134 3609 3137 ’

2011 3211 2058 3277 c
2089 3240 2224 3297 Cum
2249 3242 2359 3297 sint
2385 3211 2576 3300 cuncta
2598 3211 2713 3311 Dei,
2741 3211 3113 3315 redditura—gis
3142 3243 3320 3299 omnia
3349 3241 3530 3311 tellus,

2089 3334 2245 3391 Jussa
2274 3342 2488 3391 retexet
2513 3336 2657 3391 enim
2687 3334 2942 3407 quidquid
2970 3343 3281 3404 contexerat
3302 3333 3452 3389 olim.

2089 3428 2145 3486 Si
2174 3444 2334 3500 quem
2362 3428 2501 3485 forte
2529 3429 2674 3500 rogis
2700 3429 2930 3485 abolevit
2956 3427 3170 3483 flamma
3191 3427 3482 3498 sepultum,

2089 3520 2199 3577 Aut
2223 3520 2457 3591 aliquem
2485 3520 2649 3577 caecis
2675 3519 3141 3591 disjeceritaequor
3172 3524 3223 3574 in
3248 3518 3423 3587 undis,
3482 3526 3495 3532 ’

2091 3611 2146 3669 Si
2167 3615 2432 3688 cujusque
2454 3613 2596 3671 fame
2618 3615 2882 3683 satiarunt
2908 3615 3113 3670 viscera
3142 3613 3338 3684 pisces,

2091 3705 2199 3760 Aut
2222 3704 2389 3761 fixere
2420 3706 2544 3762 ferae
2567 3706 2803 3763 crudelia
2835 3706 3019 3762 funera
3042 3706 3303 3762 membris
3321 3745 3336 3773 ,

2090 3797 2323 3855 Alitibus
2340 3798 2509 3869 jacuit
2534 3808 2744 3869 raptato
2772 3812 3001 3870 corpore
3026 3799 3263 3870 sanguis,

2092 3887 2289 3945 Ultima
2313 3905 2420 3944 non
2444 3889 2672 3946 Domino
2693 3891 2901 3962 rapient
2923 3906 3019 3946 sua
3048 3904 3269 3946 munera
3299 3903 3494 3962 magno
3556 3914 3559 3919 ε

2089 3982 2365 4053 Apparere
2392 3982 2501 4038 Deo
2526 3982 2674 4039 vivos
2698 3983 2766 4040 de
2795 3991 2967 4041 morte
2988 3999 3209 4040 necesse
3235 3993 3335 4051 est,

2092 4084 2516 4157 Resumptisque
2545 4087 2655 4142 suis
2687 4085 2932 4142 homines
2962 4065 3177 4142 adstare
3201 4084 3406 4156 ﬁguris.

2091 4178 2254 4234 Arida
2279 4179 2359 4234 sic
2388 4178 2569 4235 vacuis
2583 4178 2879 4234 redduntur
2903 4178 3109 4235 semina
3137 4176 3318 4245 terris,

2093 4270 2157 4326 Et
2178 4270 2390 4341 penitus
2418 4270 2539 4328 ﬁxis
2568 4279 2885 4342 putrescunt
2904 4280 3113 4327 mortua
3135 4268 3317 4337 sulcis,

2091 4358 2281 4421 Nonne
2300 4366 2570 4421 animatur
2597 4375 2651 4422 et
2680 4365 2803 4421 hinc
2829 4367 3088 4436 reparatis
3114 4363 3329 4420 culmen
3349 4361 3550 4432 aristis,

2093 4460 2266 4532 Atque
2294 4459 2489 4517 iterum
2515 4460 2650 4516 vivis
2672 4460 2965 4517 flavescunt
2995 4458 3155 4516 fortia
3182 4457 3382 4529 granis,

2095 4552 2543 4628 Consurguntque
2570 4569 2724 4611 novae
2745 4554 2895 4610 vario
2918 4567 3041 4625 cum
3069 4553 3277 4609 {tenore
3303 4549 3543 4607 messes?

2099 4646 2287 4703 Sidera
2307 4659 2500 4704 cuncta
2526 4647 2745 4715 cadunt,
2773 4646 3073 4718 iterumque
3098 4654 3285 4702 renata
3299 4642 3592 4708 nitescunt.

2095 4738 2166 4796 Et
2188 4739 2307 4796 dies
2334 4741 2384 4795 in
2412 4740 2575 4796 densa
2603 4738 2828 4795 moritur
2852 4753 2974 4794 cum
3002 4736 3202 4793 lumine
3231 4742 3408 4802 nocte,

2096 4831 2302 4889 Occidit
2331 4842 2386 4889 et
2406 4832 2516 4905 jam
2547 4842 2654 4889 n'ox
2682 4831 2845 4888 rebus
2877 4845 3001 4887 mox
3029 4830 3147 4886 luce
3172 4827 3407 4893 retectis,

2097 4927 2323 4997 Jamque
2350 4927 2461 4983 suis
2481 4928 2582 4982 alia
2603 4937 2763 4998 atque
2792 4926 2895 4983 alia
2924 4924 3040 4983 dies
3067 4924 3238 4995 surgit
3264 4921 3333 4978 ab
3353 4918 3535 4989 astris,

2098 5018 2296 5089 Solque
2315 5017 2477 5087 cadit,
2503 5016 2900 5089 splendorifero
2926 5018 3019 5089 qui
3050 5017 3251 5073 lumine
3278 5014 3497 5080 clarus;

2094 5110 2207 5166 Lux
2243 5112 2378 5181 perit
2405 5111 2649 5167 umbrato
2669 5111 2903 5168 venienti
2930 5123 3154 5181 veSpere
3179 5106 3378 5165 mundo

2094 5206 2161 5261 Et
2187 5214 2441 5261 renovata
2475 5219 2574 5260 suo
2600 5204 2729 5261 vivit
2758 5204 2978 5274 fuligine
3005 5202 3244 5274 phrenix,

2096 5300 2164 5355 Et
2190 5315 2285 5356 sua
2313 5314 2435 5355 mox
2466 5297 2697 5355 volucris
2729 5295 2967 5371 (mirum)
3001 5307 3123 5368 post
3159 5296 3315 5352 busta
3337 5297 3595 5366 resurgit.

2099 5392 2365 5463 Tempore
2385 5390 2528 5447 nuda
2552 5393 2664 5448 suis
2685 5391 2828 5447 foliis
2848 5405 3062 5463 quoque
3083 5390 3293 5446 fruticat
3318 5388 3501 5457 arbor,

2099 5486 2494 5556 l'omorumque
2522 5485 2715 5542 iterum
2745 5492 3034 5539 curvantur
3057 5481 3299 5555 germine
3329 5481 3487 5538 rami.

2739 5574 2964 5634 CAPUT
2997 5576 3086 5633 Vl.

2172 5671 2257 5729 Ad
2286 5686 2473 5728 vocem
2499 5687 2626 5743 ergo
2648 5671 2740 5727 Dei
2764 5670 2963 5727 mundo
2994 5686 3090 5743 per
3113 5676 3299 5727 cuncta
3327 5676 3617 5739 tremente,

2097 5765 2173 5821 Et
2202 5765 2361 5837 motis
2386 5764 2596 5835 penitus
2623 5763 2910 5844 virtutibus
2935 5764 3075 5820 aeris
3095 5764 3209 5831 alti,

2098 5857 2251 5914 Tunc
2276 5856 2453 5931 fragor
2477 5856 2738 5927 insolitus,
2771 5867 2895 5914 tunc
2924 5857 3155 5915 maxima
3181 5867 3452 5913 murmura
3478 5853 3631 5925 (mli,
