3940 6288
389 253 536 313 1095
1740 243 1748 250 ’
1836 262 2301 328 TERTULLIANI

389 371 786 447 Aiternumque
811 374 982 431 virent
1009 373 1140 430 Solae
1164 372 1279 431 sine
1306 377 1564 446 grandine
1590 380 1776 452 sylvae.

388 467 543 525 Nulla
573 468 770 526 eadunt
796 470 947 536 folia,
974 479 1029 524 et
1056 468 1203 525 nullo
1233 469 1334 526 ﬂos
1364 480 1606 543 tempore
1630 474 1781 531 deﬂt.

389 559 518 615 Flos
542 574 753 632 quoque
779 559 938 616 ﬂoret
962 560 1035 617 ibi
1063 562 1283 632 rubens,
1312 578 1408 619 ceu
1435 580 1665 636 purpura
1691 566 1877 635 Tarsi,

389 653 514 710 Flos
536 654 622 711 hic
643 655 824 722 credo,
846 669 970 711 rosa
991 664 1093 725 est,
1110 657 1274 713 rubor
1294 666 1453 730 atque
1477 659 1610 715 odor
1629 676 1754 717 acer
1775 662 1826 717 in
1850 662 1983 733 ipso,

386 745 477 802 Sic
506 745 650 802 foliis
679 749 914 819 speciem
941 742 1172 820 praefert,
1205 750 1283 806 sic
1311 753 1477 821 spirat
1501 751 1746 809 odorem.

387 839 566 895 Arbos
594 851 719 908 stat,
746 857 868 898 cum
896 841 1031 899 ﬂore
1057 856 1218 911 novo,
1248 843 1605 913 pulcherrima
1636 847 1809 917 pomis
1827 888 1842 915 ,

388 929 617 987 Vitalem
648 941 702 989 et
724 931 929 1005 frugem
957 934 1130 989 felicia
1154 935 1347 991 robora
1377 935 1625 993 densant.

389 1021 547 1079 Mella
573 1022 821 1079 viridanti
844 1023 1174 1097 conﬂagrant
1199 1024 1412 1097 pinguia
1435 1043 1633 1098 canna,

389 1113 498 1170 Lac
522 1115 680 1170 etiam
705 1114 878 1187 plenis
897 1125 1082 1172 manat
1106 1117 1339 1188 potabile
1363 1118 1529 1185 rivis;

390 1203 566 1260 Vitam
591 1205 791 1275 aspirat
819 1206 896 1263 ibi
919 1207 1170 1279 quicquid
1194 1209 1279 1280 pia
1306 1218 1450 1264 terra
1478 1209 1732 1279 virescit,

388 1299 457 1355 Et
480 1298 701 1371 pulchre
728 1301 936 1359 redolet
955 1319 1149 1360 munus
1166 1303 1481 1361 medicabile
1505 1304 1697 1362 Creta}.

388 1392 534 1449 Fons
559 1393 671 1450 illic
691 1395 912 1465 placidis
934 1396 1037 1452 levi
1063 1396 1181 1453 ﬂuit
1206 1400 1421 1469 agmine
1443 1400 1683 1472 campis;

340 1534 343 1537 λ
387 1486 652 1555 Quattuor
671 1488 796 1544 inde
817 1489 991 1562 rigant
1021 1492 1244 1562 partitas
1264 1492 1483 1549 ﬂumina
1523 1505 1717 1551 terras.

390 1576 497 1635 Ver
515 1586 643 1649 puto
668 1595 883 1653 semper
908 1580 1018 1654 agit
1043 1582 1267 1640 vestitus
1294 1584 1516 1641 ﬂoribus
1538 1585 1751 1652 hortus,

387 1670 505 1727 Non
537 1671 707 1745 frigus
731 1674 905 1731 variat
930 1674 1143 1732 hiberni
1173 1674 1365 1734 sideris
1389 1692 1574 1734 auram
1594 1721 1610 1746 ,

389 1764 460 1820 Et
489 1764 662 1821 reiicit
680 1764 864 1824 fretam
893 1767 1111 1828 meliori
1136 1771 1357 1831 ﬂamine
1384 1786 1601 1833 terram.

385 1859 515 1918 Nox'
533 1860 606 1919 ibi
644 1863 811 1932 nulla,
836 1879 961 1921 suas
983 1864 1279 1924 defendunt
1298 1877 1439 1927 astra
1468 1871 1751 1941 tenebras;

385 1951 594 2026 Iraeque
610 1953 929 2029 insidiaeque
955 1958 1173 2029 absunt,
1201 1968 1257 2017 et
1282 1960 1402 2018 dira
1418 1964 1634 2035 cupido,

386 2045 757 2121 Exclususque
778 2058 977 2118 metus,
1004 2052 1172 2123 pulsae
1199 2053 1266 2110 de
1293 2053 1478 2112 limine
1500 2070 1664 2112 curm.

385 2136 486 2195 llic
505 2139 676 2196 malus
702 2143 958 2212 extorris,
989 2142 1178 2216 dignas
1207 2145 1369 2202 exivit
1394 2146 1447 2203 in
1478 2163 1621 2204 oras.

385 2231 497 2290 Nec
524 2234 717 2290 vetitos
746 2250 978 2307 unquam
1007 2236 1164 2293 datur
1194 2238 1320 2295 huic
1346 2241 1658 2313 contingere
1678 2240 1850 2312 lucos,

382 2324 497 2381 lllic
522 2326 693 2397 prisca
723 2328 856 2385 fides
885 2330 1055 2387 eiecta
1077 2331 1131 2387 in
1157 2331 1289 2388 sede
1309 2333 1558 2403 quiescit,

382 2418 589 2476 Insistit
609 2420 850 2491 gaudens
870 2432 1078 2479 :eterno
1102 2424 1157 2479 in
1195 2424 1397 2481 foedere
1436 2426 1566 2492 vita,

383 2513 454 2568 Et
475 2527 665 2571 secura
692 2514 840 2570 salus
864 2516 1089 2585 placidis
1118 2516 1329 2574 laetatur
1352 2518 1407 2574 in
1435 2519 1596 2586 arvis,

383 2607 612 2679 Semper
640 2607 867 2677 victura,
909 2624 1230 2683 semperque
1255 2610 1309 2689 in
1338 2612 1459 2670 luce
1488 2615 1685 2670 futura.

382 2697 481 2753 llic
499 2699 822 2770 quicumque
848 2701 989 2772 pius,
1019 2701 1265 2772 :equiqne
1286 2702 1522 2776 bonique
1544 2705 1792 2774 colonus,

382 2788 589 2859 Quique
611 2789 779 2846 Deum
806 2790 1003 2848 metuit
1022 2792 1229 2848 sincera
1255 2802 1440 2851 mente
1469 2805 1765 2866 tonantem,

382 2881 558 2951 Atque
584 2897 711 2939 suos
734 2882 902 2942 coluit
928 2900 1081 2942 sacra
1109 2887 1315 2958 pietate
1336 2897 1605 2957 parentes,

383 2973 454 3031 Et
481 2974 625 3047 degit
648 2975 907 3048 reliquam
930 2993 1146 3050 semper
1163 2980 1285 3036 sine
1310 2980 1538 3038 crimine
1559 2981 1742 3049 vitam,
1844 3007 1849 3012 -

381 3068 489 3124 Aut
511 3067 725 3139 inopem
754 3070 876 3127 fidis
896 3071 1089 3141 opibus
1109 3072 1319 3127 solatus
1348 3074 1579 3130 amicum
1607 3083 1720 3142 est,

385 3160 565 3230 Atque
590 3160 854 3217 laboranti
881 3162 1105 3218 nimium
1132 3164 1383 3221 subvenit
1403 3180 1597 3236 egeno,

382 3252 643 3323 Pauperis
669 3254 900 3325 adjutor,
928 3256 1359 3328 pupillorumque
1386 3267 1662 3330 patronus,

388 3346 543 3403 Eruit
564 3350 844 3419 innocuos,
870 3352 1120 3408 subvenit
1144 3351 1371 3410 crimine
1398 3354 1623 3425 pressis,
1645 3410 1651 3419 ,

386 3439 701 3512 HOSpitibus
729 3443 891 3516 larga:
918 3442 1100 3501 tribuit
1127 3460 1222 3501 sua
1244 3446 1465 3518 pignora
1498 3463 1725 3517 mensze,

389 3532 578 3590 Omnia
605 3534 784 3592 divine
820 3537 1011 3606 gessit,
1044 3537 1130 3607 pia
1159 3553 1385 3594 mttnera
1410 3540 1589 3609 jussit,

389 3625 509 3681 Non
534 3627 696 3683 alicui
726 3628 930 3693 nocuit,
958 3641 1066 3684 non
1095 3645 1326 3701 unquam
1349 3631 1524 3688 aliena
1548 3632 1768 3704 cupivit,

386 3716 471 3774 Illi
496 3719 804 3775 exultantes
833 3719 1033 3776 divinis
1063 3720 1309 3778 laudibus
1328 3738 1542 3794 omnes,

388 3810 787 3885 Hortantesqne
810 3812 970 3869 simul
998 3812 1242 3871 referunt
1270 3815 1338 3871 ad
1367 3815 1547 3873 sidera
1574 3832 1756 3887 voces,

386 3904 690 3963 Psallentes
713 3907 942 3964 Domino
964 3907 1240 3966 celebrant
1266 3925 1361 3982 per
1388 3911 1576 3984 gaudia
1605 3923 1804 3986 grates,

392 3997 792 4073 lnnocuamque
820 4001 960 4058 viam
1002 4004 1204 4060 nuntiis
1230 4005 1612 4065 conﬁtentibus
1632 4007 1805 4064 ibunt.

1025 4096 1253 4155 CAPUT
1282 4099 1377 4155 lX.

454 4188 595 4266 Haec
620 4198 901 4262 postquam
925 4189 1181 4248 Dominus
1210 4191 1381 4248 felicia
1403 4193 1543 4250 dona
1568 4196 1797 4268 peregit,

400 4282 468 4339 Et
489 4283 688 4356 pariter
702 4283 883 4355 justos
912 4293 1117 4341 aeterna
1146 4285 1199 4341 in
1229 4301 1392 4358 regna
1420 4287 1662 4356 remisit;

394 4375 530 4432 Tum
560 4375 862 4434 miseranda
884 4379 1051 4449 venit,
1080 4378 1270 4453 lugens
1291 4392 1385 4436 sua
1411 4381 1633 4438 crimina
1667 4382 1846 4454 turba,

398 4470 636 4528 Eﬂ‘undit
664 4472 896 4544 gemitus
924 4473 1179 4546 lacrymis
1203 4458 1479 4532 arentibus
1508 4492 1717 4548 omnes,

396 4563 465 4621 Et
488 4579 584 4622 sua
614 4574 839 4623 testatur
861 4568 1067 4623 crebris
1093 4568 1383 4625 ululatibus
1406 4578 1546 4639 acta,

396 4658 665 4716 Flammas
691 4675 790 4732 pro
811 4661 1038 4729 meritis,
1060 4660 1357 4733 stagnantia
1388 4663 1489 4719 tela
1512 4663 1849 4721 tremiscunt-
1879 4680 1883 4689 '

396 4751 635 4823 Corripit
652 4752 926 4824 angelicas
940 4749 1146 4824 'cmtus,
1170 4753 1525 4828 prohibetque
1554 4758 1787 4828 precari,

396 4844 465 4903 Et
491 4846 742 4918 prohibet
764 4860 914 4903 seras
934 4846 1216 4903 clamando
1241 4848 1464 4908 fundere
1489 4867 1687 4920 voces;

395 4939 615 4998 Sublata
638 4938 813 5006 venia,
845 4938 1067 4996 fundum
1088 4939 1361 5011 jacinntur
1391 4944 1441 4999 in
1473 4945 1662 5002 imum.

397 5034 444 5092 O
471 5033 676 5099 miseri,
709 5033 919 5105 quoties
940 5034 1194 5106 majestas
1223 5037 1437 5109 cognita
1466 5041 1617 5097 vobis
1643 5041 1656 5094 i

398 5127 643 5188 Audistis
669 5128 898 5197 sonitus,
927 5129 1137 5186 vidistis
1163 5131 1370 5204 fulgura
1401 5134 1520 5191 casti
1545 5176 1560 5202 ,

398 5219 659 5279 Assiduas
685 5219 912 5291 pluvias,
944 5231 1224 5280 ventorum
1256 5235 1310 5281 et
1335 5226 1611 5297 grandinis
1638 5226 1744 5282 iras

399 5314 659 5386 EXperti!
685 5314 895 5384 quoties
918 5324 1210 5389 noctesque
1233 5316 1456 5390 diesque
1493 5319 1672 5376 sereni

402 5408 672 5480 Tempora
698 5407 1008 5467 ftecnndant
1034 5410 1235 5483 pulcris
1262 5410 1357 5467 Dei
1386 5427 1609 5470 munera
1629 5411 1814 5478 donis,

403 5504 815 5577 Vernabantqne
834 5522 994 5576 resre,
1026 5505 1242 5579 frugum
1272 5519 1372 5562 nec
1401 5506 1568 5564 defuit
1592 5515 1777 5575 testas,

404 5595 710 5656 Autumnus
734 5601 879 5658 varie
906 5600 1165 5660 fundebat
1193 5598 1377 5657 mollia
1405 5616 1585 5674 poma,

3552 291 3696 349 1096

2017 387 2071 447 Α
2096 388 2300 459 Aspera
2334 389 2521 462 liyems
2546 394 2787 463 quamvis
2809 395 3068 466 glaciales
3091 398 3247 471 fregit
3271 402 3473 471 olivas;

2093 478 2294 536 Cuncta
2321 484 2460 539 Deus
2493 485 2693 553 tribuit,
2730 488 2940 545 bonitas
2971 507 3069 547 nec
3093 492 3263 549 defuit
3291 495 3428 567 ejus,

2093 572 2259 629 Terra
2290 575 2459 632 Deum
2493 578 2730 646 tremuit,
2760 591 2955 651 pontus
2983 586 3052 639 de
3075 600 3207 643 voce
3232 589 3506 658 pependit,

2091 666 2159 721 Et
2177 668 2383 725 ﬂuvius
2413 670 2587 727 siccas
2621 674 2861 744 trepidus
2887 676 3083 748 refugit
3111 695 3340 747 arenas;

2090 758 2158 814 Et
2183 763 2425 832 genitura
2452 763 2620 820 Deum
2644 769 2845 837 qumvis
2870 785 2965 839 per
2983 781 3173 827 cuncta
3204 772 3431 840 fatetur;

2090 855 2200 912 Vos
2227 857 2431 926 miseri,
2463 860 2747 917 Dominum
2777 864 2900 919 coeli
2930 874 3194 938 terrmque
3215 870 3470 939 negastis,

2090 947 2480 1024 Prmconcsque
2509 955 2598 1010 Dei
2623 955 3000 1032 (horrendum)
3024 976 3168 1032 saepe
3194 963 3437 1034 fugastis,

2089 1039 2160 1097 Et
2187 1041 2365 1113 justos
2388 1045 2567 1115 potius
2592 1048 2799 1104 crudeli
2825 1051 2973 1108 caede
3000 1054 3255 1125 necastis,

2089 1134 2158 1191 Et
2179 1135 2323 1194 fraus
2346 1138 2401 1193 in
2428 1141 2581 1197 vobis
2606 1154 2727 1213 post
2751 1145 2956 1201 crimen
2989 1162 3206 1220 semper
3234 1150 3467 1209 inhmsit.

2098 1226 2240 1302 Ergo
2265 1231 2519 1289 sementis
2541 1236 2771 1314 fructum
2796 1240 3023 1310 capietis
3050 1241 3246 1314 iniquae
3274 1263 3290 1299 :

2094 1321 2328 1380 Nescitis
2350 1340 2489 1393 esse,
2520 1328 2795 1402 Deumque
2819 1342 2993 1390 tamen
3021 1335 3202 1393 ridere
3232 1338 3447 1406 soletis;

2087 1416 2240 1472 ibitis
2267 1420 2319 1474 in
2348 1421 2595 1479 tenebras
2622 1424 2760 1495 ignis
2787 1437 2842 1482 et
2867 1429 3141 1500 sulphuris
3171 1433 3329 1501 altas,

2086 1515 2302 1572 Passuri
2334 1517 2588 1575 ardentes
2607 1521 2781 1591 justas
2810 1522 2887 1595 (l)
2914 1526 3240 1582 cruciatibus
3269 1527 3399 1597 iras,

2087 1609 2328 1667 IEtcrnae
2358 1612 2497 1679 Deus
2524 1628 2647 1671 ossa
2673 1615 2828 1685 jubet
2865 1616 3194 1677 descendere
3223 1637 3419 1693 poenas,

2086 1701 2170 1759 lre
2191 1706 2291 1759 sub
2320 1704 2569 1762 ardorem
2594 1706 2795 1763 rabida:
2819 1709 2936 1793 sine
2969 1710 3076 1768 line
3098 1713 3376 1782 gehennae,

2011 1782 2060 1844 B
2093 1796 2277 1870 Urgeri
2299 1800 2495 1855 molem
2526 1815 2621 1872 per
2646 1809 2831 1874 stagna
2852 1784 3082 1861 rotantia
3109 1805 3361 1878 ﬂammae,

2085 1889 2143 1946 ln
2167 1890 2548 1963 ﬂammamque
2575 1894 2729 1965 jubet
2752 1898 2994 1954 converti
3023 1900 3291 1959 elementa
3322 1904 3652 1975 minantem,

1988 1981 2006 1996 °
2087 1983 2263 2057 Atque
2292 2002 2506 2046 omnem
2527 1993 2648 2048 coeli
2678 1994 3010 2053 descendere
3032 1994 3263 2054 nubibus
3288 1998 3491 2070 ignem.

2715 2111 2944 2172 CAPUT
2983 2112 3055 2170 Χ.

2158 2227 2307 2286 Tunc
2332 2229 2518 2287 avidus
2543 2231 2731 2302 rapido
2757 2239 2842 2288 est
2868 2231 3108 2289 inclusus
3136 2242 3365 2290 tartarus
3392 2234 3537 2306 igne,

2083 2321 2261 2394 Atque
2294 2325 2606 2395 procellosis
2631 2326 2844 2382 ﬂamma
2872 2327 3017 2384 intus
3046 2327 3266 2384 ﬂuctuat
3292 2329 3472 2395 undis,

2084 2420 2330 2489 Totaque
2361 2430 2632 2476 vertentes
2657 2419 2948 2477 confundit
2967 2429 3108 2478 terra
3135 2423 3363 2479 favillas.

2084 2514 2371 2571 Fammcus
2396 2523 2481 2570 est
2512 2514 2715 2584 sulcus,
2743 2516 2932 2572 dentes
2958 2525 3239 2573 vertuntur
3267 2517 3430 2587 acuti,

2083 2606 2343 2662 Omnibus
2372 2614 2429 2662 et
2464 2614 2675 2663 torrens
2702 2608 3002 2665 armabitur
3027 2607 3215 2678 igneus
3241 2611 3415 2665 annis.

2010 2715 2017 2722 ·
2082 2698 2291 2771 Impetu
2314 2700 2400 2776 (2)
2431 2710 2667 2759 tartareo
2694 2688 2944 2758 frendent
2968 2701 3214 2759 incendia
3241 2702 3465 2771 mundo,

2082 2793 2194 2849 lllie
2225 2795 2492 2866 prmcipiti
2521 2810 2685 2851 cursu
2710 2802 2986 2851 torrentur
3013 2794 3067 2851 in
3094 2804 3252 2865 testu,

2083 2889 2220 2947 Hinc
2248 2888 2475 2961 fugiunt,
2509 2890 2656 2945 illinc
2693 2903 2855 2945 cursu
2884 2888 3191 2946 referuntur
3216 2897 3404 2957 acuto;

2083 2985 2251 3041 Obvia
2280 2983 2341 3038 ﬁt
2360 2998 2516 3039 scevm
2542 2982 2774 3039 ﬂammae
2802 2983 3127 3055 fugientibus
3153 2984 3254 3051 ira,

2082 3077 2499 3148 Agnoscuntquc
2523 3091 2675 3131 suam
2694 3075 2804 3146 jam
2840 3084 2948 3130 tum
2988 3074 3056 3131 de
3079 3075 3305 3131 crimine
3332 3089 3582 3145 poenam.

2006 3170 2052 3235 C
2083 3169 2310 3240 Jamque
2344 3184 2476 3240 vaga
2504 3185 2534 3224 a
2563 3168 2716 3223 nullo
2747 3168 2903 3223 tellus
2938 3180 3189 3239 possessa
3219 3166 3436 3235 colono,

2086 3258 2344 3332 lEquoris
2365 3268 2609 3315 extremo
2636 3274 2819 3329 pressa
2852 3266 2907 3314 et
2935 3258 3037 3313 sub
3061 3257 3169 3314 line
3196 3256 3488 3328 profundo,

2087 3353 2201 3423 Qua
2228 3354 2309 3409 sol
2337 3366 2560 3409 emenso
2584 3351 2737 3407 radio
2764 3349 3107 3418 disterminat
3127 3350 3337 3416 orbem,

2086 3446 2160 3502 Et
2182 3460 2283 3517 qua
2314 3452 2581 3500 transacto
2606 3443 2913 3501 conduntur
2942 3442 3122 3499 sidera
3146 3441 3386 3509 mundo;

2087 3538 2280 3596 :Ether
2298 3539 2495 3611 gliscit,
2521 3538 2652 3595 atris
2678 3538 2930 3594 obstrusa
2958 3536 3076 3592 luce
3105 3534 3361 3605 tenebris,

2090 3633 2290 3693 Ultima
2323 3631 2545 3690 secretis
2582 3641 2659 3687 sta
2673 3639 2838 3703 gnant
2863 3629 3196 3686 ﬂammantia
3223 3627 3372 3684 rivis.

2090 3727 2162 3784 Et
2182 3735 2372 3783 natura
2402 3726 2508 3783 loci
2530 3726 2755 3798 signatis
2792 3724 2950 3796 ignea
2981 3723 3176 3794 ptnnis,

2090 3820 2425 3892 lnfernisque
2451 3819 2604 3891 palus
2630 3817 2870 3875 candens
2892 3816 3175 3873 ardoribus
3201 3824 3376 3871 atrox.

2062 3913 2305 3985 ,Intonat
2328 3910 2596 3969 horrificis
2627 3911 2840 3969 facinus
2862 3909 3075 3983 ptenale
3103 3909 3351 3977 caminis,

2093 4008 2329 4074 1Estuat,
2353 4017 2407 4064 et
2432 4008 2641 4080 rapitur
2668 4006 2776 4062 lato
2797 4006 2865 4062 de
2895 4004 3100 4063 vertice
3124 4002 3379 4071 ﬂammm,

2092 4104 2153 4162 In
2181 4112 2447 4161 tormenta
2475 4116 2664 4169 ruens,
2690 4100 2963 4171 ﬂuctuque
2984 4108 3039 4157 et
3061 4099 3269 4171 gurgite
3291 4109 3458 4165 sevo,

2095 4197 2331 4254 Turbida
2359 4210 2581 4253 caenoso
2606 4193 2773 4251 fundo
2798 4195 3057 4251 miscetur
3075 4206 3264 4248 arena.

2084 4289 2216 4346 'Hne
2241 4289 2454 4360 captiva
2479 4301 2702 4360 gemens
2733 4286 2978 4343 mittetur
3008 4283 3163 4342 turba
3184 4282 3475 4348 malorum,

2096 4384 2470 4453 Arsurumque
2491 4381 2662 4449 nefas,
2691 4380 2947 4437 scelerati
2975 4378 3222 4450 corporis
3245 4390 3463 4448 agmen,

2097 4476 2319 4549 Magnus
2342 4475 2569 4546 plangor
2596 4475 2690 4540 ibi,
2721 4475 2894 4529 luctus
2918 4472 3155 4529 sociante
3183 4470 3367 4535 boatu,

2018 4571 2075 4635 D
2102 4569 2170 4625 Et
2191 4568 2388 4625 stridor
2417 4566 2658 4633 rabidus,
2685 4566 2919 4622 ululatus
2944 4574 2998 4621 et
3023 4563 3150 4620 inde
3174 4561 3479 4619 dolentum.

2098 4662 2377 4733 Exurgent
2402 4659 2736 4731 ﬂammaeque
2765 4659 2972 4731 procul,
3003 4667 3259 4729 artusque
3285 4654 3501 4727 sonori;

2096 4756 2238 4827 ignis
2260 4754 2566 4812 inardeseet
2590 4753 2923 4826 gemitusque
2949 4754 3153 4809 feretur
3179 4751 3247 4807 ad
3267 4764 3449 4806 auras.

2097 4848 2246 4905 Tune
2270 4847 2505 4904 humana
2531 4846 2659 4904 mali
2685 4847 2879 4919 pendet
2906 4846 3192 4903 commissa
3213 4856 3474 4915 propago,

2098 4941 2427 5014 lncipietque
2452 4956 2578 4998 suas
2603 4941 2671 4997 ad
2697 4941 2893 4998 caelum
2915 4940 3137 4997 tendere
3165 4938 3392 5010 palmas,

2099 5037 2169 5094 Et
2196 5036 2480 5093 Dominum
2513 5045 2638 5094 tunc
2660 5050 2819 5093 nosse
2844 5035 3010 5101 volet,
3040 5048 3200 5106 quem
3223 5045 3388 5088 nosse
3412 5030 3650 5091 volebat

2099 5133 2273 5191 Antea
2304 5148 2433 5202 non,
2461 5146 2584 5189 cum
2612 5146 2774 5188 nosse
2792 5131 2897 5188 illis
2929 5131 3070 5186 foret
3095 5128 3223 5184 utile
3245 5135 3498 5198 tempus;

2099 5224 2210 5282 Illic
2230 5225 2455 5297 quisque
2481 5240 2592 5282 suae
2622 5223 2961 5296 proﬂtebitur
2986 5220 3152 5278 effera
3182 5220 3327 5286 vitaz,

2098 5316 2437 5390 Injustasque
2463 5332 2679 5388 manus,
2706 5326 2762 5374 et
2783 5330 2943 5374 stevte
2968 5312 3193 5371 crimina
3217 5310 3438 5380 mentis,

2104 5413 2499 5482 Horrescetque
2526 5426 2637 5468 sua:
2660 5427 2779 5483 quae
2804 5409 3032 5468 moverit
3056 5406 3217 5478 impia
3241 5402 3384 5459 vitae.

2105 5509 2221 5566 .lam
2245 5509 2475 5579 primum
2501 5507 2825 5579 quicumque
2851 5506 3021 5562 Deum
3047 5501 3189 5558 male
3212 5500 3450 5558 senserit
3480 5514 3654 5576 ante,

2107 5603 2177 5659 Et
2196 5615 2324 5672 vaga
2345 5599 2568 5656 mentito
2596 5597 2851 5656 coluisset
2879 5593 3097 5653 numine
3116 5603 3265 5659 saxa,

1638 5710 2023 5782 LECTIONES
2059 5716 2469 5786 VABIANTES.

481 5834 553 5900 (l)
576 5832 603 5888 J
610 5833 732 5887 ustis
753 5834 956 5903 fortasse
973 5830 1164 5891 melius.

2198 5838 2267 5904 ῃ)
2288 5840 2463 5889 Anmn
2482 5834 2640 5902 potius
2664 5834 2866 5899 impete.
