3940 6288
353 250 492 309 1097

348 367 523 438 Atque
549 362 892 423 cruentiferis
920 363 1084 438 signis
1113 365 1408 423 saeraverit
1429 380 1573 436 aras,

347 459 415 516 Et
443 460 735 529 picturatas
758 460 934 516 timuit
954 460 1072 516 sine
1101 475 1234 516 voce
1261 459 1481 531 ﬁguras,

345 554 425 611 Ac
454 554 570 609 falsi
602 562 790 612 tenues
804 563 1088 611 veneratus
1118 553 1351 616 numinis
1384 552 1621 618 umbras,

346 645 414 702 Et
440 660 808 718 quoscumque
827 647 998 702 malus
1019 645 1238 702 seduxit
1267 646 1506 716 protinus
1538 659 1712 701 error.

342 739 398 798 Si
419 738 538 812 quis
564 740 777 796 adulter
797 750 934 807 erat,
967 742 1010 797 si
1034 751 1189 797 uatos
1218 755 1348 796 ense
1367 749 1615 809 .necarat,

344 834 401 892 Si
429 839 613 905 raptor
632 845 907 905 grassatus
929 843 1066 902 erat,
1095 835 1140 891 si
1161 833 1352 890 fraude
1375 833 1600 891 clientes

343 929 652 996 Distulerat,
681 930 727 984 si
754 938 938 985 mente
968 944 1155 1000 parum
1182 939 1431 985 versatus
1461 928 1666 994 amica;

340 1022 465 1080 Sive
495 1037 622 1078 suas
647 1021 929 1077 hominum
951 1020 1246 1077 macularat
1273 1019 1532 1092 sanguine
1563 1019 1791 1092 palmas,

340 1117 692 1173 Miscueratve
718 1116 984 1174 latebrosa
1007 1116 1052 1172 si
1078 1125 1251 1173 morte
1276 1130 1577 1180 venenum;

341 1211 513 1268 Autsi
543 1211 772 1268 vesﬁtus
795 1211 1058 1268 scelerato
1090 1221 1307 1282 pectora
1331 1211 1474 1277 fuco,

337 1305 462 1363 Sive
485 1305 628 1360 malo
651 1305 895 1373 alterius,
927 1305 1077 1360 lucro
1098 1314 1152 1360 et
1181 1303 1449 1375 gaudebat
1480 1303 1660 1373 iniquo
1685 1318 1700 1368 ;

340 1397 572 1454 Admisit
597 1397 920 1468 quicumque
942 1396 1096 1454 nefas
1123 1395 1498 1467 quodcumque
1523 1393 1822 1458 malorum;

337 1490 542 1563 Ingens
570 1489 735 1546 ardor
759 1505 905 1557 eum,
937 1478 1098 1560 atque
1118 1488 1256 1560 ignis
1287 1487 1554 1560 torquebit
1579 1500 1816 1542 amarus.

338 1584 777 1656 Suppliciumque
801 1583 1006 1641 dabunt
1032 1585 1325 1656 peracerbo
1356 1585 1543 1642 funere
1567 1585 1770 1641 cuncti.

334 1676 568 1735 Plurima
596 1679 676 1735 sic
700 1676 978 1735 hominum
1006 1689 1332 1736 mcerentum
1360 1679 1512 1748 turba
1537 1679 1761 1751 jacebit.

935 1772 1162 1849 cappr
1211 1774 1304 1832 XL

400 1863 515 1921 Hoc
535 1867 743 1936 quoties
762 1865 892 1923 olim
924 1868 1093 1923 sancti
1123 1869 1369 1925 cecinere
1397 1867 1704 1941 Prophetas,

331 1957 481 2014 Flatu
507 1968 562 2015 et
590 1959 746 2032 Saepe
778 1960 871 2017 Dei
899 1960 1086 2017 moniti
1118 1961 1304 2018 dixere
1330 1961 1505 2016 futura
1532 1977 1548 2028 ;

329 2048 498 2107 Nemo
517 2067 642 2107 suas
669 2052 971 2124 (miserum)
1011 2067 1191 2117 nemo,
1218 2055 1353 2109 eheu
1385 2053 1399 2108 l
1433 2052 1661 2124 prmbuit
1683 2067 1858 2109 aures.

326 2141 430 2200 Sed
456 2143 592 2199 Deus
619 2143 959 2215 omnipotens
985 2144 1151 2200 voluit
1178 2161 1274 2201 sua
1304 2146 1522 2216 praemia
1555 2144 1724 2212 nosci,

325 2235 504 2307 Atque
521 2235 692 2292 minas
717 2236 904 2307 positae
928 2253 1021 2306 per
1045 2237 1271 2307 plurima
1299 2238 1420 2293 talia
1451 2239 1603 2310 legis.

322 2327 580 2386 Mittendo
608 2331 793 2386 statuit
815 2331 1016 2403 plures,
1046 2340 1095 2387 et
1121 2333 1282 2388 verba
1309 2342 1562 2388 sonantes

323 2420 550 2491 Divina;
573 2425 886 2498 excitosquc
911 2426 1066 2498 jubet
1096 2426 1312 2497 prodire
1338 2427 1600 2497 sepulcris

319 2512 536 2584 Secum,
566 2533 688 2573 cum
721 2515 888 2574 fracto
917 2507 1223 2575 surrexerat
1255 2518 1369 2588 ipse
1398 2519 1668 2588 sepulcro.

318 2606 657 2679 Obstupuere
684 2609 898 2680 quidem
926 2610 1106 2681 plures
1145 2609 1383 2680 patuisse
1412 2609 1706 2680 sepulcra,‘

315 2690 385 2746 Et
405 2694 554 2748 cerni
578 2695 630 2748 in
657 2695 800 2750 clara
833 2706 1148 2764 praemortua
1175 2711 1401 2766 corpora
1431 2695 1584 2763 luce;

319 2782 604 2855 Miratique
630 2785 745 2855 pios
767 2800 1067 2852 sermones,
1099 2787 1275 2843 dulcia
1306 2789 1466 2856 dicta,

316 2876 436 2950 Ipsa
463 2895 596 2936 voce
625 2895 750 2937 suas
783 2880 1010 2937 tendunt
1037 2881 1103 2937 ad
1129 2882 1306 2939 sidera
1338 2883 1562 2953 palmas,

313 2970 712 3045 Gratanturquc
748 2974 858 3028 Deo
876 3015 891 3038 ,
919 2983 974 3029 et
1003 2975 1190 3031 victori
1219 2976 1340 3030 talia
1371 2975 1604 3042 Christo,

313 3060 439 3120 Illos
463 3079 570 3121 non
599 3065 830 3120 tumulos
863 3075 1068 3120 certum
1098 3074 1181 3121 est
1209 3068 1468 3136 repetisse
1488 3069 1736 3138 silentes,

313 3155 561 3227 Amplius
589 3168 679 3214 aut
711 3165 871 3214 terrae
899 3158 1114 3214 retineri
1149 3159 1357 3215 viscere
1385 3161 1635 3228 clausos;

313 3250 556 3324 Relliqua
585 3253 680 3311 sed
706 3252 927 3309 recubat
957 3269 1100 3310 nunc
1127 3254 1278 3310 turba
1301 3254 1568 3314 cubilibus
1594 3256 1718 3314 imis
1743 3275 1760 3327 ;

1727 253 2081 314 APPENDIX
2109 259 2348 320 PRIMA.

3511 285 3650 346 1098

1971 375 2033 434 Α
2055 373 2151 432 Ille
2179 376 2293 432 dies
2319 376 2510 447 donec,
2543 381 2808 454 completo
2843 393 3105 460 tempore,
3133 404 3358 464 magnus

2055 467 2338 525 Adveniat.
2365 469 2550 528 Cuncti
2596 475 2879 534 Dominum
2903 479 3011 550 jam
3037 486 3308 554 agnoscite
3335 466 3649 567 eam

2054 557 2153 626 Qui
2183 563 2330 618 solus
2358 563 2484 619 facit
2505 564 2640 621 hanc
2665 569 2894 626 animam
2923 586 3018 629 sua
3045 589 3269 632 cernere
3299 577 3439 635 luce:

2056 649 2421 726 Eamdemque
2444 666 2618 727 potest
2657 658 2707 714 in
2743 670 2940 719 tartara
2967 663 3199 724 subdere
3230 675 3421 738 pinnis,

2052 741 2122 798 Et
2146 749 2228 803 cui
2251 741 2435 804 cuncta
2463 757 2609 820 patet
2635 749 2757 806 vitae
2788 755 3080 827 mortisque
3107 767 3364 828 potestas,

2052 839 2216 900 Posse
2247 845 2434 912 Deum,
2464 862 2586 903 nam
2613 847 2751 904 velle
2775 859 2854 904 sat
2876 859 2959 905 est
2981 892 2995 916 ,
3026 849 3333 923 factumque
3370 857 3640 926 loquendo

2049 931 2259 1006 Implet,
2290 946 2342 992 et
2368 937 2630 995 obstando
2656 940 2815 1010 plane
2845 941 2976 996 nihil
3001 941 3221 1013 impedit
3251 944 3421 1001 illum.
3511 1013 3518 1022 ι
3564 949 3568 951 ’

2049 1026 2142 1083 lllc
2168 1044 2320 1085 meus
2345 1030 2510 1098 solus,
2543 1034 2627 1087 cui
2657 1035 2818 1091 credo
2847 1035 3094 1092 sensibus
3120 1036 3261 1107 imis.

2046 1122 2117 1176 At
2145 1123 2395 1193 quoniam
2423 1125 2527 1180 leto
2551 1141 2739 1182 cursus
2766 1128 3098 1184 concluditur
3123 1131 3320 1198 omnis,

1945 1224 1969 1232 "
2045 1212 2377 1295 Quicumque
2404 1224 2487 1272 est
2517 1215 2696 1283 hodie,
2728 1233 2907 1272 secum
2931 1229 3080 1289 putet
3105 1223 3282 1275 omnia
3317 1233 3526 1294 mente,

2044 1306 2220 1376 Atque
2248 1306 2368 1362 ideo
2395 1306 2524 1361 dum
2548 1308 2652 1361 vita
2680 1319 2878 1374 manet,
2911 1310 3035 1363 dum
3068 1325 3291 1367 cernere
3330 1312 3526 1382 lucem,

2045 1399 2177 1454 Dum
2205 1399 2366 1454 vitam
2389 1399 2756 1467 mutarelicet;
2776 1417 2933 1472 quam
2969 1403 3225 1458 terminus
3252 1405 3350 1460 aevi

2040 1491 2242 1548 Obruat
2269 1494 2531 1561 incautos,
2557 1505 2611 1550 et
2639 1495 2816 1550 nescia
2847 1495 3045 1550 lumina
3078 1496 3254 1552 solvat
3350 1493 3351 1496 “

2043 1585 2270 1642 Ultimus
2301 1588 2388 1642 ille
2413 1588 2552 1653 dies,
2586 1588 2774 1644 mortis
2797 1591 2919 1658 quia
2948 1589 3067 1661 lege
3091 1601 3334 1659 tenetur;

2037 1678 2192 1745 Quod
2219 1679 2443 1748 pretium
2469 1689 2735 1751 superest,
2765 1695 2906 1737 carm
2935 1681 3202 1753 invigilate
3230 1683 3414 1753 saluti,

1959 1761 2010 1824 B
2039 1769 2108 1826 Et
2135 1770 2319 1827 faciles
2347 1772 2588 1843 certique
2617 1771 2816 1826 bonum
2845 1772 3110 1828 decurrite
3135 1789 3375 1832 cursum.

2030 1863 2348 1934 Abstergete
2378 1864 2477 1934 piis
2507 1863 2794 1918 commissa
2823 1863 3030 1934 piacula
3056 1864 3247 1932 sacris,

2028 1957 2204 2024 Atque
2233 1971 2396 2026 vagas
2433 1955 2657 2012 nimium
2685 1957 2867 2012 mundi
2892 1959 3050 2013 vitate
3081 1957 3371 2029 procellas;

2029 2045 2164 2101 Tum
2195 2055 2370 2104 rectas
2397 2057 2451 2103 et
2475 2048 2616 2104 adite
2643 2049 2775 2116 vias,
2812 2058 2865 2104 et
2897 2058 3077 2105 sancta
3109 2060 3306 2107 tenete.

2025 2136 2162 2194 Hinc
2193 2138 2330 2194 lzetis
2360 2139 2552 2194 animis
2583 2156 2803 2211 pravum
2834 2140 3087 2211 depellite
3116 2133 3353 2210 crimen;

2025 2230 2099 2290 Et
2127 2242 2380 2290 concreta
2407 2232 2495 2287 diu
2525 2232 2803 2303 proluatur
2834 2243 3053 2302 pectore
3082 2233 3260 2304 culpa,

2025 2329 2456 2398 Commissasqne
2483 2325 2607 2380 mali
2634 2325 2783 2380 labes
2810 2325 3022 2379 abolete
3051 2323 3332 2380 nefandas.

2023 2423 2368 2492 lEternisque
2391 2417 2557 2474 [lcum
2586 2417 2833 2489 precibus
2863 2419 3066 2486 placate
3098 2415 3455 2472 tremendum.

2020 2518 2262 2576 Pessima
2291 2522 2480 2571 cuncta
2508 2511 2666 2567 bonis
2691 2511 2885 2567 cedant
2913 2509 3158 2565 mortalia
3185 2508 3346 2574 vivis,

2022 2613 2091 2668 Et
2127 2618 2342 2666 servate
2366 2623 2556 2683 novam
2575 2606 2794 2677 jamjam
2823 2604 2937 2659 sine
2965 2603 3190 2658 crimine
3214 2601 3398 2670 vitam,

2023 2703 2382 2776 lncipiantque
2406 2702 2562 2758 bonis
2584 2700 2830 2770 verisque
2850 2711 3162 2772 assuescere
3188 2705 3414 2761 mentes,

2021 2799 2294 2856 Laudibus
2321 2805 2377 2852 et
2406 2795 2589 2850 faciles
2618 2792 2811 2848 divinis
2843 2790 3048 2846 reddite
3075 2804 3256 2845 voces.

2019 2893 2108 2950 Sic
2134 2889 2354 2945 meliora
2383 2887 2484 2957 piis
2515 2884 2813 2954 flagrabunt
2839 2882 3015 2936 omnia
3047 2880 3221 2945 vobis,

2019 2985 2108 3043 Sic
2135 2996 2348 3054 quoque
2379 2976 2614 3034 caelestis
2642 2973 2868 3046 capietis
2899 2988 3122 3027 munera
3150 2973 3289 3038 vitzr,

2019 3064 2260 3144 Cumq'ue
2290 3072 2400 3127 Deo
2427 3069 2643 3138 longum
2676 3079 2891 3134 semper
2916 3063 3103 3118 vivetis
3137 3063 3190 3118 in
3217 3077 3410 3130 (ovum,

1935 3151 1981 3214 (ἶ
2016 3172 2191 3226 Aurea
2219 3163 2414 3223 siderei
2442 3169 2725 3219 cernentes
2745 3156 2939 3230 gaudia
2966 3155 3138 3228 regni.

1627 3369 2199 3435 COMMENTARIUS.

382 3480 536 3538 CAP.
561 3480 654 3554 XI.
681 3509 754 3554 -τ
780 3478 858 3554 (a)
882 3479 1062 3536 Cuncti
1087 3479 1363 3536 Dominum
1396 3483 1511 3553 jam
1537 3487 1794 3554 agnoscite
1817 3505 1906 3544 ve-

313 3570 445 3608 rum.
491 3582 564 3594 -—-
609 3551 926 3628 Castignmus
951 3567 1088 3628 gero
1116 3567 1136 3606 :
1163 3566 1258 3606 sua
1308 3551 1528 3628 cernere
1571 3551 1738 3624 luce,_
1767 3577 1859 3628 pro
1890 3576 1910 3617 :

308 3639 458 3680 suam
481 3639 704 3680 cernere
725 3622 919 3678 lucem.
1008 3639 1146 3702 more
1159 3639 1252 3680 suo
1263 3625 1445 3697 accipit
1466 3627 1656 3684 Auctor
1679 3622 1705 3684 ε’
1723 3622 1905 3702 quam,

306 3712 401 3768 pro
419 3712 439 3751 :
455 3704 746 3767 antequam,
772 3710 885 3748 cum
911 3693 1110 3765 subjici!
1129 3711 1150 3749 :

602 3786 758 3846 Quam
785 3786 1023 3837 terminus
1038 3787 1151 3847 aevi,

427 3847 619 3900 Obruat
633 3850 872 3908 incautos,
891 3856 944 3899 et
971 3853 1138 3900 nescia
1155 3850 1338 3902 lumina
1356 3853 1529 3905 solvat.

2084 3485 2313 3543 Ultimus
2338 3481 2428 3536 ille
2455 3478 2571 3534 dies
2595 3493 2608 3538 :
2637 3475 2722 3530 ubi
2745 3476 2800 3529 in
2829 3489 2886 3528 eo
2923 3472 3058 3541 quod
3083 3472 3326 3544 sequitur,
3357 3472 3602 3528 emenda-

2011 3575 2127 3614 mus
2156 3572 2175 3611 :
2203 3553 2392 3609 mortis
2421 3551 2543 3620 quia
2574 3549 2691 3619 lege
2719 3556 2950 3612 tenetur,
2980 3562 3072 3616 pro
3106 3560 3124 3600 :
3152 3545 3260 3616 qui.
3294 3544 3603 3615 lncipientes

2013 3644 2195 3687 novam
2225 3624 2484 3694 periodum
2509 3621 2596 3676 ibi.

2085 3686 2236 3768 Quod
2283 3696 2510 3766 pretium
2561 3698 2807 3768 superest
2844 3730 2858 3753 ,
2901 3702 3042 3768 cara:
3087 3686 3360 3768 invigilate
3397 3687 3596 3768 saluti;

2011 3759 2303 3845 quamquam
2350 3780 2447 3820 vos:
2479 3781 2496 3818 :
2527 3763 2775 3834 pretium,
2807 3767 3046 3830 corrupta
3071 3759 3156 3825 sit,
3188 3759 3288 3814 nisi
3319 3759 3598 3831 accipiatur

2015 3861 2107 3915 pro
2133 3859 2150 3897 :
2183 3853 2421 3912 precum.
2863 3855 2866 3858 ·

329 3941 3596 3974 W

782 4028 1482 4142 ΙΝΟΕΒΤΙ
1553 4034 1865 4144 AUC

2033 4025 2340 4137 )RIS
2423 4016 3118 4133 GENESIS.

372 4238 644 4310 Principio
666 4239 922 4297 Dominus
950 4242 1148 4298 cmlum
1163 4252 1466 4313 terramque
1495 4244 1696 4300 creavit
1723 4243 1804 4314 (Ι)

299 4330 538 4404 Namque
567 4340 682 4388 erat
707 4331 974 4402 informis,
1001 4333 1274 4404 ﬂuctuque
1294 4335 1605 4391 abscondita
1640 4335 1820 4400 tellus,

299 4423 706 4497 Immensusque
737 4426 876 4482 Deus
905 4443 1068 4498 super
1095 4441 1308 4499 :equora
1334 4437 1481 4483 vasta
1515 4429 1750 4495 meabat,

297 4517 432 4574 Dum
463 4519 627 4575 chaos
653 4527 707 4574 et
734 4518 901 4590 nigrae
929 4519 1207 4577 fuscabant
1239 4530 1430 4576 cuncta
1459 4520 1715 4577 tenebrae.

297 4613 406 4672 Has
433 4613 559 4670 dum
581 4612 782 4684 dijungi
805 4612 969 4683 jussit
987 4613 1055 4669 de
1081 4613 1318 4680 cardine,
1350 4613 1490 4668 fatur
1516 4631 1530 4668 :

294 4708 410 4766 Lux
439 4709 552 4776 fiat,
576 4707 725 4763 claro
755 4714 808 4761 ct
833 4705 912 4780 (2)
943 4706 1213 4762 nituerunt
1242 4707 1418 4762 omnia
1446 4705 1670 4762 mundo.

293 4799 428 4857 Cum
461 4800 716 4855 Dominus
741 4799 897 4870 primi
928 4800 1250 4870 complesset
1280 4799 1413 4854 facta
1444 4799 1572 4865 diei,

285 4891 547 4950 Condidit
563 4891 833 4948 albentem
859 4891 1068 4946 nebulis
1101 4891 1442 4947 nascentibus
1468 4906 1648 4955 axem,

292 4987 502 5057 Accipit
525 4985 822 5041 immensus
845 4986 1109 5040 verrentia
1137 4983 1216 5056 (5)
1244 4984 1421 5039 littora
1455 4993 1670 5055 pontus,

291 5077 613 5148 Multiplices
653 5078 869 5149 rapiens
891 5076 1081 5133 validis
1105 5090 1228 5130 cum
1254 5075 1506 5130 tractibus
1531 5087 1740 5129 amnes.

290 5171 472 5229 Tertia
499 5173 587 5227 lux
616 5170 806 5226 faciem
842 5182 1104 5226 terrarum
1135 5168 1276 5225 fulva
1298 5168 1513 5235 retexit,

291 5263 460 5319 Arida
482 5279 605 5318 mox
633 5263 807 5334 posito
830 5273 1078 5317 narratur
1107 5262 1322 5318 nomine
1354 5270 1531 5327 terrae,

291 5355 483 5412 Florea
512 5355 750 5413 ventosis
774 5363 1102 5428 consurgunt
1122 5353 1362 5427 germina
1393 5349 1616 5425 eampis,

1914 4241 1970 4302 D
1997 4238 2353 4309 Pomiferique
2378 4232 2540 4290 simul
2562 4237 2881 4302 procurvant
2899 4225 3115 4282 brachia
3147 4224 3304 4281 rami.

1997 4335 2196 4404 Quarta
2221 4329 2335 4386 dies
2355 4335 2576 4399 generat
2601 4322 2732 4379 solis
2751 4336 2871 4377 cum
2901 4317 3150 4389 lampade
3172 4317 3376 4384 lunam,

1999 4429 2068 4484 Et
2088 4427 2271 4483 stellas
2301 4421 2531 4479 tremulo
2557 4418 2828 4474 radiantes
2855 4415 3056 4469 lumine
3085 4413 3256 4483 ﬁngit,

1997 4521 2124 4576 Haec
2149 4519 2416 4574 elementa
2439 4512 2586 4570 dedit
2607 4510 2851 4580 subjecto
2873 4506 3099 4576 insignia
3126 4505 3344 4569 mundo,

1997 4613 2262 4681 Tempora
2290 4623 2408 4679 quae
2434 4605 2662 4662 doceant
2684 4601 2860 4655 varios
2888 4597 3138 4653 mutanda
3168 4609 3262 4665 per
3291 4603 3481 4652 ortus..

1999 4706 2069 4762 At
2097 4704 2279 4776 quinta
2303 4698 2572 4770 accipiunt
2596 4693 2851 4766 liquentia
2879 4689 3100 4745 flumina
3133 4688 3328 4758 pisces,

2000 4799 2069 4855 Et
2085 4798 2332 4853 volucres
2351 4794 2527 4848 varias
2547 4787 2888 4860 suSpendunt
2915 4799 3040 4839 aere
3070 4779 3151 4855 (4)
3181 4793 3407 4851 pennas.

1995 4893 2156 4950 Sexta
2183 4887 2502 4961 praegelidos
2527 4886 2582 4939 in
2607 4883 2778 4954 spiras
2798 4879 3026 4934 lubricat
3046 4889 3269 4947 angues,

1997 4981 2522 5056 Quadrupedumque
2549 4988 2736 5047 greges
2765 4981 2904 5027 totos
2930 4967 3174 5024 diffundit
3199 4967 3251 5021 in
3278 4977 3473 5035 agros;

1997 5077 2314 5144 Cunctaque
2332 5059 2611 5138 multiplici
2639 5061 2912 5120 mandavit
2935 5073 3181 5116 crescere
3209 5056 3408 5128 passim

1997 5171 2274 5235 Germine,
2301 5174 2352 5221 et
2372 5152 2650 5219 immensis
2676 5172 2858 5215 errare
2885 5163 2941 5212 et
2964 5169 3186 5227 pascere
3211 5151 3388 5208 terris.

1997 5266 2124 5322 Ilaec
2154 5262 2242 5318 ubi
2267 5257 2544 5315 constituit
2570 5245 3011 5322 divina'potentia
3037 5249 3217 5319 jussu,

1995 5358 2281 5414 Rectorem
2305 5349 2597 5421 inSpiciens
2623 5344 2909 5402 mundanis
2929 5341 3113 5400 defore
3142 5338 3326 5402 rebus,
3366 5341 3370 5368 λ
3441 5339 3449 5359 '-

1467 5468 1846 5530 LECTIONES
1881 5467 2298 5531 VARIANTES.

363 5569 446 5669 (ξ’)
473 5590 852 5669 ιέροαυίιλοοει.
875 5589 1202 5669 Victorinus.
1226 5574 1288 5669 _'

363 5593 414 5669 (l
473 5593 700 5662 Locavit,
730 5593 852 5649 cod.
875 5593 1202 5649 Victorinus.

363 5593 761 5747 (ﬁlcwroz'Sic
784 5663 1055 5720 Pamellus
1078 5675 1198 5736 post
1225 5661 1553 5747 Fabricium.
1584 5659 1727 5719 Clari
1773 5662 1887 5722 Mo-

287 5734 391 5795 rel.
421 5734 476 5795 et
498 5736 600 5792 cod
625 5735 830 5792 Victor.

531 5830 971 5892 Temenum
1014 5827 1094 5890 II.

1780 5903 1808 5911 ..4

2066 5593 2147 5664 (3)
2173 5583 2656 5664 Errantia._I3alu_z.
2683 5598 2752 5664 es
2767 5579 2869 5664 θρίξ
2905 5577 3127 5664 Δκῖἱειαξ

2068 5651 2148 5736 (4)
2179 5660 2422 5730 Corpore,
2445 5655 2630 5712 Morel.
2652 5655 2775 5711 cod.
2801 5651 3008 5710 Victor.

2697 5806 3186 5896 (Trente—cinq.)
