3940 6288
284 262 425 328 ιοθῃ
1705 234 2167 308 TERTDLLIANI
3439 232 3593 305 1100‘

288 386 418 442 Haec
431 376 924 442 memoratrNostris
938 370 1205 435 hominem
1222 374 1474 432 faciamus
1486 370 1552 428 ad
1570 368 1881 445 munguem
1910 366 1964 433 Α
1990 365 2084 423 llla
2108 373 2284 438 negat,
2313 365 2617 437 vetitosque
2644 363 2796 422 timet
2821 361 3139 434 contingere
3159 366 3343 419 r’amos’
3362 377 3377 429 ;

290 479 543 536 Vultibus
571 476 891 541 adsimilem,
920 478 1035 529 tdt'o
1063 472 1152 543 q'ui
1181 477 1369 541 regnet
1388 468 1441 523 in
1470 466 1620 523 orbe.
1990 460 2096 517 Sed
2130 470 2307 517 tamen
2329 460 2541 516 inﬁrmo
2571 460 2854 516 vincuntur
2883 462 3103 530 pectora
3128 460 3310 513 sensu.

290 571 362 627 Et
389 571 515 627 licet
535 569 675 624 hunc
700 582 808 622 uno
837 564 1020 636 posset
1044 576 1373 635 componere
1396 565 1580 625 verbo,
1990 553 2159 610 lllicet
2187 562 2243 609 ut
2264 552 2421 609 niveo
2443 552 2553 624 iam
2577 551 2725 608 mitia
2750 551 2914 608 deme
2939 548 3249 619 memordit,

289 663 413 736 Ipse
444 672 620 717 tamen
646 668 830 715 sancta
859 650 1109 729 dignatus
1135 654 1336 711 ducere
1361 642 1568 718 dextra,
1988 646 2225 706 Adfulsit
2253 647 2395 703 nulla
2419 646 2741 702 maculat-um
2762 645 2903 702 nube
2925 646 3200 701 serenum.

292 729 527 825 Inspirat
552 752 767 821 brutum
795 748 977 806 divino
998 763 1028 804 a
1056 758 1273 820 pectore
1302 752 1509 816 pectus.
1820 822 1824 825 Δ
1989 737 2127 794 Tum
2157 753 2319 810 sapor
2348 736 2653 796 illecebram
2682 735 2897 792 mellitis
2922 735 3169 792 faucibus
3206 729 3418 800 indcns,

364 822 537 914 Quem
560 854 840 916 postquam
870 839 1047 913 efﬁgie
1067 842 1377 905 formatum,
1407 850 1504 892 ceu
1526 848 1619 891 sua
1642 830 1723 908 (9.)
1737 822 1885 901 vidit,
1989 830 2263 902 Compulit
2292 831 2505 888 insueto
2530 836 2724 886 munus
2748 826 2962 886 deferre
2986 826 3201 883 marito.

291 939 513 997 Metitur
545 936 623 1011 (5)
649 935 821 994 solum
852 933 1130 990 mordaces
1163 930 1374 988 solvere
1400 942 1576 985 curas.
1992 924 2148 995 Quod
2174 924 2336 983 simul
2363 937 2425 981 ac
2455 924 2702 996 sumpsit,
2726 922 2939 1011 detersa
2965 924 3142 1007 nocte,
3178 920 3412 977 nitentes

291 1030 450 1089 Ilicet
475 1004 676 1100 irriguo
703 1024 977 1100 persuadit
1001 1024 1204 1080 lumina
1230 1036 1442 1087 somno,
1991 1020 2276 1077 Emicuere
2305 1018 2465 1087 oculi,
2495 1016 2698 1074 mundo
2725 1004 3064 1089 Splendent‘e,
3098 1013 3297 1071 sereni.

293 1124 510 1183 Mollius
537 1121 754 1194 utlvuisa
782 1118 1043 1175 formetur
1072 1116 1290 1175 foemina
1329 1124 1499 1180 costa,
1994 1112 2139 1184 Ergo
2158 1111 2246 1169 ubi
2272 1110 2529 1168 nudatum
2559 1110 2839 1182 prOSpexit
2861 1110 3067 1181 corpus
3085 1112 3329 1179 uterque,

294 1225 473 1291 Atque
494 1184 643 1273 artus
670 1217 838 1272 mixtu
867 1215 1080 1286 gemino
1110 1210 1409 1268 substantia
1439 1208 1633 1264 firmet.
1992 1203 2236 1275 Cumque
2257 1202 2503 1275 pudenda
2528 1201 2732 1269 vident,
2777 1200 2985 1257 ficulnis
3014 1198 3293 1256 frondibus
3315 1184 3589 1256 umbratil’.

291 1287 501 1370 luditur
528 1321 583 1368 et
605 1326 802 1368 nomen
829 1311 974 1377 vitae,
1006 1306 1147 1380 quod
1174 1305 1365 1363 dicitur
1390 1304 1519 1360 Eva.
1994 1294 2159 1352 Forte
2178 1295 2278 1352 sub
2304 1295 2524 1352 occiduo
2554 1294 2766 1350 Domini
2792 1294 2905 1365 iam
2935 1293 3139 1350 lumine
3166 1287 3298 1350 solis

295 1406 633 1478 Quapropter
662 1402 772 1460 nati
798 1402 1049 1473 linquunt
1073 1398 1141 1456 de
1168 1407 1345 1455 morte
1371 1398 1643 1468 parentes.
1995 1388 2307 1461 Agnoscunt
2344 1390 2598 1457 sonitum,
2622 1387 2923 1459 trepidique
2948 1384 3017 1442 ad
3036 1384 3190 1443 devia
3230 1385 3481 1442 tendunt.

294 1472 733 1573 Coniugi-hosque
760 1496 870 1553 suis
902 1494 1097 1569 positis
1125 1508 1246 1549 cum
1280 1488 1503 1546 sedibus
1519 1487 1725 1542 luerent
1752 1499 1766 1538 :
1927 1493 1941 1504 '
1995 1480 2134 1537 Tum
2163 1479 2417 1537 Dominus
2441 1480 2562 1537 coeli
2590 1486 2843 1536 moestum
2872 1472 3441 1549 compeliat'Adamum
3467 1493 3484 1532 :

296 1566 539 1664 Sepiima
569 1566 780 1660 quando
812 1567 950 1643 Deus
975 1582 1259 1647 factorum,
1283 1580 1388 1637 fine
1416 1579 1638 1650 quievit,
1997 1572 2094 1628 Dic
2116 1574 2370 1630 ubinunc
2390 1571 2601 1645 degas?‘
2618 1566 2917 1644 Respondit
2944 1571 3359 1643 talia‘supplex:

299 1684 519 1741 Sacrata
541 1690 781 1736 statuens
806 1677 1013 1735 venturi
1040 1675 1227 1748 gaudia
1251 1671 1335 1748 (4)
1366 1673 1542 1737 saecli;
1997 1668 2042 1724 Ο
2073 1669 2314 1733 Domine,
2350 1668 2565 1724 adfatus
2596 1667 2788 1738 pavido
2813 1665 2914 1722 sub
2944 1665 3107 1721 corde
3135 1666 3411 1734 tremisco,

299 1774 451 1831 Ilicet
475 1772 744 1829 exhibitas
771 1771 1101 1826 animantum
1130 1783 1194 1823 ex
1218 1764 1406 1821 ordine
1430 1764 1617 1827 turbis,
1921 1764 1973 1835 Β
1999 1762 2204 1833 Magne,
2236 1771 2388 1827 tuos;
2420 1761 2702 1832 nudusque
2729 1766 2882 1815 metu.
2895 1756 3125 1829 frigente
3154 1757 3368 1829 fatigor.

297 1866 511 1923 Viritim
539 1863 620 1938 (5)
648 1860 854 1920 cunctis
884 1876 1080 1917 nomen
1105 1857 1245 1931 quod
1269 1865 1546 1928 permanet
1574 1851 1723 1922 indit,
1999 1854 2134 1911 Tum
2163 1852 2419 1910 Dominus
2443 1870 2457 1918 ;
2486 1852 2616 1922 Quis
2644 1862 2800 1923 poma
2821 1846 2971 1906 dedit
2995 1842 3204 1906 natalia
3233 1842 3387 1906 vobis
3401 1847 3432 1902 ἱ

302 1958 495 2018 Adami
524 1972 556 2013 a
579 1956 804 2012 Domino
829 1954 1022 2010 donata
1051 1950 1269 2007 scientia
1302 1946 1381 2022 (6)
1411 1947 1597 2025 solers.
2001 1946 2245 2002 Tradidit
2274 1947 2388 2001 haec
2417 1945 2632 2011 mulier,
2665 1943 2790 2000 dum
2823 1942 2953 1999 dicit
2974 1938 3181 1998 lumina
3201 1944 3493 2015 promptim

303 2053 474 2120 Quem
493 2049 637 2105 Deus
661 2046 912 2118 alloquio,
941 2045 1183 2116 junctam
1205 2041 1452 2113 dignatur
1478 2046 1533 2094 et
1558 2024 1726 2094 Evam
1763 2054 1776 2091 :
2001 2040 2261 2096 Gaudenti
2293 2040 2503 2108 perfusa
2528 2030 2636 2107 die,
2667 2037 3038 2110 liquidumque
3060 2050 3311 2093 serenum
3354 2024 3357 2029 ”

305 2141 548 2199 Crescite
575 2138 889 2195 multimodo
914 2146 1133 2193 ventura
1164 2136 1215 2190 iu
1240 2144 1478 2204 tempora
1513 2140 1684 2201 partu.
2003 2133 2303 2191 Adfulsisse
2327 2134 2447 2195 sibi,
2479 2134 2755 2205 solemque
2785 2140 2840 2189 ει
2868 2131 3049 2187 sidera
3079 2129 3223 2188 εωιῑ,

307 2234 381 2292 Ut
410 2233 563 2305 polus
589 2240 647 2287 et
666 2232 837 2301 plenae
865 2234 1046 2286 vestro
1070 2228 1180 2284 sint
1215 2226 1457 2298 germine
1479 2231 1661 2291 terrae,
2006 2226 2259 2281 Protinus
2282 2227 2358 2280 ira
2395 2225 2489 2281 Dei
2516 2224 2781 2281 turbatam
2812 2223 3029 2279 territat
3049 2220 3236 2288 Evam,

304 2325 668 2395 Haeredesque
701 2323 830 2392 mei,
856 2322 1034 2378 varios
1059 2318 1328 2389 decerpite
1355 2316 1577 2373 fructus.
2006 2319 2296 2375 Auctorem
2330 2316 2475 2374 vetiti
2503 2317 2628 2373 dum
2655 2315 2847 2389 quaerit
2874 2313 3143 2370 maximus
3168 2310 3294 2371 acti.

309 2421 461 2491 Quos
485 2433 704 2476 nemora
729 2427 784 2473 et
810 2415 991 2489 pingui
1019 2411 1247 2470 reddunt
1270 2411 1355 2483 (7')
1386 2410 1454 2466 de
1481 2407 1683 2480 cespite
1707 2402 1901 2479 campi.
2008 2410 2104 2467 llla
2132 2410 2231 2466 sub
2257 2409 2375 2465 haec
2408 2408 2626 2480 pandit:
2654 2407 2936 2479 Serpentis
2965 2420 3123 2463 suasa
3153 2402 3429 2478 loquentis

309 2511 439 2567 Haec
460 2509 547 2566 ubi
576 2508 848 2572 disseruit,
880 2505 999 2562 lana
1027 2501 1307 2576 paradisus
1334 2494 1386 2556 in
1415 2500 1534 2556 aula
2011 2504 2228 2574 Accepi,
2260 2500 2477 2559 fallente
2506 2501 2651 2569 dolo,
2683 2500 2988 2572 blandoque
3011 2504 3233 2569 rogatu;

311 2600 613 2669 lnstruitur,
647 2599 912 2670 primique
929 2604 1171 2667 aspectat
1195 2593 1396 2650 lumina
1424 2591 1572 2648 solis.
2010 2595 2147 2653 Nam
2172 2610 2270 2652 sua
2297 2594 2529 2666 vipereis
2549 2595 2800 2650 intexens
2823 2591 2982 2648 verba
3012 2590 3260 2658 venenis,
3428 2656 3443 2665 .

314 2693 563 2766 Cignitur
585 2691 704 2748 haec
728 2690 887 2757 inter,
920 2686 1089 2761 pomis
1119 2684 1364 2743 letalibus
1387 2680 1567 2748 arbor,

2011 2688 2144 2747 Rrec
2166 2687 2297 2744 mihi
2323 2678 2433 2761 prae
2458 2687 2664 2744 cunctis
2695 2687 2934 2742 narravit
2962 2683 3137 2741 dulcia
3168 2680 3362 2756 pomis.

315 2787 668 2858 Coniunctum
697 2790 964 2856 generatis
994 2780 1117 2837 vitae
1141 2778 1434 2848 mortisque
1467 2785 1737 2846 saporem.
1834 2784 1840 2790 ·

1834 2784 1840 2790 ’
2012 2783 2163 2840 Ilicet
2180 2783 2517 2854 omnipotens
2545 2779 2871 2837 condemnat
2894 2771 3043 2849 gesta
3072 2775 3341 2843 draconis,

315 2878 549 2937 Edibus
575 2879 629 2935 in
650 2874 840 2933 mediis
866 2889 999 2947 puro
1021 2866 1138 2930 Πίιὶῐ
1159 2870 1371 2943 agmine
1397 2869 1619 2934 Πωηεη,
2015 2875 2345 2947 Prmcipiens
2371 2874 2581 2931 cunctis
2609 2873 2841 2929 invisum
2870 2873 3045 2927 visere
3072 2872 3395 2935 monstrum,

316 2972 473 3042 Quod
497 2972 635 3043 rigat
661 2970 896 3040 insignes
920 2966 1132 3039 liquidis
1153 2963 1490 3021 deﬂuctibus
1521 2972 1694 3029 ortus,
2016 2970 2243 3027 Pectore
2262 2984 2388 3026 mox
2409 2969 2526 3024 fuso
2551 2972 2860 3039 prorepere,
2894 2972 3004 3022 tum
3033 2963 3151 3020 sola
3178 2964 3375 3019 mors'u‘

316 3061 762 3134 Quadriﬁdesque
791 3068 938 3115 secat
964 3057 1197 3113 undante
1222 3070 1288 3110 ex
1318 3053 1460 3110 fontc
1481 3056 1712 3110 tueatus.

2018 3062 2294 3129 Mandere,
2326 3077 2584 3119 mansuro
2612 3066 2943 3131 quaecunque
2980 3059 3033 3115 in
3063 3062 3306 3129 tempora
3338 3044 3510 3124 belli);

316 3155 520 3214 Phison
549 3151 796 3209 auriferis
821 3149 1084 3223 praedives
1111 3147 1330 3204 ﬂuctuat
1361 3142 1536 3212 undis,
1941 3166 1986 3230 ρ
2022 3155 2295 3211 ῃυηιεηοε
2316 3156 2458 3211 inter
2479 3162 2690 3222 sensus,
2714 3153 2994 3226 ipsumque
3020 3143 3328 3217 labantem;

318 3246 752 3318 Conspi'masquc
780 3244 904 3300 ιετίι
928 3257 1091 3299 rauco
1113 3240 1182 3296 de
1218 3237 1426 3311 ςυνείιο
1453 3251 1729 3309 gemmas;
2023 3248 2236 3303 Vertice
2263 3256 2321 3303 ut
2340 3247 2551 3318 abiecto
2572 3254 2772 3318 pronus
2795 3251 2915 3316 post
2946 3258 3102 3300 crura
3131 3242 3367 3298 virorum

320 3342 577 3399 Prasinus
602 3338 725 3394 huic
754 3351 969 3403 nomen,
998 3334 1075 3391 illi
1101 3342 1186 3390 est
1210 3331 1570 3387 carbunculus
1600 3327 1817 3395 ardens,
2021 3343 2295 3412 gul-pem,
2322 3350 2382 3397 υι
2405 3342 2575 3398 eam,
2606 3342 2733 3397 dum
2763 3340 2951 3397 labens
2982 3338 3230 3395 cominus
3251 3337 3441 3392 ξηειειι,

327 3435 758 3508 Perspicuusque
780 3431 931 3487 vadis
957 3438 1153 3485 terram
1181 3424 1482 3497 praelambit
1509 3423 1704 3478 Evilat.

2019 3435 2262 3494 meina
2283 3435 2600 3508 fraudigeris
2629 3436 2837 3491 misere
2855 3434 3077 3505 decepta
3099 3431 3345 3505 loquelis,

321 3528 455 3587 Post
480 3529 622 3584 hunc
642 3524 927 3594 Ethiopas
955 3521 1122 3589 Caeca
1151 3518 1404 3589 adlapsus
1426 3518 1646 3587 opimat.
2023 3527 2343 3599 pracipimr
2365 3526 2500 3583 duro
2525 3526 2841 3583 discrimine
2865 3534 3067 3596 ponere
3099 3533 3331 3597 partum,

321 3621 538 3680 Tertius
565 3629 651 3677 est
677 3617 871 3688 Tigris,
899 3613 1162 3686 Euphrati
1194 3612 1477 3681 adiuuetus
1504 3620 1717 3665 amanto
1737 3650 1751 3675 ,

1667 3622 1717 3664 ιο
1737 3650 1751 3675 ν
2024 3616 2423 3692 Servitiumque
2446 3621 2530 3677 sui
2557 3616 2735 3677 studio
2760 3620 2997 3691 perferre
3023 3618 3220 3677 mariti.

325 3713 602 3786 Assyriam
629 3710 788 3766 celeri
818 3707 1091 3764 discretim
1117 3703 1338 3760 ﬂumine
1363 3703 1597 3758 sulcans.

1569 3719 1597 3757 ει
2024 3713 2109 3770 Tu
2136 3729 2265 3770 vero
2288 3715 2374 3769 cui
2401 3713 2517 3769 visa
2541 3711 2646 3769 fuit
2668 3713 2933 3770 sententia
2963 3727 3125 3770 verax

324 3806 425 3863 Hic
447 3804 651 3877 positus
676 3810 858 3859 custos
876 3799 1121 3857 Adamus
1143 3811 1265 3854 cum
1291 3795 1519 3867 conjuge
1543 3795 1669 3862 lida,

2027 3804 2302 3876 Coniugis,
2338 3804 2533 3860 immiti
2555 3803 2721 3861 cessit
2745 3818 2866 3876 qua!
2887 3805 3031 3860 vieta
3055 3802 3297 3870 draconi,

329 3900 507 3972 Atque
537 3897 737 3970 opifex,
772 3895 861 3952 tali
893 3894 1149 3951 formatur
1168 3906 1301 3949 voce
1327 3890 1587 3947 Tonantis
1619 3907 1632 3945 :
2029 3899 2265 3956 Dencbis
2287 3898 2547 3956 miserum
2579 3916 2678 3972 per
2707 3911 2947 3972 tempora
2976 3899 3135 3971 longa
3162 3898 3435 3968 laborem;

331 3992 414 4050 Ne
437 3992 700 4065 trepidate
729 3978 1105 4046 simubilﬂtbs
1119 3984 1467 4059 princerht're'
1485 3983 1709 4066 fructus,

2026 3989 2167 4049 Nam
2195 3992 2287 4051 um
2317 3992 2547 4048 triticea}
2563 3998 2744 4064 surget
2765 3992 3145 4066 alumnatus
3163 3991 3355 4048 messis

330 4082 477 4152 Quos
499 4064 689 4139 nemus
717 4073 995 4135 intonsum.
1017 4093 1168 4133 ramo
1194 4068 1475 4132 frondente
1497 4064 1745 4132 ereavit?
2029 4066 2290 4151 Carduus',
2323 4068 2843 4156 et‘Spinis‘muli‘uﬁ
2861 4064 3293 4157 paliuruSdCutis
3323 4101 3339 4140 :

329 4176 555 4236 SOlliCili
577 4190 643 4230 ne
674 4172 816 4229 ΐοΐιθ
844 4171 1044 4233 malum
1075 4169 1269 4225 ηοκθιθ
1291 4167 1498 4239 legatis.
2030 4176 2103 4234 Ut
2128 4193 2247 4233 cum
2279 4178 2573 4235 visceribus
2597 4179 2754 4236 lassis
2789 4189 2845 4237 et
2879 4190 3099 4252 pectore
3121 4187 3339 4247 masta,

333 4269 489 4338 Quod
509 4268 649 4323 viret
668 4279 741 4321 ex
764 4263 982 4335 gemino
1005 4261 1238 4316 discreto
1262 4259 1330 4315 ad
1355 4258 1537 4315 munia
1563 4271 1747 4314 succo.

2032 4269 2269 4326 Plurima
2296 4270 2554 4328 sollicitos
2583 4281 2838 4344 prtestent
2862 4272 3091 4345 suspiria
3116 4272 3294 4329 victus
3324 4287 3338 4324 :

333 4361 446 4420 Nec
471 4361 651 4417 minus
680 4359 882 4415 interea
908 4368 1083 4412 eccos
1107 4368 1215 4409 nox
1232 4352 1338 4409 alta
1367 4354 1601 4418 tenebat,

2033 4364 2213 4420 Donec
2240 4363 2294 4419 in
2323 4363 2548 4421 occiduo
2574 4364 2837 4422 venientis
2864 4376 3104 4437 tempore
3128 4363 3345 4429 mortis,

337 4458 417 4513 Ac
440 4453 603 4511 modo
629 4452 887 4507 formatos
914 4462 1015 4504 nec
1041 4446 1207 4502 vestis
1235 4452 1446 4501 texerat
1471 4452 1642 4498 artus.
2036 4454 2187 4511 unde
2223 4455 2365 4527 geris
2389 4472 2583 4527 corpus
2608 4466 2766 4514 ιρι-ηε
2799 4457 3026 4516 reddare
3047 4455 3267 4530 jacemi,

406 4549 518 4605 llas
541 4547 682 4603 inter
700 4543 881 4609 sedes,
913 4550 976 4597 et
993 4539 1175 4595 buccis
1203 4537 1425 4593 milibus
1452 4543 1622 4603 οῐιυε,
1949 4561 2006 4623 D
2034 4545 2127 4602 llis
2156 4546 2288 4603 actis
2305 4589 2320 4616 ,
2353 4547 2609 4604 Dominus
2636 4548 2859 4620 trepidis
2885 4550 2969 4607 dat
3005 4549 3161 4606 taedia
3180 4548 3339 4617 vitae,

335 4642 603 4717 Spumeus
632 4644 811 4694 astuto
836 4636 1059 4691 vincens
1084 4628 1335 4685 animalia
1365 4643 1529 4685 sensu
1552 4670 1568 4697 ,
2038 4638 2384 4710 Deiectosque
2413 4640 2596 4711 procul
2625 4639 2847 4697 sacratis
2871 4639 3109 4698 dimovet
3136 4641 3334 4708 hortis,

337 4733 600 4806 Serpebat
626 4732 784 4786 tacite
810 4726 979 4797 spiris
997 4721 1314 4794 frigentibus
1338 4720 1565 4791 anguis;

2034 4729 2403 4802 Ochrsosquc
2434 4732 2603 4801 locat,
2631 4733 2912 4805 medioque
2938 4735 3177 4791 eliminat
3200 4735 3336 4807 igni,

336 4825 522 4884 Livida
553 4820 790 4879 mordaci
813 4816 1039 4872 volvens
1064 4812 1339 4869 mendacia
1362 4827 1543 4878 sensu,
2033 4821 2090 4876 In
2121 4837 2228 4893 quo
2252 4823 2508 4893 perceleri
2551 4821 2821 4882 Cherubin
2850 4823 3113 4883 evolvitur
3139 4837 3303 4895 testu,

337 4915 621 4993 Ftemineo
649 4917 819 4968 lenm
834 4907 939 4962 80b
965 4913 1183 4974 pectore
1210 4898 1392 4960 monia
1418 4902 1601 4959 εονάθ-
2037 4888 2173 4969 Dum
2202 4888 2406 4972 calidus
2433 4914 2675 4974 defervet
2700 4933 2834 4989 apex
2853 4961 2867 4987 ,
2899 4894 3245 4991 ﬂammasque
3278 4888 3510 4980 volutat.

337 5011 435 5066 Dic
463 5007 593 5064 mibi
619 5020 719 5060 cur
749 5011 957 5057 metuas
985 4996 1156 5052 felicia
1182 4996 1420 5089 germina
1443 4996 1608 5052 mali?
1687 5086 1696 5089 Δ
1746 5086 1761 5089 _
2035 5005 2196 5073 Queis
2226 5006 2512 5076 Dominus,
2567 5009 2717 5081 pigro
2755 5025 2823 5066 ne
2853 5009 3049 5082 frigore
3094 5011 3330 5067 membra
3362 5013 3647 5089 rigeret",

337 5096 605 5168 Numquid
634 5107 791 5164 Wa
817 5091 957 5145 De“
987 5103 1090 5143 "0"
1130 5088 1308 5145 omnia
1338 5099 1461 5145 ηοω
1491 5086 1766 5144 εθοΐθνίιῗ
2036 5098 2256 5155 Censuit
2279 5100 2494 5156 evulsas
2522 5101 2785 5173 pecudum
2814 5102 2883 5159 de
2907 5104 3113 5159 viscere
3140 5102 3337 5172 pelles,

336 5193 384 5251 Ε
418 5191 566 5263 queis
590 5190 633 5244 si
664 5187 880 5242 studeas
901 5182 1130 5239 mellitos
1153 5197 1374 5255 carpere
1396 5184 1585 5252 victus,

2036 5191 2296 5262 Operiens
2321 5192 2490 5248 nudos
2515 5194 2701 5250 calidis
2728 5194 2796 5251 de
2825 5196 3063 5253 vestibus
3089 5208 3253 5251 artus.

340 5289 553 5342 Aureus
580 5280 842 5351 aStrigero
867 5275 1125 5334 remeabit
1150 5275 1367 5333 cardine
1395 5275 1648 5332 mundus.
2111 5283 2254 5355 Ergo
2281 5283 2368 5341 ubi
2390 5284 2638 5358 coniugio
2662 5300 2781 5344 sese
2805 5287 2910 5359 iam
2940 5287 3077 5344 ﬁdus
3105 5286 3343 5346 Adamus

1493 5388 1877 5448 LECTIONES
1915 5393 2321 5465 VARIANTES.

439 5517 492 5593 1)
517 5517 604 5583 1η,
632 5513 820 5573 Morel.
847 5512 967 5571 cod.
999 5512 1203 5570 Victor.
1628 5572 1635 5575 ,

413 5519 494 5666 ξε)
516 5589 742 5662 Artificis
764 5590 1038 5661 formatum
1066 5586 1121 5640 in
1142 5582 1382 5656 imagine,
1400 5580 1574 5639 editor
1589 5576 1930 5651 Oxoniensis,

1867 5580 1881 5594 .
2113 5515 2195 5661 (5;
2219 5516 2507 5591 Distinctt'm
2525 5519 2654 5577 edit.
2669 5520 2843 5589 Oxon.
3060 5576 3065 5583 ,
3360 5578 3364 5581 .

1808 5594 1930 5651 nsm,
2072 5662 2075 5666 _
2135 5589 2169 5666 6_
2230 5588 2734 5666 lfrudengia__Morel.
2781 5588 2985 5649 Pam’el.
3029 5586 3269 5648 Adamn:
3301 5586 3364 5650 dd

415 5576 494 5666 (2')
516 5576 742 5662 Artificis
764 5590 1038 5661 formatum
1066 5586 1121 5640 in
1142 5582 1382 5656 imagine,
1400 5580 1574 5639 editor
1589 5576 1930 5651 Oxoniensis,
2072 5662 2075 5667 _
2113 5576 2191 5661 (6)
2230 5588 2511 5645 Prudentia
2540 5576 2734 5648 Morel.
2764 5576 2985 5649 *ﬁam'et.
3029 5576 3269 5648 Adde
3301 5578 3510 5655 dum
3530 5599 3660 5660 ἐξω

331 5654 522 5720 Baluz.
1277 5726 1283 5727 γ
2037 5660 2326 5727 prudentia,
2356 5660 2476 5715 cod.
2504 5661 2647 5717 Vict.

410 5735 491 5808 (5)
522 5732 642 5808 Non
674 5732 864 5804 patitur
888 5729 1083 5808 conjic.
1109 5726 1386 5808 Buiuzius:
1434 5794 1497 5808 υ.
1543 5802 1552 5808 _
1677 5790 1713 5808 n
1750 5790 1764 5808 ‘
2040 5726 2045 5727 ⁷
2109 5727 2188 5802 (7)
2218 5729 2451 5787 Reddent
2507 5732 2645 5790 Vict.

416 5737 467 5808 (5
522 5735 642 5789 Non
674 5735 864 5804 patitur
888 5735 1083 5797 conjic.
1109 5735 1375 5782 Batuzius.

416 5735 495 5883 (si
525 5806 795 5866 Sacratam
817 5820 862 5861 ε.
883 5816 932 5861 υ.
954 5800 1023 5857 ad
1051 5799 1260 5874 gaudia,
1287 5796 1411 5853 cod.
1434 5794 1643 5850 Victor.
1674 5790 1787 5847 Bal.
