3940 6288
236 231 253 241 '
370 186 504 291 ilOi
1746 238 2097 303 APPENDIX
2135 244 2369 308 ruma.
3537 268 3679 332 uos

367 349 506 405 Esse
531 346 706 404 virum
734 347 928 420 sensit,
961 363 1160 411 nomen
1190 352 1464 426 genitricis
1488 365 1680 415 amata:
1996 363 2054 423 Α
2083 365 2279 425 Desine
2306 370 2546 430 mordaci
2576 372 2794 434 fratrem
2819 375 3131 450 disperdere
3157 395 3358 452 sensu;

367 439 604 544 Exhibet
628 441 805 544 uxori.
835 443 977 544 Bino-
989 445 1080 519 qui
1103 450 1348 544 germine
1376 449 1550 509 lactus
1573 451 1655 524 (l)
2072 463 2176 530 Qui
2209 465 2300 521 tibi
2331 481 2429 524 ceu
2461 469 2686 528 Domino
2708 439 2983 544 subject-us
3007 476 3144 533 colla
3171 439 3412 538 daturus.

365 532 632 645 Oontirruo
645 537 896 645 genitor,
927 538 1151 645 diversis
1178 553 1447 616 nuncupat
1466 544 1605 602 orsis
1634 563 1669 645 τι
1693 635 1706 645 -
2067 555 2182 614 Nec
2209 569 2386 618 tamen
2411 561 2495 618 his
2523 562 2751 632 fractus,
2781 532 2999 626 lintrem
3026 570 3242 629 deducit
3266 574 3334 630 ad
3359 590 3509 645 arva,

366 627 545 738 ﬁatque
568 629 696 738 Caitr
723 626 810 735 hic
837 649 1032 738 nomen
1064 633 1255 704 habet,
1277 637 1376 738 cui
1396 637 1616 738 junctus
1642 635 1862 698 Abelus.
2071 649 2250 722 Atque
2278 653 2370 736 ubi
2391 626 2783 727 deprehensum
2809 659 3026 720 deserto
3130 626 3560 738 gramine—vidit,

366 717 632 830 I‘nuocttas
661 719 820 794 hujus
847 727 1095 782 servabat
1121 740 1248 830 cura
1276 725 1517 786 bidentes
1534 771 1549 798 ,
2072 717 2238 801 Elidit
2260 717 2486 818 geminis
2507 750 2757 824 frangens
2783 753 2862 826 (Ξ)
2895 717 3452 830 guttura

365 811 468 924 ﬁ.“
503 811 638 870 ³¹ίυε
667 831 830 871 ουτνο
856 827 1050 924 le'l'l'am
1075 819 1317 924 νθτιθῦξιι
1341 832 1542 924 πψο·
1628 914 1642 924 .
2071 835 2226 904 Quod
2256 811 2450 899 factum
2471 811 2728 904 Dominus
2751 811 3330 921 c‘aeio'spe‘culatusrab
3349 856 3491 924 alto;

458 919 598 1015 cum.
611 917 869 1015 perpetuo
895 907 1096 967 ferrent
1124 927 1228 1015 διιδ-
1248 907 1644 1015 ἀοηα-Τςωθιιιὶ
1663 954 1678 982 υ
2070 901 2328 1002 Disquirit
2341 975 2356 1003 ,
2384 901 2904 1007 quonam

368 993 663 1053 Dissimiles
688 995 892 1059 fructus
912 1018 1074 1060 sensu
1099 1003 1358 1061 suadente
1382 1005 1604 1064 dedere.

368 1086 502 1145 Nam
541 1090 688 1161 prior
713 1093 965 1152 uberibus
993 1094 1207 1154 fuerant
1233 1114 1354 1170 quas
1377 1109 1590 1172 prosata
1618 1099 1816 1174 glebis,

369 1176 601 1250 Obtulit;
631 1193 713 1241 ast
739 1179 874 1243 alius
899 1187 1013 1244 miti
1039 1204 1098 1247 se
1125 1191 1356 1249 devovet
1387 1207 1554 1265 agno,

2071 1018 2167 1077 Ille
2193 1035 2351 1096 negat
2376 1029 2605 1098 positum
2632 1033 2909 1092 custodem
2945 1049 3006 1092 se
3044 1036 3160 1092 iure
3184 1038 3385 1096 fratris.

2071 1113 2171 1170 Cui
2209 1115 2356 1175 Deus
2383 1120 2575 1179 eli‘atur
2606 1141 2620 1178 :
2663 1124 2926 1186 Numnam
2954 1129 3033 1202 (5)
3072 1144 3175 1187 vox
3195 1133 3472 1205 sanguinis
3493 1135 3614 1207 ejus

1166 1208 1356 1294 evovet
1387 1208 1554 1265 agnO.
1598 1285 1610 1294 -
1682 1286 1696 1294 _
2071 1208 2157 1266 Ad
2199 1227 2288 1269 me
2319 1213 2481 1271 missa
2523 1226 2713 1287 sonat,
2751 1220 3064 1294 celsumque
3111 1226 3354 1284 ascendit
3381 1227 3449 1286 ad
3474 1230 3671 1290 axem?

370 1273 515 1384 Exit:
531 1292 693 1381 ωξιηιι
717 1279 924 1384 Sincera
949 1299 1154 1384 geren8_
1166 1275 1182 1352 ζ
1213 1285 1531 1359 adipemque
1559 1285 1828 1358 nivalem;
2070 1299 2243 1361 Nosse
2265 1304 2429 1376 igitur
2451 1273 2713 1366 mansura,
2730 1311 2825 1368 tibi
2849 1327 2948 1384 pro
2963 1273 3201 1374 crimine
3232 1327 3415 1377 tanto:

369 1365 770 1484 geniestimque
797 1373 975 1484 placet
987 1376 1230 1484 Domino
1255 1379 1344 1484 pia
1365 1388 1495 1484 vota
1522 1380 1710 1438 tuemi-
2071 1393 2206 1451 Nam
2233 1365 2395 1454 modo
2418 1415 2541 1472 quae
2565 1365 3035 1475 ige‘rmani
3055 1365 3485 1481 sanguiue'tverra
3507 1454 3525 1484 ,

369 1458 523 1575 Quod
548 1473 763 1575 propter
778 1465 961 1575 gelida
985 1468 1116 1575 cain
1148 1471 1569 1575 incandui-pira:
2072 1488 2252 1548 Inviso
2279 1458 2564 1552 maledicta
2594 1496 2692 1554 tibi

366 1550 707 1670 RuemdLJeus
728 1557 978 1670 adloquio
1000 1560 1284 1667 dignatus,
1338 1564 1532 1670 talibus
1554 1551 1682 1622 inSit
1713 1583 1728 1623 ε
2072 1581 2312 1651 Semina,
2341 1550 2412 1642 et,
2433 1550 2741 1660 adsumptis
2754 1550 3382 1666 adtigi-oleret
3410 1597 3595 1658 herbis
3613 1641 3630 1670 ,

365 1643 464 1750 Dic
486 1645 639 1717 mihi.
664 1651 710 1709 si
735 1662 940 1750 rectum
961 1654 1111 1749 vivas
1129 1698 1145 1726 .
1177 1667 1232 1715 et
1259 1657 1414 1716 noxia
1440 1673 1631 1716 cernas
1652 1701 1670 1729 .
2073 1643 2341 1749 Torpidus
2369 1686 2430 1736 ut
2453 1643 2922 1742 multorcollidens
2945 1643 3189 1747 membr;
3219 1643 3473 1750 tremore:

364 1736 576 1814 Degere
601 1758 709 1801 non
731 1745 906 1818 possis
931 1739 1207 1810 contracto
1233 1765 1262 1810 a
1289 1750 1513 1810 crimine
1540 1754 1752 1825 purus?
1997 1759 2047 1822 B

1577 1866 1963 1938 LECTIONES
1998 1881 2087 1941 VA
2096 1880 2409 1942 RIANTES.

370 1959 374 2010 ἱ
548 1952 858 2051 ἐξ.
871 1965 1070 2051 Laeto.“
1096 1964 1218 2022 cod.
1255 1964 1390 2025 Vict.
2149 1977 2227 2051 (5)
2259 1976 2448 2034 Nonne
2469 1976 2657 2036 Morel.

468 1954 494 2012 1
548 1952 707 2014 Binos
761 1998 778 2014 .
805 1977 858 2032 ς.
910 1970 1059 2032 actos,

439 1952 522 2100 (2i
546 1975 844 2098 Fraucgmt,
871 1965 1059 2090 liiorel.

757 2247 1433 2366 INCERTI
1526 2248 2344 2388 AUCTORIS
2413 2253 3153 2375 SODOMAE

883 2480 1116 2542 CAPUT
1176 2482 1463 2544 PRIMUM.
2073 2488 2378 2546 Succedunt
2403 2489 2684 2557 Sodomis;
2715 2490 2820 2547 illic
2844 2490 2912 2547 de
2936 2493 3103 2566 stirpe
3124 2492 3332 2565 piorum

435 2567 551 2628 Iam
579 2568 721 2628 Deus
748 2573 1088 2645 omnipotens
1115 2577 1356 2649 primaevi
1383 2588 1625 2650 tempora
1655 2579 1833 2648 saecli,
1893 2620 1897 2624 ι
2070 2581 2378 2638 Transvena
2406 2580 2544 2638 Loth
2574 2581 2788 2656 aderat,
2829 2585 3042 2656 sapiens
3063 2627 3079 2653 ,
3107 2585 3342 2659 justique
3368 2586 3589 2646 colonus
3613 2628 3630 2659 ,

368 2661 594 2721 Vindice
618 2663 819 2722 diluvio
837 2707 854 2735 ,
884 2667 1094 2725 cunctis
1117 2667 1426 2728 aboleverat
1448 2669 1640 2741 undis,
2068 2672 2219 2732 Unus
2247 2683 2392 2740 erat,
2426 2676 2735 2733 meminisse
2764 2676 2933 2733 Deum
2959 2695 2973 2745 ;
3003 2678 3141 2736 solet
3161 2681 3309 2738 utilis
3333 2683 3492 2740 arbor

365 2753 511 2822 Quas
535 2753 730 2813 omium
756 2759 952 2828 sparsit
978 2767 1157 2826 gerrae,
1186 2761 1350 2818 maris
1377 2763 1592 2834 exspuit
1632 2777 1850 2834 aequor;
2064 2765 2124 2823 In
2163 2767 2327 2841 sylvis
2352 2768 2562 2827 latitare
2595 2769 2722 2826 feris
2754 2769 2834 2842 (6)
2863 2771 3009 2827 velut
3035 2771 3245 2846 hospita
3269 2775 3465 2834 fructu.

367 2847 636 2906 Hactenus
653 2889 670 2914 ,
703 2848 845 2906 haud
876 2849 1078 2922 liquido
1099 2867 1285 2924 poenas
1306 2853 1598 2912 decernere
1622 2863 1812 2929 pactus
2065 2855 2118 2914 Is
2145 2867 2273 2915 tunc
2301 2875 2399 2931 pro
2428 2871 2583 2931 porta
2610 2859 2852 2917 residens
2883 2862 2990 2934 (vix
3019 2865 3280 2921 mmrenia
3307 2867 3526 2926 adibant

364 2939 588 2999 Excidio
607 2983 624 3009 ,
665 2942 876 3015 quoties
897 2941 1119 3017 hyemes
1160 2944 1442 3004 induceret
1468 2963 1600 3015 aer;
2063 2948 2356 3022 Caelicolae)
2383 2966 2686 3024 quanquam
2711 2951 2922 3008 divinos
2948 2955 3160 3012 nescius
3177 2999 3193 3026 ,
3220 2956 3363 3015 ultro

364 3034 678 3092 Frtnnandis
700 3035 903 3091 varium
925 3035 1088 3108 pluvii
1120 3037 1468 3096 mandaverat
1487 3055 1671 3096 arcum
1689 3081 1705 3107 ,
1855 3035 1858 3040 ’
2062 3041 2332 3111 Advocat,
2361 3044 2629 3116 appellat,
2659 3044 2836 3117 patrio
2861 3055 3150 3105 veneratur
3171 3047 3376 3108 honore
3395 3094 3413 3119 ,

364 3127 644 3204 Purpureo
666 3120 722 3187 et
740 3128 894 3187 viridi
915 3129 1213 3202 signantem
1236 3131 1414 3190 nubila
1446 3132 1633 3190 limbo.
1994 3207 2032 3216 Δ
2061 3135 2414 3210 Hospitioque
2442 3147 2629 3206 vocat,
2660 3139 2818 3212 longe
2847 3140 3119 3200 stabulare
3145 3153 3427 3216 parantes;

998 3221 1228 3283 CAPUT
1266 3223 1329 3282 ΙΙ.
1987 3207 2034 3272 C
2066 3207 2262 3287 Enisus
2289 3207 2464 3304 longis
2489 3207 2778 3304 precibus:
2795 3233 2880 3305 pia
2908 3236 3127 3306 pignora
3145 3207 3342 3297 .mensa

435 3314 542 3372 Sed
565 3313 798 3373 recidiva
822 3315 1100 3373 hominum
1122 3317 1322 3389 pariter
1359 3332 1482 3374 cum
1525 3325 1684 3391 gente
1725 3315 1961 3400 secunda
2062 3321 2374 3396 Oﬂiciisque
2398 3324 2580 3396 probis
2608 3325 2786 3382 studio
2806 3325 3086 3400 dispungit
3107 3332 3331 3388 amicos.

367 3407 647 3482 Impietas,
690 3410 991 3482 iterumque
1016 3409 1144 3467 mali
1173 3426 1309 3466 nova
1334 3411 1554 3484 pullulat
1583 3399 1746 3482 retas,
2060 3407 2181 3464 Nox
2210 3411 2450 3479 requiem
2475 3409 2723 3477 dederat,
2755 3409 2846 3467 lux
2873 3399 3107 3469 solverat
3131 3416 3298 3474 altera
3329 3427 3566 3489 noctem,

367 3501 590 3560 Excidio
612 3501 723 3573 jam
753 3519 861 3560 non
886 3503 1087 3560 imbres
1111 3504 1328 3570 sortita,
1361 3503 1456 3561 sed
1483 3504 1654 3576 ignes.
2063 3501 2131 3557 Et
2144 3500 2377 3557 Sodoma
2392 3501 2444 3556 in
2463 3499 2921 3573 foribusstrepitat
2936 3515 3227 3576 conquesta
3240 3508 3542 3567 rudeudum
3560 3511 3661 3586 (7).

365 3593 455 3652 Sic
478 3594 773 3652 Sodomum
803 3595 997 3653 meruit
1027 3595 1186 3652 tellus
1212 3595 1525 3654 ardentibus
1549 3595 1630 3652 uri
2062 3595 2202 3652 Loth
2228 3605 2415 3652 contra
2439 3595 2666 3668 supplex
2696 3613 2710 3650 :
2739 3595 2818 3652 Ne
2841 3611 2938 3654 vos
2963 3613 3104 3656 nunc
3134 3610 3287 3671 pacta
3319 3601 3397 3676 (8)
3429 3604 3594 3662 libido

366 3685 599 3743 Roribus
627 3687 703 3758 (4)
730 3695 784 3744 et
812 3686 934 3744 linis
958 3688 1281 3760 portendere
1309 3689 1460 3761 signa
1485 3687 1671 3745 futuri.
2061 3688 2318 3746 Incendat
2337 3728 2353 3757 ,
2379 3688 2641 3760 juvenes,
2673 3688 2845 3760 ipsam
2872 3686 3071 3746 ftedare
3093 3691 3371 3762 juventam
3396 3712 3413 3761 ;

364 3777 544 3836 Effera
573 3777 812 3838 luxuries
831 3779 939 3838 illic
960 3823 977 3851 ,
1002 3779 1216 3838 inimica
1241 3775 1464 3855 pudoris
1480 3825 1496 3849 ,
2061 3781 2181 3850 Quo
2210 3783 2372 3838 luxus
2398 3781 2642 3853 genitura
2669 3781 2868 3837 vocat?
2893 3797 3000 3852 quo
3028 3784 3235 3841 semina
3271 3785 3508 3844 frustra?

363 3873 540 3932 Instar
561 3863 695 3947 legis
723 3881 874 3943 erat,
905 3873 1112 3947 fugeret
1135 3890 1294 3948 quam
1327 3873 1583 3947 praescius
1614 3873 1853 3946 hospes;
2062 3874 2182 3943 Quo
2206 3873 2367 3930 nulla:
2392 3881 2616 3942 nuptant
2642 3871 2872 3938 animae;
2902 3887 3011 3929 non
3040 3875 3207 3930 lustra
3237 3877 3518 3947 colentes;

363 3966 507 4026 Ante
530 3967 616 4025 vel
644 3966 712 4024 ad
739 3967 1016 4042 Scythicas
1033 4011 1048 4037 ,
1079 3969 1166 4026 vel
1194 3969 1336 4042 apud
1367 3967 1631 4025 Busiridis
1657 3983 1779 4024 aras
2063 3967 2183 4023 Non
2210 3965 2434 4022 stabulis
2457 3965 2719 4033 reduces,
2751 3980 2858 4020 non
2884 3965 3040 4020 undis
3067 3967 3253 4022 subter
3282 3967 3528 4039 hiantes;

365 4059 641 4132 Exoptans
667 4059 762 4132 per
789 4076 942 4118 sacra
970 4076 1155 4118 necem
1175 4103 1192 4130 ,
1223 4076 1500 4132 caesusque
1521 4075 1736 4116 crucem
2064 4059 2173 4117 Nec
2197 4075 2316 4131 quae
2346 4073 2639 4150 pennarum
2671 4057 2900 4114 modulis
2927 4075 3095 4132 prope
3120 4061 3302 4118 nubila
3333 4065 3607 4138 pendent,

365 4152 617 4212 an‘dere
641 4153 955 4230 Bebrycium
977 4197 994 4224 ,
1023 4163 1076 4212 et
1100 4154 1329 4227 Libycas
1347 4154 1542 4210 satiare
1570 4151 1846 4224 palaestras
1863 4193 1881 4224 ,
1945 4224 1950 4230 ι
2062 4155 2174 4212 Nec
2198 4170 2317 4228 quae
2354 4168 2451 4224 per
2479 4162 2675 4209 terram
2706 4163 2977 4224 protracto
3001 4170 3228 4228 corpore
3252 4169 3490 4217 manant.

364 4246 618 4318 Anteque
645 4246 728 4304 vel
749 4233 955 4304 Circaea
980 4260 1152 4302 novas
1183 4261 1278 4316 per
1309 4245 1503 4318 pocula
1527 4243 1728 4302 formas
2062 4248 2235 4306 Omne
2262 4261 2461 4319 genus,
2497 4246 2652 4303 luxus
2676 4261 2845 4318 genus
2875 4256 2956 4304 est
2981 4267 2996 4317 ;
3039 4250 3142 4307 nisi
3171 4250 3396 4311 litamina
3429 4255 3629 4330 conjux

364 4341 630 4410 Sumere,
657 4355 815 4414 quam
845 4341 1033 4397 l’resum
1058 4338 1308 4398 Sodomis
1336 4340 1583 4396 amittere
1607 4353 1824 4396 sexum.
2063 4341 2348 4409 Omnibus,
2375 4348 2430 4397 et
2457 4355 2728 4411 nunquam
2757 4341 3003 4412 cuiquam
3028 4343 3133 4399 nisi
3161 4345 3381 4402 {nemina
3406 4358 3600 4408 mater.

363 4433 660 4494 Pulsabant
703 4435 898 4492 coelum
948 4433 1178 4505 invidia,
1226 4432 1491 4490 connubia
1546 4432 1712 4490 mixta
2064 4435 2218 4492 Nunc
2243 4435 2290 4491 si
2311 4434 2391 4490 l'as
2412 4433 2664 4506 juvenilis
2684 4433 2847 4490 habet
2871 4445 3080 4492 vastare
3102 4438 3397 4510 pudorem,
3491 4523 3493 4528 Ι

363 4527 578 4587 Incesta
617 4527 805 4598 parili,
837 4527 1048 4599 generis
1076 4535 1264 4582 natura
1291 4524 1529 4582 rebellis.
1989 4601 2002 4602 ί
2063 4528 2202 4586 Sunt
2229 4529 2369 4585 intus
2397 4537 2535 4584 natae
2561 4525 2770 4599 bijuges
2799 4526 2966 4596 mihi,
2995 4528 3190 4586 nubilis
3218 4541 3350 4590 tetas
3368 4573 3387 4602 ,

360 4623 427 4680 In
455 4635 612 4690 sese,
637 4620 931 4692 laesumque
958 4619 1061 4676 viri
1088 4634 1210 4676 cum
1236 4633 1465 4692 corpore
1491 4632 1706 4674 nomen.
1855 4615 1862 4628 '
1986 4601 2042 4662 Ῑ)
2067 4620 2354 4693 Virginitas
2374 4619 2428 4676 in
2457 4617 2590 4676 ﬂore
2611 4627 2808 4688 tumet,
2832 4618 2942 4690 jam
2967 4618 3145 4676 dedita
3173 4623 3372 4690 messi,

360 4717 635 4787 Tempore
658 4713 750 4771 sed
776 4713 924 4770 certo
943 4713 1086 4769 Deus
1111 4711 1289 4770 omnia
1315 4711 1744 4784 perspeculatus},
2065 4714 2233 4788 Digna
2257 4712 2450 4786 cupido
2473 4713 2636 4784 viris,
2665 4713 2844 4770 tulerit
2869 4729 3028 4785 quam
3051 4724 3229 4771 vestra
3260 4718 3504 4790 voluptas
3528 4739 3544 4792 ;

359 4809 582 4868 Judicat
604 4807 833 4880 injustas
858 4806 1070 4879 patiens
1087 4847 1105 4874 ,
1135 4806 1224 4862 ubi
1251 4800 1494 4862 criminis
1516 4813 1648 4861 tetas
2065 4807 2212 4866 Cedo
2237 4817 2390 4880 pater
2415 4823 2618 4880 proque
2645 4807 2944 4878 hospitibus
2968 4809 3206 4880 pensabo
3229 4810 3492 4870 dolorem.

361 4901 623 4961 Cessandi
649 4901 883 4973 spatium
912 4900 994 4957 vis
1019 4899 1163 4956 nulla
1193 4899 1434 4971 coegerit
1458 4899 1574 4956 iraa.
2067 4901 2272 4975 Vulgus
2297 4901 2366 4958 ad
2394 4900 2511 4958 hac
2535 4899 2797 4957 demens:
2826 4899 2959 4968 Quis
2999 4914 3124 4956 nam
3167 4909 3255 4973 tu,
3300 4915 3562 4978 quantus,
3607 4918 3667 4968 et

361 4997 593 5074 Jamque
621 4995 737 5052 dies
761 4994 926 5052 ultrix
952 4993 1140 5051 aderat
1157 5035 1173 5061 ,
1207 4993 1316 5051 duo
1339 4993 1409 5051 de
1427 4985 1768 5066 grege-missi
2845 5068 2851 5076 ξ
3363 4995 3584 5075 [ιιηάθῖ

361 5089 624 5163 Angelico
653 5087 729 5165 (5)
761 5087 930 5145 forma
947 5087 1174 5161 juvenes
1191 5127 1207 5156 ,
1235 5087 1324 5160 qui
1349 5087 1566 5159 Spiritus
1593 5082 1754 5142 ambo
1903 5135 1910 5142 .
2070 5086 2172 5155 Qui
2197 5085 2355 5143 nobis
2380 5083 2693 5150 domineris,
2720 5083 2814 5151 ait,
2844 5084 3097 5157 legesque
3121 5090 3412 5164 recondas,

365 5183 502 5241 Diva
530 5182 828 5242 ministerio
855 5182 1066 5240 Domini
1093 5181 1346 5239 mandata
1376 5181 1651 5248 ferebant,
1977 5224 1980 5226 η
2069 5182 2382 5238 Transvena
2397 5187 2671 5238 corrector
2686 5176 3663 5263 (9)Sodomorum?duplicat(10)iras:

1586 5293 1974 5357 LECTIONES
2008 5295 2426 5354 VARIANTES.

443 5415 595 5477 CAP.
619 5413 690 5474 ΙΙ.
719 5446 792 5460 -
929 5395 1183 5483 “amntis
1217 5411 1432 5472 Fabric.
1489 5412 1693 5472 Pamel.
1749 5397 1970 5488 fascibus
2077 5413 2183 5486 lege
2206 5411 2490 5487 radendum
2512 5409 2652 5466 Vict.
2682 5417 2917 5482 congesta
2942 5411 3214 5470 rudentum
3234 5415 3410 5476 Oxon.

443 5490 667 5539 urchins.
723 5487 942 5539 fontibus
989 5487 1112 5539 cod.
1153 5486 1293 5539 Vict.
1337 5485 1531 5539 facibus
1574 5485 1744 5539 Morel
1805 5493 1862 5539 at
1886 5500 1973 5539 το·
2148 5481 2227 5539 (8)
2262 5481 2422 5538 Pacta
2445 5480 2534 5538 ed.
2560 5479 2734 5536 Oxon.

366 5490 668 5551 Cauchius.
721 5481 942 5562 fontibus
989 5481 1112 5545 cod.
1153 5486 1293 5543 Vict.
1336 5485 1531 5559 facibus
1574 5481 1759 5544 Morel'
1805 5493 1862 5542 at
1886 5500 1973 5540 νο-
2123 5481 2227 5680 ’ἱῖ
2262 5481 2422 5538 Parta
2445 5481 2534 5538 ed.
2560 5481 2734 5536 Oxon.
2782 5481 2792 5482 “
3303 5560 3314 5572 _

364 5561 512 5620 ribus
540 5561 724 5618 Baluz.
753 5576 818 5617 ex
849 5559 971 5616 cod.
1003 5558 1162 5619 Colb.
2173 5558 2204 5610 9
2259 5553 2402 5610 Num
2429 5562 2591 5608 rector
2617 5551 2798 5609 Baluz.
2815 5562 3075 5610 conrector
3101 5555 3222 5614 cod.
3253 5558 3392 5617 Vtct.
3417 5577 3518 5618 non
3545 5581 3660 5622 rec-

445 5631 524 5680 (Si
557 5631 798 5680 Anaclica
823 5632 934 5680 duo
957 5625 1094 5680 mss.
1121 5627 1357 5680 cbdices.
2076 5634 2156 5680 tor
2227 5623 2423 5680 olbert.

469 5633 503 5690 5
555 5631 798 5704 Angelica
823 5632 934 5688 duo
957 5625 1094 5688 més.
1121 5627 1357 5687 codices.
2076 5623 2423 5708 tor'Colbert.
3092 5697 3104 5709 ι

468 5631 531 5779 tt)
556 5697 854 5779 Iferusﬁlii.
970 5772 982 5779 _
1069 5773 1081 5779 _
1160 5773 1196 5779 _
1238 5772 1254 5779 _
1549 5765 1566 5779 .
1653 5767 1688 5779 Α
1728 5770 1762 5779 __
2084 5770 2097 5779 _
2150 5695 2263 5779 (lQ)
2299 5695 2366 5779 U_t
2391 5693 2790 5779 ingeratBaluz.
2822 5695 3179 5772 excogLVtct.
3213 5709 3270 5758 et
3296 5701 3482 5776 Morel,
3505 5717 3660 5778 atque

471 5765 527 5848 7)
557 5773 687 5834 Cum
715 5775 824 5847 lege
873 5772 1116 5848 pudenda
1160 5772 1344 5832 Baluz.
1374 5786 1444 5833 ex
1467 5765 1590 5826 cod.
1648 5767 1800 5830 Colb.
1858 5783 1974 5825 cum
2078 5765 2261 5841 ingerit
2287 5766 2372 5823 ed.
2405 5765 2577 5825 Oxon.
