3940 6288
260 195 404 255 1103

262 307 410 364 Nunc
440 303 601 378 igitur
630 310 742 359 tute
768 299 880 373 ipse
909 297 1056 364 lues,
1087 292 1226 367 quod
1255 298 1435 350 nostra
1461 284 1658 360 cupido
1677 298 1760 346 est

264 399 371 454 Pt'o
400 397 563 463 natis,
593 409 802 468 quoque
831 387 1160 460 hospitibus;
1192 386 1320 442 satis
1340 398 1478 440 unus
1507 381 1560 438 in
1591 395 1800 437 omnes.

267 491 416 546 Dicta
442 497 498 546 et
525 488 662 544 facta
681 484 860 550 simul,
891 481 1034 552 vulgi
1059 495 1208 536 mora
1234 477 1376 535 nulla
1401 476 1648 534 furentis.

264 585 534 643 Turbidus
559 583 784 639 hiberno
811 587 867 634 ut
895 577 1021 634 dum
1052 575 1285 632 volvitur
1314 574 1510 644 impete
1540 583 1747 650 torrens
1767 612 1782 632 .

266 677 520 732 Rivorum
549 674 602 729 in
630 667 1096 742 numeros(l)uno
1108 666 1243 737 pede
1269 667 1436 721 fertur
1465 665 1517 718 in
1543 675 1733 719 omnes
1751 659 1855 734 (Ξ),

263 769 319 826 Si
348 783 450 840 qua
479 765 590 822 illic
610 760 773 821 arbor
792 761 991 832 rapidis
1011 758 1298 815 oﬂ‘enditur
1320 756 1498 823 undis,

268 859 420 916 llaud
447 853 700 916 mansura
729 855 847 921 diu;
882 843 1137 926 quantum
1160 851 1339 908 radice
1361 849 1539 906 licebit

265 953 500 1011 Crinitas
525 945 727 1008 durare
748 953 958 1017 moras,
987 946 1077 1005 ubi
1105 945 1291 1002 subter
1312 944 1529 1000 adesam

263 1045 449 1104 Perdit
479 1045 700 1101 humum
722 1041 1071 1099 circdmfoSso
1095 1051 1216 1095 cum
1245 1037 1468 1094 caudice
1499 1033 1737 1108 pendens
1761 1075 1778 1104 ,

265 1139 381 1196 11υο
410 1138 538 1195 illuc
561 1146 764 1193 certam
794 1133 974 1192 differt
995 1131 1200 1190 incerta
1227 1129 1434 1186 ruinam
1466 1149 1479 1186 :
1649 1128 1654 1152 ³
1743 1147 1746 1152 ·

266 1231 418 1289 llaud
443 1227 600 1286 aliter
619 1228 759 1285 Leth
782 1228 837 1284 in
869 1226 1042 1283 media
1069 1225 1327 1296 vertigine
1362 1223 1538 1294 vulgi,

266 1324 498 1393 Nutabat
535 1322 672 1378 vinci
698 1334 867 1393 protie
892 1320 1036 1389 jam;
1075 1316 1170 1375 sed
1191 1317 1313 1373 diva
1336 1325 1578 1388 potestas

266 1415 560 1482 Subvenit;
601 1412 826 1485 angelici
844 1411 1070 1482 juvenes
1093 1409 1160 1466 de
1183 1408 1366 1464 limine
1391 1415 1602 1478 raptum

267 1505 577 1562 Restituunt
603 1499 792 1570 tectis,
829 1502 1051 1560 demens
1095 1500 1191 1558 sed
1232 1491 1419 1568 vulgus
1458 1497 1658 1553 ibidem

268 1599 556 1658 Poenarum
588 1593 840 1669 auspiciis
859 1597 1117 1652 multatur
1145 1593 1346 1650 lumine
1365 1591 1483 1647 diro
1505 1590 1610 1664 (3).

896 1688 1126 1746 CAPUT
1163 1687 1254 1745 111.

339 1785 489 1842 Tunc
505 1783 716 1841 decreta
735 1782 817 1856 (1)
837 1782 929 1838 Dei
956 1780 1438 1851 reserant,dignam
1455 1777 1640 1834 adfore
1656 1790 1868 1848 poenam

267 1882 344 1937 l‘.e
370 1879 508 1936 cmlo
536 1877 814 1943 Sodomis,
847 1875 1021 1946 ipsum
1050 1875 1313 1930 meruisse
1337 1873 1571 1928 salutem

265 1973 495 2030 Iustitia:
522 1971 696 2027 titulo.
745 1969 884 2038 Quin
911 1983 1038 2040 ergo
1063 1965 1361 2038 accingeris
1389 1964 1587 2021 isthinc

267 2066 548 2122 Festinare
575 2063 774 2134 fugam,
808 2061 1114 2132 pariterque
1145 2059 1376 2116 educere
1403 2059 1447 2114 si
1470 2057 1599 2128 quid

267 2157 456 2216 Gentis
487 2157 652 2213 habes
675 2157 702 2212 ἲ
729 2170 828 2211 nos
853 2153 1080 2212 exitium
1102 2151 1214 2224 jam
1241 2150 1544 2207 inducimus
1574 2147 1714 2204 urbi.

267 2252 405 2310 Loth
454 2264 683 2324 generos
723 2251 860 2306 citus
885 2247 1219 2319 adloquitur,
1262 2244 1360 2302 sed
1407 2244 1542 2301 dura
1585 2242 1871 2302 hominum

838 2337 865 2358 "
1549 2335 1588 2409 "[
1614 2350 1765 2392 mens
1784 2377 1799 2400 ,
1867 2339 1877 2344 “

270 2433 502 2492 Credere
525 2434 773 2505 despexit
798 2431 1084 2500 monitum,
1114 2430 1338 2502 risitque
1365 2431 1633 2485 timorem.

275 2527 544 2600 Tempore
572 2542 697 2583 mox
725 2541 830 2597 quo
856 2526 946 2582 lux
979 2525 1226 2582 tenebras
1253 2522 1619 2579 conscendere
1647 2529 1837 2588 tentat,

273 2621 344 2676 Et
366 2620 570 2675 bicolor
594 2619 713 2676 coeli
743 2617 903 2674 facies
929 2617 996 2674 de
1023 2624 1180 2673 nocte
1193 2615 1391 2686 dieque
1411 2623 1515 2679 est,

276 2713 560 2768 Instabam
583 2712 808 2782 juvenes
829 2708 1132 2765 Chaldaaam
1160 2707 1392 2764 educere
1417 2714 1634 2778 gentem

271 2805 353 2860 Ex
378 2803 658 2869 Sodomis,
682 2801 991 2873 iustamque
1017 2797 1466 2868 domumjdonare
1489 2797 1648 2852 saluti
1682 2814 1695 2850 :

281 2897 404 2962 Eia,
436 2909 552 2967 age,
571 2894 733 2960 Loth,
755 2907 983 2963 exsurge
1003 2900 1252 2963 tuamque
1273 2889 1493 2946 adsume
1511 2888 1768 2960 jugalem,

278 2989 348 3043 Et
374 2998 524 3042 natas
549 2986 811 3056 duplices,
841 2993 999 3054 atque
1025 2983 1149 3039 hinc
1179 2967 1509 3039 exterminus
1539 2983 1640 3037 ito.

1709 175 2177 239 TERTULLIANI

1876 292 1928 351 A
1955 289 2220 360 Sulphura
2249 299 2370 343 cum
2402 283 2632 342 flammis
2655 281 3002 356 flagrantibus
3027 286 3216 340 aestuat
3244 277 3438 349 :ether,

1945 381 2196 436 *Exustus
2223 377 2450 449 crepitat
2478 374 2692 448 liquidis
2722 374 3004 431 ardoribus
3031 373 3202 429 aether

3421 164 3567 228 HM

1962 475 2102 531 Hinc
2131 473 2295 529 habet
2334 473 2385 526 in
2417 470 2552 526 falso
2576 468 2643 525 de
2673 483 2803 525 vero
2830 467 3008 524 fabula
3037 465 3232 521 famam

1960 569 2102 626 Solis
2132 568 2442 640 progeniem
2471 577 2662 620 currus
2687 571 2900 632 Optasse
2922 570 3196 631 paternos,

1957 661 2071 720 Nec
2093 661 2330 717 Valuisse
2353 659 2528 715 levem
2557 669 2784 729 puerum
2811 654 3022 710 frenare
3051 649 3316 724 superbos

1962 755 2106 828 lgnis
2133 768 2323 826 equos,
2354 750 2555 808 arsisse
2583 749 2808 815 orbem;
2839 757 2964 803 tunc
2993 744 3215 801 fulmine
3244 748 3455 813 raptum

1963 850 2255 921 Aurigam;
2300 846 2539 902 illicitum
2572 842 2842 914 planctum
2868 848 3106 896 mutasse
3129 849 3368 894 sorores.

1966 941 2170 998 Viderit
2192 921 2479 1004 Eridanus,
2506 937 2552 992 si
2573 951 2674 1006 qua
2699 933 2805 990 illic
2833 931 3060 1004 populus
3085 929 3266 996 albet,

1965 1033 2072 1088 Aut
2096 1031 2140 1087 si
2166 1030 2284 1101 quis
2312 1029 2516 1100 plumat
2538 1025 2692 1083 senio
2716 1022 3038 1080 modulatior
3059 1021 3194 1082 ales.

1885 1127 1890 1138 ⁷
1981 1125 2082 1182 Hic
2105 1125 2262 1180 aliter
2286 1119 2712 1179 ver‘saa'mmrent
2738 1117 2996 1174 miracula
3023 1114 3231 1172 formm.
3295 1119 3298 1122 '

1966 1217 2209 1291 Namque
2249 1207 2451 1276 comes‘
2479 1214 2714 1288 coniux,
2763 1213 2869 1271 heu
2913 1222 3019 1280 me,
3053 1209 3334 1268 maletum
3357 1219 3576 1280 quoque

2395 1297 2400 1302 ’
2743 1293 2748 1318 ί
2825 1298 2832 1304 ’
3063 1305 3104 1382 ’,
3333 1299 3498 1376 [legit
3591 1367 3594 1374 .

1969 1405 2214 1463 Faamina
2241 1411 2346 1460 non
2375 1400 2605 1474 patiens,
2633 1400 2815 1480 divina
2841 1399 2906 1456 ad
2939 1411 3219 1461 murmura
3240 1393 3363 1475 (ιωιί

1970 1498 2218 1554 Audaces
2245 1497 2429 1576 oculos
2451 1477 2807 1567 nequicquam
2832 1493 2946 1549 sola
2971 1493 3210 1558 retorsit,
3301 1473 3303 1475 l
3471 1473 3473 1480 ’

1970 1591 2081 1648 Nec
2102 1591 2351 1646 habitura
2379 1589 2522 1660 loqui
2548 1588 2688 1660 quod
2719 1587 2940 1654 viderit;
2969 1593 3026 1642 ct
3053 1584 3216 1642 simul
3245 1583 3360 1640 illic

1896 1689 1944 1750 Β
1973 1683 2032 1738 1η
2066 1683 2308 1754 fragilem
2343 1690 2546 1737 mutata
2571 1682 2739 1737 salem
2762 1683 2911 1737 stetit
2939 1681 3051 1750 ipsa
3080 1676 3438 1749 scpulcrum,‘l

1971 1777 2202 1849 Ipsaque
2227 1778 2402 1849 imago
2427 1776 2527 1833 sibi
2556 1775 2781 1832 formam
2803 1775 2923 1831 sine
2950 1789 3176 1846 corpore
3209 1785 3431 1830 servans
3463 1767 3572 1845 (7).

1975 1873 2140 1927 Durat
2177 1871 2353 1927 adhuc
2373 1861 2572 1927 etenim
2599 1869 2740 1926 nuda
2767 1869 2999 1925 statione
3024 1866 3125 1922 sub
3162 1866 3382 1921 aethram
3415 1903 3434 1934 ,

1973 1963 2084 2021 Nec
2106 1963 2301 2035 pluviis
2321 1963 2524 2034 dilapsa
2559 1963 2700 2027 situ,
2747 1976 2850 2017 nec
2885 1960 3062 2016 diruta
3095 1958 3288 2016 ventis.

1974 2057 2114 2124 Quin
2139 2057 2300 2112 etiam
2329 2055 2373 2111 si
2398 2055 2520 2127 quis
2546 2053 2872 2110 mutilaverit
2892 2051 3100 2107 advena
3129 2049 3388 2118 formam,

1973 2149 2226 2205 Pratinus
2247 2163 2314 2205 ex
2337 2162 2458 2204 sese
2485 2156 2741 2220 suggestu
2763 2146 2986 2202 vulnera
3017 2142 3273 2213 complet.

1973 2242 2179 2298 Dicitur
2195 2240 2467 2298 et"vivens
2493 2241 2600 2295 alio
2617 2237 3011 2310 'jam‘corpore,
3040 2249 3202 2294 sexus

1973 2334 2252 2393 Munilicos
2292 2335 2452 2392 solito
2479 2334 2805 2406 dispuogere
2831 2329 3091 2402 sanguine
3133 2341 3371 2384 menses.

2045 2429 2320 2500 Nusquam
2359 2435 2485 2484 sunt
2525 2426 2782 2495 Sodomi,
2831 2437 3095 2496 nusquam
3155 2421 3370 2478 illorum
3415 2417 3587 2490 impia

3303 2513 3510 2596 [lucent

1979 2612 2203 2678 Moenia;
2233 2628 2356 2670 cum
2377 2611 2614 2668 dominis
2633 2609 2826 2668 domus
2839 2605 3015 2666 omnis
3033 2608 3189 2678 inops
3213 2599 3291 2660 ita
3311 2592 3612 2678 nusquam.

1981 2707 2308 2782 Totarogus
2336 2706 2487 2778 regio
2507 2699 2608 2768 est.
2637 2704 2760 2762 hinc
2784 2716 2902 2774 atro
2927 2703 3152 2782 horrore
3175 2699 3370 2756 favilla:
3392 2739 3409 2766 ,
3582 2685 3584 2688 ’

1981 2779 2352 2870 Ηίηεαύάείιυ
2383 2813 2520 2854 cano
2551 2787 2758 2854 cineres
2785 2779 3284 2866 incendiasignant,

1981 2891 2188 2948 Occidit
2217 2889 2306 2946 illa
2335 2891 2487 2962 prior
2517 2889 2699 2946 feritas
2727 2889 2808 2961 (8)
2841 2903 3000 2960 quam
3025 2961 3027 2964 ι
3055 2878 3387 2957 prospiciens
3417 2878 3584 2948 Loth,

1903 2975 1905 2982 “
1983 2986 2172 3043 Nullus
2200 2993 2320 3042 arat
2341 2984 2536 3040 frustra
2563 2985 2743 3055 piceas
2764 2982 2966 3053 fulgine
2999 2980 3205 3058 glebas.

277 3080 619 3137 Pracveniens
645 3079 938 3134 Sodomum
967 3091 1153 3143 poenas
1175 3075 1446 3146 (manibus
1463 3087 1673 3143 quoque
1693 3071 1880 3128 amicis
1907 3083 1952 3146 ί]
1986 3075 2408 3148 Semiperempta
2440 3078 2601 3133 etiam
2637 3078 2681 3132 si
2720 3093 2822 3147 qua
2852 3076 2962 3131 illic
2986 3072 3177 3144 jugera
3203 3069 3355 3125 ιωιαε

273 3173 580 3228 Producunt
609 3167 864 3238 trepidos)
892 3179 1051 3237 atque
1081 3160 1196 3221 haec
1223 3166 1315 3221 tibi
1345 3176 1538 3220 caetera
1565 3164 1798 3231 mando;

275 3269 444 3322 Serva
475 3264 609 3320 Loth
639 3261 895 3326 animam,
928 3277 994 3316 ne
1025 3247 1195 3315 visum
1225 3261 1276 3314 in
1310 3270 1452 3330 terga
1477 3269 1774 3316 retrorsum

273 3356 500 3412 Vertere
529 3357 664 3410 forte
691 3353 844 3418 velis,
869 3361 1104 3420 coeptum
1132 3350 1214 3406 vel
1245 3350 1437 3406 sistere
1465 3365 1737 3422 gressum,

276 3447 336 3502 In
365 3457 598 3502 montem
621 3460 866 3516 propera.
901 3443 1108 3498 Timuit
1130 3441 1268 3498 Loth
1296 3443 1461 3498 ardua
1494 3443 1646 3498 tardo

279 3538 540 3611 Ereptare
563 3538 754 3611 gradu,
785 3538 1038 3593 caelestes
1067 3552 1135 3592 ne
1161 3537 1307 3606 prius
1332 3536 1426 3590 irae

279 3632 677 3703 Opprimerent,
711 3630 845 3686 alios
877 3631 1038 3700 igitur
1065 3629 1356 3702 deposcere
1384 3635 1569 3697 portus

278 3723 632 3794 Adgreditur,
666 3736 881 3791 parvam
927 3737 1089 3792 quam
1141 3728 1328 3776 contra
1355 3720 1640 3789 aspexerat
1664 3722 1872 3775 urbem.

282 3819 418 3885 line,
449 3817 639 3888 inquit,
665 3815 934 3873 contendo
962 3816 1146 3888 fugas,
1174 3814 1264 3869 vix
1291 3813 1557 3870 mtenibus
1603 3812 1683 3886 (5)
1705 3821 1878 3869 exstat

281 3909 390 3966 Nec
419 3897 596 3981 longe,
626 3923 726 3966 nec
754 3924 966 3981 magna.
995 3906 1078 3963 Illi
1105 3907 1282 3963 favere
1315 3907 1515 3978 petenti
1547 3906 1670 3980 (6),

283 4001 443 4059 Urbis
469 4011 522 4057 et
545 4001 713 4072 ipsius
739 4001 939 4072 pariter
961 4016 1181 4072 gessere
1206 3999 1455 4057 salutem.
1487 4004 1516 4050 "2

281 4093 413 4149 lude
439 4094 607 4164 Segor
630 4080 748 4150 vico
774 4110 789 4151 :
820 4107 1012 4149 nomen
1040 4108 1143 4148 vox
1171 4077 1396 4148 barbara
1423 4093 1591 4150 novit.

281 4185 440 4257 Tunc
460 4185 600 4241 Loth
631 4175 926 4256 ingreditur
955 4183 1159 4254 Segor;
1203 4184 1360 4239 simul
1383 4185 1624 4241 exoritur
1645 4185 1750 4252 sol,

282 4278 514 4334 Ultimus
535 4275 626 4332 ille
647 4267 883 4346 quidem,
898 4274 952 4328 in
969 4272 1367 4343 Sodomnmquc
1394 4274 1638 4330 incendia
1661 4274 1875 4333 fervens

284 4370 488 4438 Infert;
519 4383 643 4424 nam
677 4359 818 4424 totes
841 4354 1020 4422 radios
1043 4375 1345 4421 armaverat
1370 4365 1498 4437 igni,

283 4464 499 4522 .Emula
525 4461 874 4533 subsequitur
898 4461 1069 4533 caligo
1096 4459 1368 4528 includere
1399 4461 1571 4516 lucem

282 4556 557 4626 Coeptans,
585 4565 747 4626 atque
773 4553 962 4625 globos
991 4551 1216 4608 confuso
1242 4553 1478 4608 intexere
1506 4551 1672 4618 coelo;

284 4647 573 4704 Fumantes
601 4654 801 4702 coeunt
824 4644 1015 4712 nubes,
1049 4657 1219 4699 novus
1249 4643 1403 4700 irruit
1427 4644 1617 4712 imber,

1977 3171 2234 3230 Autumni
2263 3178 2525 3224 conantur
2553 3183 2702 3238 opes,
2742 3167 2901 3222 facile
2929 3165 3128 3237 optima
3163 3177 3286 3218 sese

1979 3265 2306 3322 Promittunt
2333 3263 2523 3328 oculis,
2557 3261 2691 3331 pira,
2723 3259 2952 3330 persica,
2978 3267 3033 3314 et
3057 3255 3234 3312 omnia
3261 3251 3426 3320 mala,

1987 3360 2169 3415 Donec
2213 3364 2530 3428 carpuntur;
2565 3370 2686 3409 nam
2713 3353 2954 3424 protinus
2975 3349 3151 3405 indice
3174 3354 3371 3404 tactum

1979 3448 2217 3507 Solvitur
2241 3447 2297 3503 in
2328 3449 2596 3513 cinerem,
2629 3445 2688 3500 fit
2717 3460 2850 3499 vana
2894 3443 3176 3514 favillaque
3217 3451 3436 3511 pomum
3483 3433 3586 3519 (9).

1981 3543 2073 3598 Sic
2102 3542 2259 3612 igitur
2285 3537 2426 3596 cisio
2453 3538 2647 3609 pariter
2676 3545 2922 3607 terraque
2952 3536 3202 3607 sepultis,

1980 3634 2089 3690 Nec
2113 3648 2260 3688 mare
2289 3632 2414 3686 vivit
2443 3631 2546 3698 ibi,
2578 3645 2725 3685 mors
2753 3638 2837 3685 est
2871 3629 3040 3702 maris
3067 3629 3152 3684 illa
3180 3627 3365 3699 quieti,

1982 3727 2138 3799 Quod
2155 3727 2330 3782 nullus
2357 3723 2555 3780 animal
2584 3723 2698 3797 (l0)
2730 3739 2825 3793 per
2851 3723 3045 3780 anhela
3073 3727 3340 3784 volumina
3366 3729 3588 3798 ﬂuctus;

1979 3820 2279 3892 Quodquod
2306 3819 2466 3875 etiam
2495 3817 2668 3889 patrio
2695 3832 2965 3888 nunquam
3007 3807 3244 3890 Suspirat
3268 3822 3338 3877 ab
3361 3833 3584 3894 austro,

1979 3913 2240 3984 Quodque
2264 3911 2449 3982 nequit
2477 3909 2718 3981 proferre
2751 3908 2986 3980 aliquam
3017 3903 3085 3966 de
3109 3901 3321 3983 gurgite
3358 3901 3592 3986 gentem

1979 4005 2381 4077 Squamigeram
2398 4045 2414 4071 ,
2447 4001 2634 4058 laevive
2657 4001 2764 4058 cuti
2790 4002 2876 4058 vel
2899 4000 3098 4059 certice
3123 4011 3351 4074 septam,
3611 3999 3620 4005 ’

1973 4097 2082 4154 .Vel
2105 4097 2334 4168 crispum
2350 4093 2632 4161 concham,
2651 4102 2742 4149 aut
2757 4093 2952 4164 duplici
2973 4095 3289 4167 compagine
3316 4095 3585 4155 clausam.

1979 4187 2162 4247 Solu'm
2192 4188 2300 4245 illic
2324 4188 2539 4259 proprio
2567 4186 2825 4244 mentitur
2845 4185 2995 4258 fruge
3021 4187 3283 4263 bitumen,

1981 4284 2171 4341 Exusti
2202 4281 2362 4354 fuligo
2390 4282 2587 4349 maris;
2619 4281 2763 4354 quod
2790 4282 3000 4338 vividus
3026 4281 3188 4338 ardor

1981 4370 2179 4433 Subter
2206 4385 2399 4447 stagna
2431 4390 2688 4447 coquens,
2719 4374 2787 4431 de
2815 4373 3085 4446 sulphuris
3111 4368 3166 4431 et
3181 4375 3312 4432 salis
3339 4386 3474 4434 metu

1902 4477 1955 4540 1)
1981 4469 2268 4540 Temperat
2291 4469 2453 4539 inque
2481 4469 2651 4538 picem
2679 4465 2771 4522 dat
2801 4473 2957 4522 terra:
2985 4467 3192 4523 haerere
3219 4467 3505 4528 marinam.

1985 4563 2260 4619 luveltitut‘
2281 4561 2498 4634 proprio
2523 4575 2643 4616 cum
2671 4568 2910 4631 tempore
2934 4558 3128 4634 pingue
3151 4557 3403 4616 crematae.

1991 4659 2152 4715 Virus
2177 4648 2350 4729 aqum,
2384 4656 2692 4728 spumisque
2719 4656 2858 4712 cutis
2895 4669 3056 4728 super
3080 4671 3296 4729 aequora
3322 4657 3475 4730 nigra

1541 4763 1923 4832 LECTIONES
1963 4775 2268 4831 VARIANT
2277 4774 2377 4834 ES.

382 4877 434 4942 1)
457 4877 525 4933 1η
552 4892 809 4942 nutrieras,
825 4877 903 4931 sic
921 4873 1103 4930 Baluz.
1117 4888 1184 4930 ex
1201 4877 1320 4934 cod.
1337 4877 1490 4940 Colb.
1509 4883 1888 4940 nu,merosalii..

379 4947 436 5020 2)
467 4951 675 5025 Amnes,
708 4947 787 5001 sic
813 4948 997 5025 italus.
1029 4959 1107 5025 et;
1123 4947 1243 5025 cod.
1270 4949 1407 5004 Vict.
1440 4967 1610 5007 omnes
1636 4954 1751 5021 alii,
1776 4969 1872 5025 pro

284 5015 468 5090 fertur,
499 5020 695 5090 vehitur
739 5016 1028 5090 cod._Vict.
1068 5015 1218 5090 Colb.

359 5092 437 5161 (³5)
463 5085 734 5161 Interdum
761 5085 1206 5161 {aminemultqmu
1245 5090 1430 5146 Met-el.
1459 5104 1512 5149 et
1530 5093 1636 5149 duo
1661 5094 1874 5152 codices

286 5156 427 5218 mss!
451 5162 551 5216 nisi
591 5156 735 5224 quod
767 5157 1074 5212 Victorinus
1103 5158 1262 5219 habet
1288 5163 1499 5222 Iuntina.
1529 5165 1768 5222 Interdiu
1798 5168 1875 5224 le-

282 5232 517 5300 gendum
545 5226 1029 5300 videturpulpzio.

352 5301 506 5356 CAP.
540 5297 632 5354 lll.
660 5325 731 5336 —-
760 5296 837 5366 (4)
866 5297 1078 5352 Secreta
1098 5299 1330 5364 Colbcrt.

349 5371 430 5441 (5)
461 5371 636 5441 Euge,
663 5367 707 5418 si
728 5377 856 5441 certe
884 5367 1118 5423 manibus
1143 5371 1291 5429 Colb.

318 5510 331 5523 .
461 5407 1462 5523 '[oittarei'intrc'caii’tiuColb.l'
1479 5449 1622 5509 Vict.
1667 5443 1833 5508 Merel
1855 5494 1871 5520 ,
1900 5441 1902 5446 ’

275 5494 554 5580 ttisiquod
584 5509 686 5562 iste
713 5494 857 5576 legit,
886 5494 1091 5580 favete,
1288 5494 1435 5505 ww
1498 5494 1622 5509 ”“’”
1667 5494 1871 5520 ”’“”“’“’

267 5579 643 5716 [ονςιίηρανηε
689 5591 951 5632 reservans
997 5579 1117 5635 cod.
1163 5584 1316 5644 Colb.
1345 5591 1512 5663 [οι-,πα
1546 5591 1744 5661 ωσι-ει,
1777 5606 1877 5665 pro

2047 4889 2124 4964 (8)
2147 4889 2355 4964 Occidit
2381 4889 2471 4964 ille
2494 4888 2641 4964 prior
2665 4891 2874 4964 feritas.
2903 4889 3174 4964 Obscurus
3240 4903 3460 4964 versus,
3491 4888 3592 4964 ubi

1977 4962 2022 5016 si
2053 4961 2235 5030 raritas
2291 4976 2405 5031 pro,
2440 4961 3006 5032 {oi-litateaccipiatur
3049 4961 3266 5032 ratione.
3294 4961 3584 5028 carminis,

1977 5033 2248 5104 constabit
2275 5031 2488 5102 sensus,
2517 5033 2592 5104 uti
2625 5035 2802 5104 feritas
2885 5031 3098 5100 ferendo
3122 5031 3348 5088 dicatur.
3365 5032 3486 5088 Vox
3517 5048 3591 5090 eo

1979 5103 2281 5175 significatu
2327 5119 2472 5159 nunc
2519 5103 2784 5175 ohsOIeta.
2847 5103 2980 5160 Pan.

2053 5175 2383 5246 Corruptum
2425 5175 2598 5230 locum
2649 5174 2728 5230 sic
2779 5174 3054 5230 emendari
3081 5183 3135 5230 et
3159 5172 3366 5245 expleri
3418 5187 3594 5246 posse

1982 5253 2136 5317 putat
2155 5244 2328 5303 editor
2353 5244 2684 5301 Oxonensis:

2103 5355 2302 5428 Qccidit
2318 5355 2407 5408 illa
2428 5354 2787 5428 pp'pr‘spect'es,
2815 5369 2962 5428 quam
2982 5354 3278 5428 prospiciens
3301 5354 3424 5412 Loth

2016 5422 2026 5446 ⁷
2102 5418 2381 5474 Deservisse
2401 5417 2648 5484 fertur
2983 5417 3168 5485 fratris.
3197 5433 3204 5436 ‘
3249 5433 3254 5436 '

2016 5505 2028 5510 “
2310 5518 2315 5524 ·
2398 5521 2405 5526 ·
2937 5504 3117 5555 Bawz.

2077 5589 2161 5673 ἓθὶ.
2180 5589 2668 5673 Mirantisque.
2686 5587 2836 5673 ποριεῖ
2855 5586 3284 5673 (ἔμο.9οί¹·.¹¹ῑ⁸ἕι
3337 5672 3344 5673 ,
3371 5643 3378 5660 τ
3458 5659 3474 5673 .

2079 5655 2166 5733 10)
2205 5660 2356 5732 Quod
2370 5655 2773 5718 'nullos'animat
2791 5656 2942 5719 Colb.
2973 5656 3159 5717 Morel.
3179 5655 3350 5730 quue
3373 5655 3572 5720 animo
