3940 6288
327 5979 428 6034 orp
449 5980 495 6019 κ·

373 431 543 524 ίίιοε

401 581 658 656 Texitur;
690 583 968 654 appellunt
991 582 1144 655 queis
1173 590 1255 640 est
1277 596 1339 638 ea
1365 581 1539 654 captio
1562 582 1777 640 mercis.

399 672 686 731 Adelinant
714 675 860 731 leves
890 677 1114 732 laterum
1143 675 1420 732 libramine
1444 675 1671 754 lembos,
1862 723 1864 726 .
1961 739 1965 746 ι

373 763 470 823 "Ut
498 768 664 822 semel
696 766 1000 837 impositam
1029 767 1260 824 doceant
1286 765 1649 844 conscendere
1677 781 1889 826 venam.

399 860 532 916 Nam
561 875 622 916 se
650 853 847 930 Sponte
878 861 1060 916 levans
1089 858 1310 916 adnabit
1337 860 1532 915 mercis
1557 860 1622 914 ad
1653 874 1748 916 ora

396 950 623 1023 Navigii,
659 953 998 1030 pretiumque
1025 951 1171 1006 dabit
1191 966 1289 1022 pro
1316 935 1541 1006 munere
1574 951 1743 1023 largo,

394 1041 462 1102 Ni
494 1043 640 1115 plaga
669 1043 969 1114 contigerit,
991 1059 1148 1116 quam
1177 1042 1376 1099 mensis
1403 1042 1618 1099 fuamina
1650 1043 1823 1102 vestit.
1932 1092 1934 1095 .

409 1136 554 1194 Ec'ce
573 1135 714 1192 aliud
741 1145 1040 1200 monstrum
1072 1136 1242 1208 pelagi
1267 1137 1334 1192 de
1356 1135 1510 1193 clade
1539 1146 1784 1205 natatur;

397 1229 599 1288 Cuncta
629 1225 748 1286 illie'
769 1227 1006 1286 immissa
1038 1228 1115 1302 (I)
1140 1223 1360 1298 natant;
1391 1239 1580 1316 natura
1605 1229 1828 1287 recessit

1735 417 2088 526 A'PPENDIX
2127 464 2361 527 PRIMA.

2021 583 2078 646 Α
2104 581 2406 654 Mergendis
2426 583 2548 664 data
2577 582 2926 655 corporibus;
2953 583 3000 641 si
3024 582 3258 663 denique
3284 593 3424 644 teste

3574 474 3713 534 “06

2101 673 2403 732 Luciferam
2429 689 2617 732 narem
2643 674 2926 743 insistens,
2955 689 3063 746 qua
3091 674 3310 744 spiritus
3334 677 3440 749 igni
3467 685 3579 747 est,

2115 763 2404 825 Velificavit
2425 781 2582 837 apex,
2609 764 2840 822 flamma:
2871 766 2916 821 si
2941 765 3158 822 ﬂamma
3182 777 3455 840 perempta
3486 777 3594 839 est,

2109 852 2209 911 Ibit
2232 847 2414 914 subter
2438 871 2604 929 aquas
2631 856 2925 935 destructio
2946 855 3200 929 naufraga
3225 858 3380 918 lucis.

2106 949 2201 1006 Ilua
2247 948 2536 1005 Sodomum
2567 957 2622 1005 et
2645 949 2938 1007 Gomorum
2965 949 3185 1025 signata:
3209 950 3262 1006 in
3293 953 3486 1008 saecula
3513 968 3706 1025 pinnas.

2109 1040 2368 1098 Gentibus
2393 1041 2622 1111 injustis,
2649 1043 2800 1114 queis
2823 1051 3038 1122 pectora
3063 1043 3194 1099 dura
3231 1043 3310 1118 (Ξ)
3341 1045 3590 1103 timorem

2112 1135 2407 1192 Deseruere
2430 1135 2558 1202 Dei;
2601 1135 2669 1192 de
2715 1137 2857 1194 caelo
2895 1137 3016 1210 jura
3057 1139 3216 1212 tueri,

2111 1227 2277 1300 Inque
2303 1243 2469 1285 unum
2496 1243 2674 1286 rerum
2697 1228 2982 1304 Dominum
3003 1239 3249 1304 spectare
3271 1231 3559 1290 docebunt.

1557 1339 1944 1400 LECTIONES
1984 1338 2404 1410 VARIANTES.

403 1457 595 1514 mullus
621 1409 834 1514 Fabric.
865 1465 922 1514 et
943 1411 1075 1514 edit.
1107 1454 1308 1514 Oxon.

470 1529 552 1604 (Ι)
581 1529 752 1604 Invita
775 1528 884 1586 duo
911 1529 1033 1586 cod.
1059 1544 1192 1585 mss.
1300 1577 1304 1582 .

2178 1453 2268 1531 (ἢ
2289 1452 2461 1531 Corda
2495 1455 2707 1531 obdura
2729 1455 2925 1531 _Baluz.
2965 1455 3101 1531 cod.
3120 1455 3277 1515 Colb.
3307 1475 3526 1531 corpora
3575 1459 3709 1514 dura

2029 1519 2079 1582 B
2105 1519 2310 1586 Morel..
2329 1525 2450 1583 cod.
2495 1526 2692 1584 Victor.
2728 1527 2894 1585 Paulo
2919 1537 3040 1599 post
3071 1529 3197 1601 jura
3221 1531 3379 1586 uereri
3398 1519 3562 1587 'Colb.

1278 1741 1850 1826 ARGUMENTUM
1889 1757 2106 1821 me
2148 1758 2258 1820 AD
2291 1743 2833 1842 SENATOREM,
2948 1837 2951 1842 η

397 1904 488 1952 ex
529 1903 924 1976 CBIIISTIANA
966 1881 1312 1976 assistens
1355 1904 1442 1949 an
1485 1902 1820 1981 tnOLonuas
1863 1883 2274 1947 summorum
2325 1899 2756 1960 CONVBBSUM;
2810 1873 2947 1947 rea
2985 1903 3278 1952 uectum
3347 1867 3703 1953 esttamen.

395 2009 696 2068 Senatorem
725 2009 947 2082 graviter
969 1987 1224 2079 increpat,
1250 1989 1392 2080 quod.
1413 1989 1566 2064 antea
1607 2007 1929 2064 Christianus
1955 2013 2006 2062 et

467 2104 679 2169 Consul,
713 2102 874 2158 Isidis
899 2119 988 2158 seu
1018 2101 1202 2156 Matris
1233 2102 1392 2156 Deum
1414 2101 1651 2157 sacerdos
1677 2102 1915 2170 ﬁerifamt
1939 2102 2004 2156 sit

392 2200 409 2266 ξ
464 2196 672 2261 veritus;
696 2195 930 2250 hortatur
956 2195 1126 2272 itaque
1163 2206 1224 2248 ut.
1245 2194 1504 2249 saltem-iu
1537 2201 1789 2248 senectute
1813 2192 2000 2264 resipi-

373 2325 376 2332 -
409 2277 424 2288 ’
466 2298 594 2345 seat.
627 2287 926 2344 Parrocum
947 2289 1098 2344 etiam
1123 2287 1205 2342 hic
1227 2286 1462 2357 quwdam
1487 2273 2000 2353 sintzTertullianica,

371 2384 385 2416 ³
410 2370 414 2373 ’
467 2396 562 2454 ego
586 2380 668 2436 illi
694 2380 982 2435 adscribere
1007 2367 1169 2434 malui
1193 2394 1346 2451 quam
1374 2377 1440 2433 Β.
1469 2377 1750 2450 Cypriane.

863 2497 974 2558 AD
1018 2473 1508 2558 SENATOREM

375 2597 506 2661 -Ea:
529 2596 914 2662 --Cltristiaua
963 2597 1269 2676 religione
1309 2595 1392 2658 ad
1429 2595 1752 2659 idolorum
1789 2591 2001 2657 servi-

822 2735 836 2758 -.-
875 2705 1075 2776 tutum
1105 2715 1524 2768 conuersum,
1647 2743 1654 2746 -

775 2811 844 2850 ςι
885 2781 1466 2867 maror-ramum.
1552 2833 1572 2842 ..
1651 2835 1660 2840 .

279 2921 286 2926 -
395 2892 530 2952 Cum
564 2903 616 2950 te
647 2892 873 2952 diversis
900 2895 1091 2950 iterum
1121 2895 1379 2965 vanisque
1405 2891 1642 2958 viderem

395 2990 664 3048 Inservire
694 2991 883 3054 sacris,
919 2989 1208 3060 priscoq'ue'
1229 3002 1414 3044 errore
1441 2988 1651 3053 teneri;
1849 3057 1854 3066 ι

362 3083 638 3157 _0bstipui
673 3083 752 3156 (a)
781 3082 1058 3150 monitus;
1099 3080 1221 3152 quia
1261 3079 1497 3137 carmina
1542 3091 1758 3148 semper
1785 3078 1973 3142 amasti

393 3175 648 3236 Carmine
667 3175 1027 3252 respondens,
1057 3171 1341 3252 properavi
1365 3171 1606 3229 scribere
1631 3185 1854 3241 versus;

393 3267 467 3326 Ilt
494 3280 546 3326 te
570 3249 924 3340 corriperent,
951 3266 1200 3324 tenebras
1231 3249 1546 3337 pt'teponere
1577 3265 1704 3320 luci.

394 3362 526 3432 Quis
546 3345 781 3434 patiatur
807 3362 974 3426 enim,
1009 3368 1061 3415 te
1091 3359 1312 3414 Matrem
1339 3359 1562 3416 credere
1592 3373 1839 3431 magnam

395 3459 568 3516 Posse
597 3456 762 3512 Deam
789 3454 918 3521 diei,
948 3467 1242 3524 rursusque
1271 3461 1457 3523 putare
1482 3453 1788 3521 colendam,

393 3551 562 3622 Cujus
581 3550 814 3605 cultores
839 3547 1052 3604 infamia
1084 3547 1254 3618 turpis
1284 3546 1485 3603 inurit?

367 3629 372 3634 ’
403 3644 486 3718 (b)
509 3641 756 3720 Namque
779 3639 1086 3698 sacerdotes
1108 3639 1304 3696 tunicis
1334 3638 1644 3698 mulieribus
1669 3638 1832 3698 iidem
1917 3683 1948 3688 ,.

395 3737 636 3795 Interius
661 3736 822 3792 ritum
848 3735 994 3791 cultu
1024 3735 1280 3792 interiore
1307 3733 1578 3801 fatentur;

393 3829 560 3903 quue
589 3828 758 3886 licere
782 3835 994 3899 putant,
1023 3825 1304 3898 quodjnon
1339 3826 1493 3891 licet;
1527 3824 1669 3884 unde
1696 3840 1792 3898 per
1815 3825 2003 3886 orbem

396 3922 912 3996 Leviterjncedunt,
945 3921 1148 3978 mollita
1175 3936 1309 3980 voce
1344 3921 1652 3994 loquentes,

397 4015 766 4089 Lapsatosque
797 4023 980 4073 tenent
1007 4023 1234 4074 extenso
1261 4014 1454 4086 pollice
1486 4013 1733 4078 Iumbos,.

397 4107 464 4182 Et
491 4109 766 4181 proprium
793 4117 1002 4164 mutant
1027 4107 1240 4177 vulgato
1269 4105 1494 4162 crimine
1521 4119 1730 4162 sexum.

399 4197 642 4272 Cumque
669 4214 798 4258 suos
823 4199 1100 4258 celebrant
1125 4200 1282 4266 ritus,
1311 4199 1392 4268 (ο)
1420 4197 1504 4254 his
1529 4212 1652 4254 esse
1679 4197 1869 4254 diebus

412 4290 496 4349 Sc.
511 4299 692 4348 castos
717 4300 1037 4357 memorant;
1069 4299 1124 4346 at
1149 4291 1195 4346 si
1223 4290 1590 4349 tantummodo
1621 4299 1746 4346 tunc
1788 4297 1933 4356 sunt,

398 4365 478 4440 Ut.
499 4381 805 4462 perhibent,
832 4373 998 4448 casti;
1028 4380 1236 4454 reliquo
1257 4380 1370 4451 jam
1399 4388 1643 4453 tempore
1687 4380 1814 4451 quid
1841 4377 2010 4436 sunt?

405 4461 515 4532 Sed
543 4461 667 4548 quia
699 4483 962 4546 coguntur
990 4473 1181 4534 saltem
1213 4474 1381 4530 semel
1406 4487 1528 4530 esse
1558 4471 1760 4545 pudici,

403 4551 584 4624 Mente
604 4567 860 4634 fremunt,
881 4568 1119 4625 lacerant
1135 4581 1348 4637 corpus,
1374 4564 1702 4638 funduntque
1734 4575 2006 4623 cruorem.

403 4661 576 4732 Quale
602 4677 815 4722 sacrum
844 4670 928 4720 est
953 4676 1104 4730 vero,
1135 4661 1280 4740 quod
1307 4662 1473 4738 fertur
1497 4660 1718 4718 nomine
1749 4659 2005 4733 sanguis?

1042 4773 1273 4834 CAPUT
1301 4775 1370 4833 Il.

397 4888 553 4949 Nunc
575 4892 739 4948 etiam
767 4889 925 4962 dicis,
956 4890 1102 4963 quod
1131 4901 1184 4948 te
1213 4905 1319 4948 non
1350 4891 1537 4950 fecerit
1559 4899 1717 4950 atas.

469 5095 624 5157 CAP.
681 5099 722 5157 I.
753 5127 828 5142 ---
864 5098 942 5172 (a)
977 5097 1220 5171 Obstipui
1287 5101 1544 5162 monitus.
1599 5109 1708 5157 etc.
1755 5099 1848 5157 Est
1899 5099 2007 5155 lites

399 5171 744 5244 phrasisnon
776 5171 1296 5244 atodo_Cgprianica,
1342 5189 1444 5244 qua
1473 5173 1594 5228 alibi
1641 5173 1807 5244 dixit:
1854 5185 2006 5227 tuens

401 5241 678 5313 obstipuit,
710 5243 799 5296 sed
828 5257 886 5313 et
925 5241 1312 5310 Tertulliauica,
1353 5241 1500 5299 sicuti
1528 5260 1702 5313 supra
1727 5243 1894 5301 uidere
1932 5252 2008 5301 sst

402 5310 490 5368 lib.
522 5310 584 5367 de
610 5312 782 5369 ludic.
813 5312 1039 5380 Domini,
1068 5330 1183 5384 cap.
1214 5313 1276 5381 II,
1309 5316 1391 5369 ubi
1423 5310 1636 5386 legilur':

529 5423 808 5490 Obtipuere
828 5426 1027 5489 quidem
1048 5427 1235 5490 plures,
1255 5426 1472 5490 patuisse
1490 5427 1772 5491 sepulchra.

360 5531 362 5534 ’
405 5530 773 5604 Castigavimus
797 5543 965 5589 autem
991 5534 1248 5601 monitus,
1277 5550 1370 5604 pro
1415 5544 1622 5604 motus:

477 5603 826 5677 (bjl‘iamque
866 5605 1193 5677 sacerdotes,
1243 5603 1348 5677 etc.
1395 5603 1786 5662 Emendavimus
1841 5607 2003 5663 iidem

408 5675 502 5747 pro
542 5675 704 5743 idem,
742 5675 794 5730 et
831 5675 988 5747 paulo
1017 5685 1172 5750 post:_
1216 5676 1421 5750 reliquo
1447 5678 1555 5750 jam
1601 5685 1840 5750 tempore
1879 5678 2007 5750 quid

409 5746 556 5819 sunt,
587 5763 680 5819 pro
721 5746 972 5818 corpore.
1019 5746 1172 5811 Atqui
1198 5747 1260 5803 de
1285 5746 1801 5819 sacerdotibu_s_lsidis
1826 5759 1872 5804 et
1897 5746 2011 5818 ipsa

409 5817 574 5886 Iside,
588 5817 752 5890 supra
787 5817 887 5874 non
916 5819 1070 5876 semel
1093 5820 1215 5874 satis
1241 5821 1430 5874 dictum
1453 5825 1548 5876 est.
1587 5817 1690 5874 Hic
1715 5820 1817 5876 illis
1840 5817 2012 5876 tribuit

410 5890 618 5949 tunicas
679 5891 994 5958 muliebres,
1054 5899 1319 5946 mutatum
1365 5907 1584 5958 sexum,
1633 5891 2012 5948 lacerationem

598 5963 668 6032 is,
719 5978 780 6017 ac
819 5960 1083 6021 fusionem
1128 5963 1355 6030 cruoris,
1404 5962 1695 6034 calviticm,
1742 5974 1796 6021 et
1851 5963 2016 6034 pedes

1731 5033 1745 5048 ο
1784 4999 2364 5063 COMMENTARIUS.

2105 2005 2208 2063 Sed
2238 2016 2328 2062 tua
2355 2006 2546 2078 religio
2573 1999 2804 2075 calvum,
2832 2006 2915 2079 (ἀ)
2939 2009 3217 2082 caligaque
3241 2020 3447 2069 remota

2106 2097 2329 2163 Gallica,
2356 2098 2426 2152 sit
2452 2097 2677 2167 pedibus
2703 2096 2853 2153 molli
2875 2099 3120 2154 redimita
3147 2116 3372 2174 papyro.

2109 2189 2216 2260 Res
2243 2189 2484 2246 miranda
2515 2191 2648 2245 satis
2675 2188 2990 2261 dejectaque
3013 2192 3249 2249 culmine
3274 2209 3506 2252 summo.

2084 2267 2162 2338 .‘Si
2190 2281 2311 2352 quis
2338 2280 2404 2337 ab
2431 2278 2601 2336 lsiaco
2625 2279 2825 2338 Consul
2850 2283 3106 2353 procedat
3132 2283 3186 2340 in
3213 2285 3420 2354 urbem,

2105 2373 2268 2428 Risus
2289 2374 2399 2429 oris
2423 2375 2556 2429 erit:
2591 2375 2714 2446 quis
2742 2383 2793 2430 te
2817 2390 2925 2430 non
2950 2375 3125 2433 rideat
3149 2386 3349 2443 autem,

2081 2469 2206 2540 'Qui
2234 2468 2398 2524 fueris
2424 2468 2645 2535 Consul,
2679 2483 2822 2525 nunc
2842 2468 3001 2526 Isidis
3025 2484 3147 2527 esse
3173 2472 3514 2528 ministrum?

2105 2561 2365 2633 Quodque
2393 2560 2561 2632 pudet
2589 2561 2781 2632 primo,
2815 2573 2866 2619 te
2893 2577 2999 2618 non
3029 2563 3190 2633 pudet
3213 2579 3335 2621 esse
3360 2565 3632 2621 secundo:

2104 2652 2495 2727 Ingeniumque
2526 2663 2673 2710 tuum
2704 2664 2888 2726 turpes
2914 2654 3173 2712 damnare
3197 2671 3294 2727 per
3319 2656 3550 2728 hymnos

2102 2745 3176 2834 Respondent‘etibi'vulgoetIacerante
3199 2748 3424 2805 Senatu.

2103 2829 2299 2913 Teque'
2313 2841 2474 2896 domo
2501 2829 2712 2912 propria
2741 2843 2939 2912 pictum
2963 2858 3084 2899 cum
3111 2842 3344 2898 fasCibus
3374 2852 3524 2904 ante,
3627 2859 3633 2864 ·

2103 2931 2261 2990 Nunc
2281 2947 2496 3013 quoque
2518 2949 2639 2990 cum
2670 2934 2832 2989 sistro
2866 2932 3057 2990 faciem
3086 2942 3302 3004 portare
3323 2935 3591 2990 caninam.

2106 3025 2233 3081 Haec
2262 3041 2366 3080 non
2399 3026 2689 3092 humilitas,
2717 3027 2811 3082 sed
2839 3028 3153 3083 humilitatis
3185 3029 3360 3100 imago
3389 3037 3494 3084 est.

1983 3121 1998 3148 ’
2027 3105 2080 3170 Ο
2105 3116 2336 3175 Edibus
2355 3118 2446 3182 illa,
2469 3119 2574 3174 tuis
2597 3134 2816 3190 semper
2843 3129 3188 3176 monumenta
3215 3120 3527 3177 manebunt.

2076 3211 2312 3268 -Rumor
2335 3220 2390 3266 et
2413 3211 2479 3267 ad
2508 3220 2718 3267 nostras
2747 3212 2994 3282 pervenit
3025 3212 3272 3284 publicus
3296 3227 3480 3282 aures,

2067 3312 2072 3316 ’
2106 3303 2183 3361 Te
2205 3302 2440 3361 dixisse:
2470 3303 2600 3369 Dea,
2628 3303 2825 3367 erravi,
2858 3304 3097 3375 ignosce.
3121 3305 3312 3361 redivi.

2106 3394 2202 3451 Die
2229 3393 2361 3450 mihi
2388 3393 2435 3449 si
2463 3393 2663 3460 valeas,
2691 3408 2812 3450 cum
2842 3394 2971 3454 talia
2997 3409 3142 3466 saepe
3166 3408 3408 3466 rogares,

2073 3527 2076 3530 -
2106 3485 2174 3542 Ει
2202 3484 2408 3542 veniam
2435 3493 2682 3556 peteres;
2713 3501 2832 3557 quae
2864 3495 3039 3543 tecum
3072 3488 3234 3542 verba
3260 3486 3438 3543 locuta
3461 3486 3580 3543 est?

2069 3605 2074 3614 ·
2105 3577 2248 3636 Vere
2273 3587 2452 3634 mente
2477 3593 2652 3646 cares,
2679 3579 2922 3650 sequeris
2950 3581 3040 3651 qui
3073 3591 3251 3637 mente
3274 3589 3546 3640 carentes.

2110 3673 2236 3730 Haec
2264 3674 2456 3729 iterum
2482 3673 2700 3744 repetis,
2736 3687 2838 3728 nec
2866 3681 2920 3728 te
2945 3673 3261 3743 delinquere
3289 3673 3480 3732 sentis.

2063 3786 2070 3793 ο
2105 3768 2246 3839 Quid
2273 3782 2518 3826 mereare
2545 3767 2698 3834 vide;
2730 3768 2908 3824 minus
2933 3783 3084 3826 esses
3109 3769 3250 3828 forte
3274 3769 3563 3840 notandus,

2105 3859 2163 3918 Si
2193 3869 2399 3917 tantum
2429 3858 2533 3916 hoc
2557 3859 2745 3927 scires,
2776 3867 2832 3916 et
2861 3860 2914 3916 in
2955 3859 3058 3917 hoc
3082 3876 3270 3919 errore
3296 3875 3582 3930 maneres;

2109 3953 2178 4010 At
2214 3967 2339 4009 cum
2365 3951 2616 4008 vericola:
2645 3952 3014 4020 penetraveris
3041 3952 3178 4008 ostia
3206 3951 3361 4022 legis,

2063 4064 2068 4072 ·
2109 4044 2179 4102 Et
2205 4028 2298 4103 tibi
2325 4058 2486 4101 nosse
2511 4044 2677 4100 Deum
2704 4043 2888 4115 paucis
2913 4042 3203 4101 accesserit
3229 4043 3424 4111 annis;

2106 4138 2218 4196 Cur
2240 4137 2550 4212 linquenda,
2585 4147 2736 4196 tenes
2762 4147 2856 4196 aut
2879 4153 2977 4194 cur
3001 4137 3279 4195 retinenda
3302 4137 3600 4210 relinquis?

2071 4263 2076 4267 -
2107 4231 2301 4304 Nilque
2324 4232 2482 4301 colis,
2507 4231 2636 4289 dum
2664 4241 2856 4288 cuncta
2882 4230 3051 4298 colis;
3079 4245 3181 4305 nec
3197 4231 3374 4294 corde
3399 4238 3660 4292 retractas

2069 4365 2077 4374 .
2111 4324 2248 4382 Vera
2273 4325 2400 4398 quid
2426 4341 2456 4380 a
2486 4324 2656 4394 falsis,
2685 4325 2812 4398 quid
2837 4325 2906 4380 ab
2933 4323 3614 4384 umbrisluminadistent.

2109 4418 2506 4490 Philosophum
2527 4419 2710 4489 lingis,
2741 4433 2864 4475 cum
2891 4427 2945 4474 te
2965 4416 3238 4486 sententia
3269 4422 3476 4482 mutet;

2030 4523 2086 4585 ι)
2109 4509 2243 4567 Nam
2275 4487 2367 4569 tibi
2399 4511 2446 4565 si
2475 4487 2812 4566 stomachum
2840 4508 3119 4580 popularis
3145 4509 3380 4566 moverit
3399 4487 3601 4598 aurai,

2062 4630 2072 4639 -
2107 4605 2177 4662 Et
2199 4603 2418 4662 Iudaeus
2443 4605 2576 4672 eris,
2601 4612 2853 4675 totusque
2879 4601 3119 4658 incertus
3148 4599 3386 4660 haberis.

2107 4697 2326 4770 lndulge
2349 4695 2531 4766 dictis,
2559 4695 2825 4769 sapientia
2851 4709 2957 4753 non
2988 4694 3166 4766 placet
3191 4692 3333 4759 alta;

2064 4801 2070 4840 τ
2103 4792 2285 4851 Omne
2313 4791 2568 4864 quodest
2607 4791 2836 4848 nimium
2863 4829 2882 4861 ,
2929 4795 3119 4848 contra
3159 4785 3336 4857 cadit,
3370 4799 3536 4843 unum
3577 4797 3714 4854 ope-

3501 4878 3714 4952 [rantur

2110 5095 2380 5180 Gallicana
2403 5107 2606 5168 papyro
2619 5091 2922 5161 redimitos,
2974 5091 3188 5164 denique
3202 5104 3324 5148 cum
3339 5088 3501 5148 sistro
3523 5085 3714 5144 faciem

2409 5250 2529 5320 ἔδεε
2563 5234 2755 5318 diem“?
2774 5249 2858 5320 ,⁵θ.
2885 5223 3065 5320 ἓδείὲἓ
3112 5208 3595 5320 ξηέεηοτθηενξιξοτ
3621 5227 3710 5320 ,Βί

2110 5298 2283 5365 Custis
2316 5305 2471 5362 Isidis
2499 5307 2679 5376 sacris,
2702 5305 2815 5359 vide
2837 5305 2985 5376 infra
3005 5304 3381 5376 Tertulliaaum
3401 5311 3524 5376 tom.
3549 5298 3595 5357 Υ
3617 5299 3706 5358 lib.

2111 5381 2174 5435 de
2189 5379 2404 5451 jejuuiis
2443 5377 2560 5431 adu.
2609 5373 2909 5451 Psychicos.
2942 5375 3034 5432 Est
3057 5387 3175 5432 ante
3213 5373 3491 5430 etiam'ille
3539 5386 3714 5427 uersus

2111 5448 2373 5517 obscurus,
2404 5457 2451 5503 et
2480 5453 2612 5521 {orte
2640 5448 2944 5504 mendosus:

2238 5541 2394 5603 Quale
2418 5549 2609 5591 sacrum
2629 5546 2705 5591 est
2723 5551 2864 5600 vero,
2887 5537 3018 5605 quod
3036 5539 3195 5589 fertur
3213 5536 3412 5588 nomine
3429 5533 3634 5596 sanguis
3647 5534 3671 5582 τ

2179 5643 2334 5703 CAP.
2374 5643 2542 5717 11η-
2582 5643 2660 5717 (d)
2683 5642 2970 5717 Caligaque
2995 5649 3360 5717 remota,_ete.
3383 5637 3488 5717 _De
3526 5633 3716 5717 militia

2109 5718 2357 5788 caligata,
2389 5716 2503 5771 uide
2542 5707 2700 5788 supra
2729 5707 2853 5788 ton't.
2885 5707 2952 5784 II,
2995 5714 3082 5788 lib.
3115 5707 3419 5788 ιίεςιιιιξιριἶ
3459 5724 3580 5778 cap.
3622 5707 3712 5764 19.

2066 5798 2074 5812 '
2114 5781 2256 5870 νηιῃῖ.
2293 5781 2417 5845 147.
2448 5781 2617 5870 Atqui
2639 5786 2913 5859 corripitur
2937 5781 3094 5842 etiam
3125 5801 3158 5838 a
3187 5783 3239 5839 in
3264 5781 3482 5838 ablativo
3517 5793 3604 5848 qut
3632 5792 3714 5832 se-

2115 5860 2290 5933 quitur
2312 5875 2331 5913 :

2246 5971 2446 6039 Gallica,
2470 5975 2533 6026 sit
2551 5975 2762 6038 pedibus
2779 5972 2912 6028 molli
2935 5971 3162 6026 redimita
3194 5981 3392 6036 papyro.
