3940 6288
317 336 456 394 1107

314 451 385 506 Et
410 451 558 507 calor
586 459 638 507 et
665 450 863 527 frigus;
892 452 968 508 sic
998 451 1125 522 hoc,
1158 454 1235 510 sic
1265 453 1393 510 illud
1419 454 1630 524 adurit;

314 543 405 598 Sic
437 543 669 599 tenebras
697 543 892 611 visam,
927 544 1006 600 sic
1031 546 1113 602 sol
1145 548 1443 618 contrarius
1469 547 1673 617 aufert;

316 634 387 690 Et
418 635 615 704 pariter
635 623 1441 712 laedunt”geliditm'fervensque
1464 640 1773 714 lavacrum;

314 727 453 782 Esca
481 728 644 782 alitur
671 731 1088 799 corpus,corpus
1114 723 1478 802 corrumpitur
1503 748 1664 802 esca;
1709 727 1711 730 ’

313 819 544 892 Vimque
569 834 718 876 suam
745 819 958 894 minuit,
988 819 1031 875 si
1058 819 1182 892 quid
1212 815 1551 893 protenditur
1571 807 1730 885 ultra.

310 911 555 984 Denique
583 912 627 968 si
659 911 867 979 sedeas,
897 905 1118 984 requies
1139 923 1222 969 cst
1249 929 1441 987 magna
1473 910 1674 976 laberis
1699 939 1713 974 :

309 1003 370 1061 Si
395 1005 619 1060 multum
652 1003 858 1071 sedeas,
875 1001 1037 1061 labor
1058 1013 1163 1062 est.
1185 1006 1329 1064 Maro
1352 1025 1586 1082 namque
1613 1021 1769 1083 poeta

310 1097 420 1154 Pro
453 1113 607 1176 pmna
637 1098 847 1168 posuit:
878 1083 1042 1154 sane:
1078 1098 1176 1173 (a),
1206 1103 1573 1175 aeternumque
1598 1105 1806 1164 sedebit

309 1185 498 1244 Infelix
528 1187 814 1256 Theseus;
855 1203 1070 1261 semper
1106 1199 1264 1248 nocet
1302 1193 1428 1249 utile
1456 1185 1708 1267 longum;

306 1276 540 1334 Prandia
570 1278 725 1350 longa
754 1289 970 1346 nocent,
996 1279 1200 1350 jejunia
1227 1283 1381 1355 longa
1408 1283 1657 1356 fatigant;

307 1370 400 1430 Sic
429 1372 652 1428 nimium
672 1386 870 1444 sapere
893 1373 1113 1430 stultum
1141 1373 1269 1432 facit
1297 1377 1539 1447 improba
1563 1387 1730 1438 secta.

308 1467 394 1523 Me
419 1467 520 1522 dea
543 1467 624 1549 sic
643 1467 844 1531 docuit,
872 1468 1220 1531 moderamen
1247 1471 1497 1539 amabile,
1527 1472 1688 1530 dixit.

307 1559 417 1617 Sed
439 1567 496 1616 tu
521 1575 622 1616 nec
651 1572 856 1617 sectam
885 1562 1069 1630 modo,
1098 1578 1200 1619 nec
1224 1564 1774 1626 moderamina-curas

308 1649 460 1706 Mens
483 1660 664 1707 autem
693 1652 900 1708 stabilis
933 1654 1079 1709 nullo
1108 1655 1439 1732 pervertitur
1466 1667 1623 1725 aestu,

311 1740 538 1813 Ipsaque
563 1742 879 1814 simplicitas
906 1745 1178 1817 nunquam
1211 1748 1348 1802 mala
1375 1733 1572 1821 cogitat
1598 1749 1724 1807 ulla.

308 1833 449 1890 Hinc
476 1835 685 1892 sincera
712 1834 846 1892 fides
872 1841 1073 1893 {eterna
1102 1837 1210 1894 fide
1231 1836 1484 1909 fruetur;

311 1927 382 1986 Et
405 1937 593 1994 contra
617 1929 772 1988 dolus
797 1929 958 2002 longo
984 1930 1310 1994 cruciabitur
1336 1932 1470 2006 igni.

1748 342 2220 410 TERTULLIANI

1946 463 2001 524 Α
2027 464 2177 538 Elige
2206 465 2332 538 quid
2362 466 2517 537 velis,
2547 477 2606 525 ut
2630 467 2786 544 digna
2814 469 3024 544 piacula
3051 475 3209 550 vites.

3483 366 3631 431 uos
3691 349 3714 368 ⁴

2018 556 2108 615 Sic
2146 567 2324 616 tamen
2357 561 2494 617 banc
2521 563 2732 646 veniam
2760 575 3030 622 mereatur
3052 569 3290 628 creditor
3319 571 3576 652 inquam;

2017 650 2090 709 Ut
2119 652 2236 708 leve
2261 654 2460 710 crimen
2486 654 2612 722 erit,
2642 657 2687 712 si
2716 657 2856 714 nolis
2884 674 3111 717 noscere
3137 678 3258 718 vera
3282 681 3299 732 ;

2017 744 2132 800 Non
2161 747 2278 802 leve
2307 747 2508 802 crimen
2539 748 2658 810 erit,
2689 750 2734 806 si
2760 751 2970 822 cognita
3011 768 3136 810 vera
3165 756 3458 830 relinquas.

2019 837 2127 895 Sed
2158 847 2208 894 te
2233 849 2536 896 correctum
2564 840 2743 897 iorsan
2767 849 2970 899 matura
2999 839 3254 904 senectus
3393 839 3397 846 ’

2019 931 2077 987 In
2105 932 2296 1008 melius
2333 944 2547 990 revocat
2572 935 2825 994 satiatum
2855 939 3132 996 erroribus
3161 939 3312 1012 istis:

2020 1026 2258 1098 Tempus
2285 1028 2426 1083 enim
2457 1037 2626 1090 mutat
2657 1029 2820 1098 mala,
2853 1030 3048 1102 digerit
3073 1033 3253 1089 omnia
3280 1043 3513 1114 tempus.

2019 1119 2172 1175 Tunc
2195 1119 2356 1191 igitur
2381 1135 2503 1176 cum
2535 1130 2585 1177 te
2613 1122 2858 1177 consulta
2884 1122 3159 1202 reduxerit
3187 1135 3343 1197 aetas,
3395 1125 3400 1130 ’

2019 1212 2177 1269 Disce
2204 1213 2316 1269 Deo
2344 1229 2562 1270 servare
2591 1213 2773 1284 fidem,
2808 1230 2875 1270 ne
2902 1215 3040 1273 forte
3064 1218 3147 1274 bis
3173 1235 3339 1277 unum

2017 1309 2266 1364 lncurras
2292 1308 2525 1379 lapsum,
2559 1309 2684 1379 quia
2712 1323 2841 1365 vere
2870 1308 3069 1367 dicitur
3099 1311 3229 1369 illud

2017 1402 2118 1471 Qui
2147 1401 2302 1473 pedis
2329 1401 2520 1458 offensi
2548 1401 2783 1474 lapidem
2806 1402 3242 1463 vitam'secundo
3357 1427 3362 1430 ·

2015 1494 2220 1561 Nescit,
2262 1503 2317 1550 et
2347 1495 2593 1551 incautus
2622 1494 2814 1551 iterum
2847 1497 3124 1553 vexaverit
3149 1506 3332 1556 artus:

2018 1585 2247 1656 Imputet
2270 1586 2386 1655 ipse
2410 1585 2538 1653 sibi,
2577 1599 2678 1642 nec
2703 1585 2924 1643 casibus
2945 1587 3170 1659 imputet
3189 1589 3335 1646 ullis.

2019 1681 2239 1756 corrige
2262 1678 2342 1756 (b)
2367 1678 2624 1758 delictum
2656 1679 2936 1746 ﬁdamine,
2977 1681 3190 1754 corrige
3213 1691 3473 1742 mentem.

2017 1772 2240 1854 Suffecit
2270 1787 2494 1852 peccare
2517 1773 2710 1843 semel,
2738 1772 2941 1858 desiste
2971 1776 3189 1858 vereri:

1941 1905 1994 1974 Β
2015 1863 2136 1928 Neu
2161 1849 2342 1927 erit'in
2365 1849 2541 1941 culpa,
2571 1881 2731 1941 quem
2755 1853 2992 1940 poenitet
3007 1852 3135 1928 ante
3161 1859 3346 1928 fui'sSe.

1684 2047 2255 2110 COMMENTARIUS.

308 2159 701 2235 Castigavimus_
720 2176 834 2216 vero
863 2177 1035 2235 recens
1060 2175 1080 2218 :
1103 2159 1299 2235 Consul
1321 2161 1578 2235 procedat
1597 2164 1650 2227 in
1690 2166 1905 2234 urbem,

222 2239 225 2242 ·
303 2247 401 2358 ἴνα
421 2231 626 2359 nil-blgm.
651 2231 889 2288 Et‘moa:
920 2234 1047 2290 Haec
1067 2247 1176 2291 non
1203 2231 1495 2305 humilitas,
1526 2249 1630 2309 pro'
1670 2237 1797 2294 Haec
1818 2231 1908 2297 tua

353 2318 500 2358 umll
558 2320 604 2360 S.
1651 2339 1654 2342 ’
1771 2333 1774 2336 ·

381 2373 456 2447 (a)
476 2375 638 2432 Sedet
661 2386 1030 2450 aeternumque
1054 2377 1262 2446 sedebit
1280 2377 1467 2440 infelix
1486 2376 1734 2438 Theseus
1756 2419 1773 2445 ,
1797 2388 1905 2440 etc.

306 2445 460 2502 Istud
488 2445 820 2519 Virgilianum
842 2457 912 2503 est
954 2453 1017 2503 ea:
1059 2447 1132 2504 VI
1176 2446 1450 2537 Aineidos.
1482 2447 1709 2524 Prorsus
1741 2461 1912 2508 autem

1993 2135 2124 2242 ἰεςο
2141 2164 2282 2242 {Nec
2305 2161 2942 2242 casibus__imputet_ullis_.
2998 2157 3003 2162 '

2035 2233 2165 2313 ξω)
2197 2237 2416 2307 Corrige
2454 2233 2712 2313 delictum
2756 2233 3032 2313 bitumine,
3073 2240 3183 2313 etc,
3215 2233 3478 2313 Fida-mat
3526 2255 3630 2313 pro

2013 2305 2201 2389 ﬁducia
2224 2325 2315 2366 seu
2335 2305 2434 2389 spe
2447 2308 2609 2389 magis
2627 2305 2769 2366 haud
2787 2306 2937 2370 dubie
2962 2305 3380 2376 Tertulle
3402 2305 3624 2383 stin

2013 2384 2146 2455 sapit
2170 2397 2326 2454 quam
2352 2384 2733 2452 Cyprianicam.

315 2574 3624 2610 *ιι-*Μ

604 2710 608 2714 ~
691 2681 1414 2818 οΑΒΜΕΝ
1481 2635 1704 2820 DE
1742 2621 1912 2799 ,οὐ

2039 2677 2195 2792 ΓΑ
2243 2676 2478 2789 ΕΤ
2532 2669 3212 2802 ΝΙΝΙΨῈ,

1131 2885 1304 2972 CUM
1342 2892 2050 2991 ADNOTATIONIBUS
2090 2885 2515 2960 FBANCISCI
2552 2885 2858 2978 JUIlETI.

307 3065 699 3122 Ancuuemw.
729 3087 801 3104 ο-
827 3061 1046 3117 Carmen
1072 3061 1169 3116 hoc
1191 3075 1453 3131 nunquam
1465 3069 1620 3116 antea
1638 3061 1802 3116 uisum
1820 3061 1918 3117 nec

2087 3066 2193 3115 tota
2221 3057 2451 3113 narratio
2477 3055 2726 3129 pertineat
2750 3055 2820 3110 ad
2845 3053 3035 3111 Ionam
3053 3096 3068 3123 ,
3095 3054 3258 3112 uisum
3281 3062 3356 3112 est

375 3165 593 3228 lectum,
640 3167 900 3231 repertum
945 3159 1044 3228 fuit
1086 3157 1140 3210 in
1191 3165 1384 3211 vetusto
1428 3155 1602 3210 codice
1621 3155 1909 3210 menuscri-
1935 3162 1983 3227 α
2084 3167 2142 3207 re
2169 3151 2360 3206 etiam:
2388 3149 2456 3205 de
2493 3147 2648 3205 Jona.
2680 3147 2923 3221 Suspicio
2950 3159 3119 3204 tamen
3147 3159 3221 3205 est
3253 3146 3628 3231 Tertullianmn

376 3265 464 3327 pto
483 3297 498 3320 ,
526 3253 672 3324 cujus
697 3252 896 3323 capiam
925 3249 1053 3305 mihi
1091 3247 1214 3319 fecit
1242 3246 1310 3302 P.
1343 3247 1578 3303 Pithwus
1600 3248 1640 3304 i.
1686 3263 1733 3302 c.
1761 3248 1919 3302 saluti

379 3347 662 3418 priscorum
680 3350 947 3399 auctorum
969 3351 1140 3396 natus.
1171 3338 1478 3394 Tertulliani
1499 3354 1614 3394 vero
1641 3340 1918 3410 genuinum

376 3453 486 3494 esse
509 3437 638 3509 opus
661 3479 678 3504 ,
723 3435 841 3491 dum
866 3451 949 3489 res
991 3435 1172 3488 docent
1202 3449 1221 3487 :
1262 3433 1488 3503 primum
1511 3473 1527 3499 ,
1569 3433 1691 3499 atria
1732 3434 1786 3487 in
1824 3449 1916 3488 eo-

380 3532 492 3586 dem
519 3541 567 3584 v.
597 3547 642 3584 ο.
675 3527 1002 3582 Tertulliano
1021 3524 1280 3591 tribuitur,
1307 3523 1739 3594 quemadmodum
1761 3525 1918 3579 etiam

380 3623 528 3677 aliud
550 3631 752 3676 carmen
782 3618 846 3672 de
872 3616 1114 3672 Sodomis
1139 3616 1276 3687 quod
1305 3623 1616 3684 postremum
1652 3616 1776 3669 alim
1804 3631 1918 3686 pro.

381 3715 477 3770 diit
503 3711 555 3767 in
585 3709 882 3767 lucem-sub
907 3708 1111 3762 nomine
1145 3706 1247 3760 diui
1288 3703 1536 3776 Cypriani
1557 3747 1574 3773 ,
1621 3706 1709 3760 sed
1754 3720 1918 3777 nuper

380 3815 636 3864 assertum
653 3803 968 3858 Tertulliano
986 3800 1416 3872 {exconjectura
1434 3839 1450 3866 ,
1473 3815 1507 3852 ο
1532 3796 1651 3853 Jac.
1681 3797 1914 3854 Pamelio

379 3903 486 3956 viro
508 3899 682 3954 multa:
697 3896 925 3953 lectionis
949 3905 997 3950 et
1010 3894 1216 3965 judicii.
1253 3892 1403 3950 Unde
1419 3893 1914 3962 obitercanﬁrmabo

379 3993 677 4050 sententiam
717 3990 885 4061 ipsius
929 3986 1182 4054 Pamelii,
1211 3994 1266 4052 et
1304 3984 1517 4042 monebo
1556 3986 1812 4042 studiosos
1850 4001 1916 4042 ne

379 4084 602 4154 amplius
628 4078 926 4136 addubitem
954 4079 1020 4133 de
1042 4094 1158 4133 vero
1183 4087 1393 4132 auctore
1436 4079 1676 4133 carminis
1716 4080 1780 4132 de
1806 4077 1912 4134 So-

380 4175 570 4229 domis;
594 4171 792 4226 Deinde
819 4181 1034 4239 prorsus
1068 4168 1260 4223 redolet
1303 4169 1532 4238 phra'sim
1574 4167 1912 4227 Tertulliani-

382 4279 496 4321 cam
516 4307 529 4330 ,
556 4265 614 4317 'ut
651 4262 920 4317 obscuram
943 4268 996 4314 et
1021 4267 1291 4331 asperant,
1321 4257 1396 4318 sic
1441 4259 1594 4314 etiam
1634 4260 1909 4326 eruditam.

377 4356 527 4415 Illud
543 4355 825 4410 dolendum
853 4351 1085 4425 estquod
1104 4354 1159 4408 in
1193 4351 1500 4407 membranis
1527 4341 1758 4422 imperite
1784 4366 1912 4422 opus

381 4451 694 4522 descriptum
717 4447 880 4503 extitit
899 4447 964 4502 ab
990 4446 1299 4520 antiquaria.
1327 4443 1585 4515 Proposui
1602 4445 1756 4516 ἰοίην
1779 4444 1929 4503 bona

384 4547 487 4616 ﬁde
498 4546 923 4603 lectionemv.c.et
935 4542 1250 4614 cunjunetim
1263 4538 1822 4606 emendationesmeeui
1833 4545 1912 4613 ρι-
1934 4553 1978 4616 __‘
1997 4527 2002 4536 ³

2095 3243 2402 3317 expressisse
2428 3242 2923 3315 carmine'jntegram
2960 3243 3224 3300 historiam
3246 3241 3402 3300 lente
3423 3286 3440 3314 ,
3491 3255 3545 3300 ut
3568 3222 3629 3303 in

2093 3323 2251 3396 sacris
2277 3337 2443 3393 bibtiis
2471 3346 2653 3393 exstat.
2965 3321 2968 3328 '
3425 3333 3428 3338 -
3535 3355 3541 3359 .
3579 3323 3590 3348 -

2091 3433 2224 3491 Post
2245 3431 2539 3490 Sodomum
2566 3439 2622 3488 et
2658 3430 2948 3488 Gomorum
2979 3431 3209 3492 viventia
3235 3432 3423 3491 funera
3459 3433 3515 3491 in
3545 3448 3629 3490 ει-

3131 3533 3136 3549 ⁵
3422 3523 3626 3604 nam,

2020 3618 2091 3675 Et
2118 3617 2358 3676 cinerum
2387 3619 2537 3675 senio
2567 3618 2770 3691 signata
2801 3617 2886 3689 (ὰ)
2915 3617 3196 3687 incendia,
3228 3617 3403 3692 poena:
3423 3660 3440 3690 ,

2021 3712 2087 3766 Et
2112 3711 2305 3766 frustra
2335 3709 2464 3767 solis
2488 3699 2655 3766 Oculis
2686 3711 2960 3766 nascentia
3002 3725 3168 3782 pauca
3187 3753 3205 3779 ,
3311 3707 3314 3712 ’

2019 3795 2087 3859 Et
2114 3803 2316 3874 pariter
2341 3800 2466 3858 facti
2493 3812 2724 3858 mortem
2751 3803 2915 3859 maris
2938 3801 3018 3877 (ά)
3047 3791 3464 3878 δι”ὲριὶςίηἱδ⁴·
3573 3829 3580 3834 -

2018 3894 2074 3952 Si
2112 3894 2238 3966 quid
2267 3885 2553 3966 homo‘est
2577 3885 2799 3968 pugnaui
2816 3891 3019 3949 mutato
3045 3881 3580 3967 corpore'sél-vans-i

2017 3989 2163 4044 Pene
2188 3989 2323 4044 alios
2355 3981 2506 4059 ignes
2533 3985 2601 4059 (ε)
2633 3987 2820 4060 superi
2846 3986 3160 4044 decesserat
3185 3987 3373 4045 imbris
3394 4030 3410 4055 ,
3469 3993 3472 3998 '
3523 4015 3525 4018 ‹
3567 3999 3572 4004 ’

2020 4080 2158 4138 Urbs
2187 4077 2322 4150 aequi
2349 4079 2586 4152 justique
2616 4075 2825 4136 buerant
2853 4077 2926 4153 (f)
2958 4079 3290 4154 transgressa
3317 4079 3529 4140 NiniVe.

2016 4174 2149 4229 Nam
2179 4175 2296 4244 quis
2323 4173 2594 4228 subversae
2620 4173 2789 4228 menti
2817 4175 2991 4229 metus
3018 4165 3198 4230 omiiia
3223 4175 3382 4248 vulgo
3485 4175 3488 4192 '

2017 4266 2303 4324 Poenarum
2321 4266 2662 4346 'documenta
2685 4257 2910 4334 vacant,
2945 4253 3035 4342 tibi
3065 4265 3305 4339 possidet
3333 4265 3508 4346 ‘errnr.
3553 4257 3562 4272 ’

2017 4361 2085 4427 At
2111 4357 2281 4416 bonus
2309 4357 2408 4432 (g),
2438 4349 2493 4414 et
2524 4345 2694 4414 nostri
2725 4358 2931 4429 patiens
2954 4400 2970 4426 ,
3001 4370 3056 4416 et
3082 4356 3320 4436 plectere
3349 4345 3508 4422 serus
3527 4405 3546 4436 ,

2015 4439 2367 4530 Omnipotens
2390 4451 2645 4508 Dominus
2671 4451 2877 4508 nullam
2897 4452 3222 4528 iaculabitur
3248 4455 3382 4513 iram
3401 4498 3416 4525 ,
3465 4441 3470 4460 ⁸

2014 4545 2077 4602 Ni
2105 4531 2256 4620 prius
2283 4545 2599 4613 admoneat,
2627 4545 2920 4618 durataque
2947 4531 3166 4619 pectora
3196 4539 3372 4620 pulset
3411 4543 3416 4552 ’

321 4621 332 4628 ’
383 4610 498 4698 cum
517 4644 753 4714 facerent,
778 4638 938 4692 donec
949 4610 1092 4692 aliud
1105 4635 1366 4704 exemplar
1385 4637 1786 4707 manuscriptum
1800 4610 1911 4691 erui
1934 4610 1989 4672 Ῐ)
2015 4610 2292 4710 Ρηέεθεοε
2321 4625 2528 4708 agitans
2555 4610 3006 4708 angusumente,
3040 4610 3352 4710 prophetam
3382 4637 3466 4715 (lt)
3559 4629 3568 4660 ⁵

383 4735 544 4804 possit
561 4774 577 4801 ,
604 4732 738 4786 unde
761 4738 957 4786 extera
979 4727 1226 4784 labecula
1249 4728 1508 4784 cluantur.
1542 4727 1693 4798 Quod
1733 4729 1912 4787 attinet

381 4826 451 4881 ad
469 4824 693 4893 titulum,
717 4820 1082 4877 inscribebatur
1105 4820 1161 4875 in
1179 4834 1229 4875 υ.
1253 4836 1299 4876 c.
1327 4818 1396 4877 de
1419 4819 1630 4878 Ninive.
1659 4820 1775 4878 'Sed
1797 4839 1912 4878 cum

2013 4731 2255 4803 Namque
2277 4729 2572 4787 Ninivitum
2598 4727 2804 4786 meritis
2821 4731 3106 4786 mandarat
3134 4731 3327 4788 Jonam

2013 4822 2233 4880 Praefari
2259 4823 2480 4888 exitium
2510 4822 2769 4884 Dominus
2792 4840 2809 4893 ;
2833 4823 2936 4890 sed
2962 4826 3210 4898 conscius
3235 4826 3331 4895 ille

1683 4935 2241 4996 COMMENTARIUS.

381 5049 454 5124 (c)
485 5041 722 5124 Cinerum
745 5046 884 5103 senio
911 5046 1128 5124 signata.
1163 5046 1233 5103 ita
1253 5047 1502 5124 correxi,
1535 5059 1635 5119 pro
1655 5063 1760 5120 quo
1790 5058 1908 5106 erat

307 5126 364 5183 in
392 5119 454 5182 ’νζ
488 5137 540 5178 c.
583 5121 810 5190 cinerum
852 5121 1016 5191 senius
1059 5119 1688 5191 ignara._‘Conjecturam
1728 5135 1906 5178 meam

308 5195 591 5256 conﬁrmat
616 5187 799 5264 aperte
826 5190 962 5249 alter
999 5187 1253 5264 eju'sdem'
1269 5187 1586 5248 Tertulliani
1619 5205 1808 5250 versus
1837 5193 1907 5250 de

309 5263 562 5348 Sodomis
578 5305 594 5331 ,
617 5261 708 5317 tibi

697 5275 852 5317 lSlC:

433 5386 554 5438 Tota
580 5395 731 5445 rogus
753 5383 896 5445 regio
919 5361 1016 5442 est,
1039 5382 1151 5434 hinc
1173 5387 1283 5436 atro
1303 5382 1507 5434 horrore
1532 5379 1728 5436 favillae.

431 5449 555 5506 Inde
577 5449 671 5516 situ
699 5459 818 5498 cano
841 5447 1034 5500 cineres
1056 5447 1278 5528 incendia
1301 5447 1516 5512 signant.

308 5558 397 5616 Sic
422 5556 566 5628 enim
589 5552 763 5628 obiter
793 5552 912 5628 lego
932 5567 1000 5610 ex
1023 5553 1264 5628 veSIigiis
1283 5570 1336 5610 v.
1368 5568 1416 5614 ο.
1445 5555 1497 5609 in
1525 5568 1632 5628 quo
1656 5569 1670 5610 :
1705 5552 1820 5610 hinc
1841 5553 1906 5608 de

307 5632 432 5697 situ;
447 5627 607 5698 vulgo
631 5625 715 5698 est
743 5623 754 5678 ἐ
789 5623 1002 5695 hincque
1029 5627 1148 5698 situ.

380 5693 459 5776 ((1)
495 5693 640 5776 nam
667 5710 874 5776 mortem
912 5693 1086 5776 inuris.
1128 5695 1382 5776 intelligit
1416 5697 1561 5776 Mare
1599 5693 1902 5766 Mortuum,

306 5767 508 5845 de'quo
530 5771 754 5841 ipsemet
780 5771 832 5824 iu
862 5767 1099 5824 carmine
1128 5768 1196 5823 de
1218 5767 1464 5824 Sodomis
1493 5787 1505 5822 :

432 5882 541 5937 Nec
563 5895 698 5938 mare
721 5883 844 5938 vivit
865 5882 953 5946 ibi,
977 5891 1111 5944 mors
1129 5886 1204 5934 est
1217 5879 1384 5943 maris,
1402 5876 1486 5932 illa
1508 5877 1681 5943 quieti.
1739 5961 1744 5966 ξ

2083 5047 2160 5124 (e)
2193 5047 2332 5104 Pene
2345 5049 2490 5124 alios
2512 5051 2676 5124 ignes.
2708 5049 2890 5109 Placet
2917 5051 3036 5110 haec
3059 5055 3367 5114 emendatio
3393 5097 3409 5124 ,
3451 5058 3620 5119 ducta
3714 5100 3717 5103 -

2009 5121 2314 5206 conjectura
2340 5121 2401 5178 P.
2437 5121 2628 5206 Pithmi
2654 5140 2668 5178 :
2699 5124 2907 5181 accedit
2930 5126 3075 5184 enim
3101 5142 3272 5201 prope
3295 5129 3362 5187 ad
3386 5121 3619 5206 vestigia

2009 5199 2290 5265 scripturae
2313 5208 2368 5250 ν.
2391 5208 2444 5249 c.
2471 5199 2527 5249 in
2564 5208 2671 5265 quo
2700 5213 2714 5249 :

2128 5331 2267 5383 Pane
2289 5329 2383 5382 alio
2407 5330 2552 5396 ignes
2571 5297 2769 5399 superis
2784 5332 3072 5388 decesserat
3094 5337 3279 5404 imbris.

2080 5439 2149 5516 (f)
2173 5440 2408 5522 Justique
2422 5442 2652 5528 fuerant.
2674 5439 2863 5528 Yarias
2893 5443 3092 5528 recipit;
3109 5445 3485 5528 conjectura};
3511 5447 3619 5528 ςιμ-

2006 5509 2151 5594 binm
2182 5509 2332 5594 enim
2357 5509 2441 5566 est
2483 5525 2550 5594 an
2592 5519 2778 5594 auctor
2819 5509 3099 5594 scripserit
3128 5509 3356 5594 jus-lique
3400 5509 3612 5594 referti,

2006 5583 2093 5642 vel
2111 5584 2242 5657 justi
2263 5582 2424 5664 ﬁngi:
2443 5590 2500 5662 “.l
2519 5593 2703 5638 οθηεθι
2718 5584 2858 5640 idem
2883 5581 3156 5664 Ρίιιισειξξῖ
3185 5581 3610 5664 δίθίῖΨόᾒθθίέ

2007 5651 2322 5740 transgressa
2352 5651 2538 5740 Ninine
2563 5668 2661 5740 pro
2685 5667 2898 5740 quos.
2932 5651 3309 5738 etransgressi
3335 5651 3606 5740 Νἲηξῠξὶὶιιξ

2035 5727 2038 5736 ’
2079 5725 2247 5782 (αῘΑι
2273 5725 2448 5780 bonus.
2481 5739 2532 5778 v.
2563 5739 2612 5779 c.
2645 5737 2695 5780 at
2721 5725 2857 5782 boni.
3133 5725 3171 5734 "
3231 5725 3238 5732 “
3345 5725 3369 5730 "
3411 5725 3506 5756 νἐε

2154 5725 2247 5779 ίΑι
2273 5725 2448 5780 bonus.
2481 5739 2532 5778 v.
2563 5739 2612 5779 c.
2645 5737 2695 5780 at
2721 5725 2857 5782 boni.
3133 5725 3171 5734 "
3231 5725 3238 5732 “
3345 5725 3369 5730 "
3411 5725 3464 5756 ν’*
3496 5729 3506 5746 η

2079 5725 2884 5890 ξῖδ.1ἓηες,ξῐοεέιξέιξνῐις,¹³οτιε
2911 5799 3204 5890 uertem.
3227 5807 3283 5864 ιιι
3311 5798 3617 5890 coaluiss-

1951 5948 1954 5949 ν
2007 5878 2092 5929 tur
2109 5908 2125 5938 ,
2157 5879 2278 5926 cum
2306 5879 2440 5925 voce
2468 5880 2743 5942 prwsagos.
