3940 6288
328 355 466 411 HM

330 468 676 540 Praecipitant
698 511 713 536 ,
744 475 1052 538 certantque
1081 466 1315 537 pericula
1341 468 1558 526 vincere
1579 459 1794 528 damnis

324 563 468 620 Sunt
497 565 705 618 miserae
724 577 883 618 voces
912 563 977 616 ad
1003 561 1210 632 singula
1242 563 1497 633 fragmina
1524 567 1669 635 ponti
1690 608 1706 633 ,

323 655 755 728 E-xpenduntquc
780 669 967 710 manus
989 655 1256 710 nullorum
1286 656 1359 730 (a)
1391 659 1455 712 ad
1488 660 1684 715 lumina
1713 660 1914 730 divum,

322 747 472 815 Quos
495 748 658 804 maris
687 757 743 804 et
787 748 906 804 coeli
935 749 1017 804 vis
1065 762 1170 804 non
1201 749 1379 816 timet,
1448 751 1587 808 haud
1631 754 1820 824 minus;
1849 755 1916 808 il-

1683 843 1705 916 l
1735 844 1811 901 ίοε
1843 843 1916 916 (ὁ)

315 929 597 1002 Puppibus
622 930 870 986 obtrusos
900 931 1032 987 irato
1064 932 1275 990 turbine
1305 949 1577 1008 mergens.

314 1021 542 1080 Nescius
567 1023 683 1079 huic
702 1037 824 1078 reus
847 1023 963 1094 ipse
988 1039 1120 1080 cavo
1145 1027 1244 1082 sub
1271 1027 1472 1084 fornice
1499 1029 1690 1100 puppis

315 1115 659 1173 Sternentcm
687 1114 760 1189 (c)
788 1115 963 1171 inﬂata
992 1116 1436 1175 resonabarnare
1469 1135 1716 1192 saporem
1740 1163 1754 1186 ,

313 1205 434 1264 Jam
465 1219 587 1264 tunc
614 1209 664 1262 in
697 1222 886 1262 somno
920 1208 1127 1264 Domini
1159 1209 1438 1267 formando
1461 1213 1537 1284 (ά)
1567 1213 1789 1284 ﬁguram
1822 1257 1834 1270 .

313 1300 470 1356 Hunc
490 1300 649 1355 simul
680 1300 946 1355 undiceste
972 1303 1060 1371 qui
1090 1303 1232 1373 cogit
1262 1305 1440 1358 munia
1470 1321 1650 1381 prorae
1667 1305 1736 1379 (ε)
1763 1350 1777 1373 ,

311 1391 454 1448 Pace
479 1404 785 1462 soporatum
815 1392 1018 1462 placida
1039 1434 1053 1460 ,
1083 1395 1321 1465 requiete
1342 1398 1628 1465 superbum
1659 1396 1729 1470 (f)

309 1481 510 1538 Institit
535 1483 826 1554 impulsans
851 1503 863 1537 :
896 1485 1053 1552 Quid,
1081 1485 1152 1540 ait
1179 1485 1254 1558 (g)
1275 1528 1292 1552 ,
1314 1486 1621 1545 discrimine
1648 1489 1700 1544 in
1723 1490 1825 1545 isto

310 1575 532 1633 Somnia
562 1591 622 1632 re
642 1578 783 1648 capit
811 1578 909 1650 (It),
943 1588 1195 1650 tantoque
1221 1582 1274 1636 in
1301 1583 1510 1639 turbine
1537 1593 1749 1655 portum

313 1668 477 1726 Solus
508 1669 712 1725 habes?
743 1684 848 1724 non
895 1671 1032 1725 unda
1063 1670 1126 1744 (ἱ)
1153 1674 1350 1744 operit,
1379 1690 1503 1746 spes
1534 1677 1689 1732 unica
1733 1677 1912 1734 divum

949 1783 952 1786 ·
1498 1836 1500 1839 ,
1760 1771 1781 1844 [
1808 1781 1907 1828 est.

1805 353 2268 414 TERTULLIANI

1958 468 2015 530 Λ
2040 469 2284 542 Namque
2313 470 2481 543 magis
2505 469 2779 544 multoque
2795 471 2964 544 magis
2999 471 3128 528 freta
3154 443 3294 528 stcva
3324 470 3624 530 tumebant.

3485 343 3630 414 1H9.

2025 561 2102 638 Ea
2128 579 2227 634 ego
2259 572 2548 633 tempestas
2567 607 2580 632 ,
2611 579 2711 636 ego
2734 573 2839 619 tota
2867 564 3076 621 insania
3100 564 3281 620 mundi
3305 607 3320 632 ,

2024 655 2080 710 In
2105 671 2191 711 me
2211 699 2225 722 ,
2255 656 2453 726 inquit,
2482 656 2636 712 vobis
2662 656 2829 714 aether
2855 657 2996 724 ruit,
3027 666 3083 714 et
3110 672 3258 713 mare
3279 657 3491 729 surgit:

2021 747 2079 804 In
2107 763 2194 804 tne
2222 756 2361 803 terra
2390 747 2575 820 procul
2594 791 2608 816 ,
2639 763 2786 804 mors
2813 749 3052 820 proxima
3072 792 3086 817 ,
3117 748 3264 805 nulla
3295 748 3389 804 Dei
3411 762 3557 818 spes.

2021 841 2161 910 Quin
2181 841 2304 898 date
2330 843 2654 914 praecipitem
2675 857 2942 909 caussam,
2963 841 3626 916 navemquelevantesln),

2021 934 2197 990 Uuttm
2225 948 2360 989 onus
2393 933 2493 990 hoc
2525 949 2776 1005 magnum
2809 934 2996 1006 pelago
3017 933 3220 1005 jactale
3249 933 3540 990 volentem.

2023 1029 2120 1084 Ast
2143 1027 2227 1082 isti
2259 1026 2454 1082 frustra
2484 1028 2725 1083 nituntur
2749 1037 2960 1083 vertere
2989 1041 3206 1082 cursum

2019 1117 2075 1174 lu
2099 1106 2329 1175 reditum
2346 1160 2359 1184 ,
2393 1133 2491 1174 nec
2517 1119 2698 1174 clavus
2724 1120 2866 1174 enim
2915 1127 3166 1188 torquere
3192 1115 3434 1185 sinebat,

2021 1211 2163 1267 Dura
2188 1225 2285 1266 nec
2314 1203 2580 1267 antemnae
2610 1211 2808 1266 mutari
2837 1211 2971 1266 libra
2998 1208 3233 1265 volebat.

2018 1305 2298 1361 Postremo
2322 1305 2387 1359 ad
2418 1290 2699 1360 Dominum
2729 1321 2742 1359 :
2768 1302 2848 1359 Ne
2875 1319 2971 1358 nos
2995 1303 3047 1358 in
3079 1303 3267 1357 mortis
3290 1301 3514 1364 hiatum,

2019 1395 2188 1452 Unam
2211 1397 2442 1450 animam
2472 1405 2709 1466 propter,
2740 1394 2952 1450 dederis
2972 1436 2986 1459 ,
3017 1409 3084 1448 ne
3113 1394 3370 1464 sanguine
3396 1392 3528 1462 ju5ti
3552 1390 3624 1465 (ο)

2017 1487 2366 1557 Respersissc
2391 1487 2526 1542 velis
2547 1530 2560 1553 ,
2593 1486 2638 1541 si
2662 1489 2740 1541 sic
2767 1495 2854 1541 tua
2881 1486 3101 1542 dextera
3126 1485 3292 1541 ducit.

2087 1580 2312 1650 Jamque
2340 1579 2447 1634 illic
2479 1579 2585 1633 imo
2612 1579 2864 1635 exoriens
2893 1578 2960 1633 de
2988 1577 3195 1650 gurgite
3221 1587 3372 1633 cetus

2016 1671 2372 1743 Squamosum
2400 1689 2430 1727 e
2459 1671 2679 1727 conchis
2706 1671 2962 1727 evolvere
2993 1671 3236 1741 corporis
3265 1684 3454 1741 agmen
3475 1712 3488 1735 ,

2016 1764 2248 1836 Urgebat
2279 1764 2522 1835 proprios
2549 1779 2814 1819 concusso
2842 1778 3113 1819 marmore
3141 1763 3334 1819 ﬂuctus

310 1851 396 1908 Tu
418 1867 650 1924 quoque,
675 1855 916 1926 quisquis
937 1855 1029 1913 tibi
1060 1858 1198 1913 Deus
1222 1869 1320 1924 est,
1341 1859 1427 1916 dic
1453 1836 1576 1917 vcta
1594 1836 1908 1936 precesque.
1939 1865 1988 1926 B
2017 1860 2220 1930 Sponte
2244 1875 2337 1915 sua
2364 1858 2442 1931 (ρ)
2469 1859 2701 1928 ρηεάειηι
2728 1859 2942 1928 rapiens
2960 1901 2973 1924 ,
3008 1873 3165 1929 quam
3194 1857 3384 1930 Puppis
3413 1855 3481 1913 ιιι)
3501 1870 3631 1913 arce

307 1945 468 2004 Exim
489 1949 608 2017 quis
633 1945 701 2019 (j)
724 1947 892 2017 culpae
915 1950 1143 2019 propriae
1163 1991 1177 2014 ,
1223 1953 1341 2022 quis
1369 1967 1559 2009 caussa
1583 1957 1832 2025 procellae

301 2037 530 2096 Discere
555 2047 702 2094 sorte
724 2039 934 2110 placet,
965 2056 1063 2096 nec
1089 2056 1207 2098 sors
1234 2045 1490 2100 mentitur
1514 2046 1722 2105 Jonam.

305 2126 463 2185 Tunc
481 2129 715 2200 cogitant
737 2148 752 2186 :
776 2132 895 2202 quis
913 2173 929 2200 ,
955 2140 1011 2189 et
1030 2133 1169 2190 unde
1191 2135 1465 2192 hominum
1483 2180 1500 2206 ,
1530 2139 1651 2210 quis
1679 2141 1910 2212 denique

301 2271 304 2274 -
1652 2233 1674 2304 [
1701 2250 1905 2303 rerum,

304 2312 427 2381 Quo
447 2312 644 2385 populo
661 2355 675 2380 ,
700 2328 802 2387 qua
834 2315 962 2372 sede
984 2316 1120 2373 cluis
1144 2318 1257 2392 (lc)?
1281 2318 1539 2378 famulum
1594 2323 1684 2380 ille
1718 2325 1910 2383 fatetur

299 2403 671 2462 Praatimidum
693 2405 966 2480 ﬁdumque
993 2410 1122 2476 Dei,
1151 2410 1242 2481 qui
1267 2413 1478 2468 sustulit
1504 2415 1670 2471 altum
1695 2417 1786 2490 (l),

303 2496 409 2565 Qui
440 2506 638 2554 terram
667 2501 844 2570 posuit
873 2542 890 2569 ,
922 2502 1012 2572 qui
1046 2511 1208 2557 totam
1237 2519 1464 2576 corpore
1495 2506 1627 2564 fudit
1654 2527 1669 2565 :

296 2587 478 2660 Ipsius
516 2604 636 2646 sese
666 2590 943 2664 profugum
963 2634 979 2661 ,
1008 2608 1336 2670 caussasque
1363 2598 1585 2658 revelat.

299 2685 586 2756 Diriguere
614 2694 786 2742 metu.
817 2686 954 2755 Quid
981 2702 1080 2744 nos
1107 2688 1204 2762 (in)
1233 2691 1392 2762 igitur
1416 2693 1513 2750 tibi
1550 2694 1752 2766 culpae.

302 2777 446 2849 Quid
469 2777 585 2836 fore
609 2794 784 2849 nunc,
810 2795 1043 2854 quonam
1071 2781 1404 2854 placabimus
1429 2801 1644 2859 aequora
1670 2787 1852 2846 facto?

2013 1951 2419 2008 Provolutatam
2466 1950 2675 2006 limosis
2702 1948 2946 2006 faucibus
2987 1949 3192 2016 hausit,

2014 2045 2403 2115 Viventemque
2428 2043 2622 2114 dapem
2655 2043 2868 2114 longam
2899 2045 3140 2116 percepit
3165 2044 3219 2100 in
3243 2043 3457 2110 alvum,
3489 2092 3496 2098 .

2011 2138 2257 2209 Cumque
2279 2137 2396 2193 viro
2420 2136 2542 2193 caeli
2572 2135 2774 2193 rabiem
2797 2135 3077 2208 pelagique
3102 2136 3334 2191 voravit.

2011 2230 2279 2287 Sternitur
2305 2228 2538 2298 aequoris
2567 2227 2708 2282 unda
2725 2269 2740 2294 ,
2775 2226 3064 2283 resolvitur
3090 2227 3306 2284 aetheris
3333 2226 3552 2286 umbra.
3588 2249 3590 2252 ·

1993 2307 2149 2378 {Huic
2176 2319 2401 2388 ﬂuctus,
2429 2319 2575 2374 illinc
2604 2318 2764 2374 ﬂatus
2790 2317 3093 2376 redduntur
3117 2319 3308 2389 amici,

2013 2416 2378 2484 Securamque
2401 2415 2541 2469 viam
2570 2411 2777 2482 placida
2803 2413 3052 2484 signante
3081 2413 3298 2482 carina,

2013 2506 2248 2564 Candida
2278 2507 2510 2562 caeruleo
2537 2504 2733 2561 ﬂorent
2756 2506 2978 2576 vestigia
2999 2506 3185 2574 sulco,
3224 2535 3226 2538 τ

2013 2596 2198 2655 Na'utte
2224 2606 2334 2652 tum
2361 2597 2586 2652 Domino
2609 2596 2714 2651 lteti
2743 2595 3050 2654 venerando
3075 2599 3323 2654 timorem

2012 2691 2333 2749 Sacrificant
2357 2697 2540 2762 grates
2566 2691 2585 2712 *
2609 2691 2627 2713 ‘
2655 2690 2674 2712 θ
2705 2691 2723 2713 ⁶
2747 2688 2770 2714 ⁸
2797 2691 2818 2713 ⁶
2841 2691 2858 2713 ³

2011 2787 2235 2858 Navigat
2260 2795 2315 2842 et
2340 2792 2489 2841 vates
2518 2783 2623 2839 alio
2648 2793 2930 2856 susceptus
2951 2779 3118 2841 Jonas

1683 2900 2244 2963 COMMENTARIUS.

303 3020 325 3042 '
387 3016 463 3091 (a)
509 3014 806 3070 Nullorum.
840 3013 897 3068 In
927 3029 1061 3091 v_._c.
1100 3014 1167 3070 ad
1195 3014 1338 3072 hanc
1381 3030 1570 3073 vocem
1610 3023 1911 3078 recentiore

2017 3033 2227 3090 prorae:
2256 3016 2356 3073 nisi
2397 3014 2586 3090 malis,
2628 3011 2906 3090 undisicte,
2957 3010 3130 3090 facilis
3157 3018 3351 3090 _autem
3393 3005 3627 3090 mutati0

298 3078 531 3164 quadam
561 3101 720 3164 manu
747 3085 1149 3164 superadditum
1180 3095 1328 3164 erat,
1359 3091 1657 3164 ututtorum.
1689 3092 1795 3148 Sed
1827 3094 1911 3149 he-
2016 3078 2214 3164 ἰηιᾴίεῄ
2240 3090 2311 3164 it_a
2333 3129 2348 3154 ,
2379 3078 2736 3164 undisicapm
2752 3078 3038 3164 pudicae.
3070 3081 3258 3164 Sedet
3283 3078 3463 3164 potest
3487 3083 3624 3164 peti'

300 3153 375 3220 ne
399 3157 749 3234 vocat_nul_los
778 3153 964 3234 divos,
998 3158 1118 3224 quia
1163 3153 1733 3234 gentium‘dii‘revera
1779 3166 1908 3220 nulli
1936 3170 1981 3234 (ς
2015 3162 2128 3216 neri
2162 3159 2330 3234 illud,
2356 3157 2567 3234 omnia.
2590 3153 2724 3214 Nam
2752 3155 2946 3234 Festus
2973 3154 3263 3226 Pompeius
3286 3153 3509 3209 adnotat
3528 3167 3624 3212 ve‘

296 3241 462 3297 sunt,
489 3229 572 3284 vel
596 3230 716 3298 quia
744 3228 940 3282 nullius
979 3243 1113 3298 opus
1151 3237 1205 3282 et
1241 3230 1443 3284 auxilii.
1492 3231 1624 3287 Hinc
1672 3235 1760 3289 illa
1804 3250 1908 3292 vox

296 3303 448 3376 apud
476 3296 682 3356 veteres
708 3300 943 3353 comicos
976 3316 990 3352 :
1016 3296 1216 3354 Nullus
1241 3315 1371 3354 sum.
1406 3301 1471 3357 Et
1502 3302 1750 3361 Paulinus
1778 3324 1791 3361 ε

422 3416 597 3470 Nullus
616 3429 772 3476 eram,
790 3423 843 3466 et
863 3413 1076 3466 faciente

421 3480 534 3532 Deo
553 3493 660 3531 sum
679 3486 822 3530 natus
845 3487 902 3544 ut.
925 3490 1105 3528 essem.

376 3587 454 3662 (b)
487 3587 841 3662 Haudgninus
867 3587 1003 3662 illos.
1045 3585 1119 3662 Ita
1159 3587 1424 3662 emendo,
1465 3600 1588 3662 pro,
1617 3605 1724 3659 quo
1747 3607 1799 3647 v.
1850 3607 1900 3648 c.

299 3657 398 3739 aut
414 3657 598 3739 munus
619 3658 739 3739 illos
759 3657 1011 3739 puppibus
1035 3658 1266 3739 abstruso
1314 3657 1530 3715 Siratos.
1556 3657 1760 3727 Quibus
1785 3679 1905 3739 ver-

299 3731 385 3786 bis
409 3744 514 3803 non
543 3729 730 3803 dubito
755 3727 883 3803 quin
914 3727 1114 3783 alludat
1138 3728 1204 3783 ad
1234 3744 1439 3786 morem
1469 3741 1708 3788 veterum
1738 3736 1901 3803 quiin

295 3801 528 3858 navibus
552 3799 684 3862 deos
711 3797 997 3870 portabant
1017 3841 1032 3866 ,
1063 3809 1312 3870 tanquam
1340 3803 1611 3880 tutelares.
1639 3804 1703 3860 Vi
1736 3797 1827 3863 eil.

642 3889 1273 3965 ingentesna_pupe_Deos_...

637 3952 848 4005 Laut-ato
869 3952 1094 4020 fulgebat
1113 3952 1343 4020 Apolline
1362 3957 1554 4020 puppis.

923 4012 1031 4079 (Id.
1056 4012 1374 4081 LXI/Enr
1425 4012 1438 4069 ζ

420 4101 589 4174 Monte
612 4111 708 4152 nec
726 4099 924 4151 inferior
944 4095 1370 4211 proraa'pupgicge
1392 4115 1612 4155 recurva

421 4163 600 4211 Insnltt.
625 4170 676 4211 et
709 4167 865 4211 pictos
887 4163 1120 4211 verberat
1143 4176 1207 4211 un
1247 4178 1270 4209 a
1340 4177 1441 4211 eos.

421 4163 600 4226 Insilit,
625 4170 676 4214 et
709 4163 1270 4228 pictosverberatpnda
1290 4163 1441 4228 Deos.

863 4221 1099 4286 (Ovidius,
1125 4220 1200 4273 ιι
1231 4223 1504 4289 Tristium.)

287 4309 561 4368 'Auctores
581 4308 852 4379 appellant
875 4307 1067 4363 tutelas
1092 4308 1244 4379 quasi
1274 4309 1490 4380 proprio
1513 4312 1729 4370 nomine
1745 4354 1760 4384 ,
1788 4311 1896 4372 Sil-

287 4383 417 4440 vius
445 4381 658 4436 Italicus
687 4395 700 4434 :

419 4474 711 4538 Tutelaaque
733 4473 883 4527 deum
916 4474 1130 4526 ﬂuitant.

290 4559 499 4617 Seneca
524 4561 669 4631 epist.
704 4558 794 4622 76,
841 4575 908 4615 eo
933 4559 1120 4631 alludit
1147 4558 1334 4631 dicens
1364 4574 1378 4611 :
1411 4556 1573 4614 Navis
1601 4560 1732 4619 bona
1760 4563 1890 4620 dici-

291 4641 395 4696 tur,
427 4630 561 4697 etc.,
584 4647 674 4684 nec
702 4631 848 4702 cujus
881 4630 1037 4702 tutela
1064 4630 1421 4702 ehorgcwlata
1450 4640 1541 4684 est.
1588 4632 1662 4688 Ea
1714 4635 1890 4689 imita-

287 4703 441 4758 tione
467 4702 653 4756 dicunt
679 4699 970 4756 etiamnum
1005 4699 1166 4757 hodie
1195 4699 1432 4756 Venetos
1463 4712 1703 4759 sanctum
1747 4704 1890 4760 Mar-

285 4788 413 4900 cium
465 4771 715 4829 attollere
761 4771 816 4828 in
860 4770 1080 4842 puppi,
1132 4785 1245 4827 suae
1305 4771 1536 4829 civitatis
1606 4776 1888 4834 tutelarem

327 4859 492 4900 rvum.
853 4890 867 4900 .
1018 4891 1020 4894 ,

327 4859 492 4900 tvum.
853 4890 867 4906 ,
1018 4891 1020 4894 ,

359 4914 432 4987 (c)
461 4916 804 4987 Stet-nentiam.
861 4911 1042 4987 flacet
1069 4911 1280 4987 Philip.
1301 4914 1538 4971 Roberto
1563 4915 1615 4972 J.
1647 4916 1708 4972 C.
1756 4928 1886 4974 ster-

285 4982 489 5058 tentem.
521 4986 588 5058 Et
616 4984 828 5058 quidem
855 4982 1005 5058 Jonae
1033 4998 1152 5055 cap.
1184 4982 1319 5058 lr'ubi
1350 4987 1575 5056 Vulgata
1601 4988 1765 5045 editio
1793 4990 1886 5046 ha-

283 5056 376 5132 bet
404 5074 417 5109 :
449 5065 496 5111 et
525 5055 808 5132 tiormt'ebat
846 5055 1033 5132 sopore
1072 5057 1247 5132 gravi,
1299 5059 1361 5112 D.
1416 5055 1772 5132 Hieronymus
1818 5078 1883 5119 ex

281 5125 639 5198 Septuaginta
676 5125 834 5198 vertit
868 5125 983 5198 i’et_
999 5125 1275 5198 dormiebat
1314 5140 1363 5184 et
1411 5125 1664 5188 stertebat.
1722 5133 1884 5189 Divus

281 5196 496 5275 quoque
522 5196 839 5275 Ambrosius
864 5197 919 5250 in
946 5196 1148 5275 Psalm.
1181 5199 1337 5255 XLIII
1367 5220 1381 5275 ξ
1413 5202 1475 5257 de
1503 5203 1642 5275 dona
1671 5203 1884 5275 legimus

281 5267 371 5338 qui
399 5267 675 5345 dormiebat
701 5268 754 5321 in
780 5278 948 5324 ventre
969 5272 1115 5345 n_auis_
1139 5279 1186 5324 et
1213 5273 1468 5345 stertebat.
1501 5273 1571 5328 Et
1601 5267 1739 5345 ipse"
1757 5276 1883 5332 Hie-

280 5353 543 5415 ronymus
570 5341 621 5393 in
641 5342 1051 5415 commentanin
1079 5339 1268 5397 Ionam
1301 5362 1315 5398 :
1354 5344 1514 5410 Quasi
1531 5339 1758 5414 securus,
1781 5348 1877 5415 ait,

282 5409 524 5465 dormiret
548 5451 565 5478 ,
595 5419 644 5464 et
671 5411 1128 5482 profundissimam
1155 5409 1386 5470 somnum
1428 5409 1754 5474 rane/tonare
1789 5409 1877 5474 so;

279 5491 428 5536 nare!
433 5519 448 5535 ο

354 5571 673 5647 (ὁ)ξοοωὺή
697 5577 986 5662 fortnartdo.
1016 5579 1146 5643 Erat
1173 5579 1226 5636 in
1245 5595 1308 5663 .v.
1339 5595 1390 5637 c.
1419 5582 1472 5637 in
1502 5597 1556 5637 se
1579 5583 1874 5709 formando;

354 5660 456 5701 :um
507 5654 683 5704 autem
732 5649 979 5709 intelligit
1027 5650 1258 5708 Matthaer
1313 5667 1430 5709 cap.
1483 5652 1570 5709 VII
1606 5695 1621 5709 .
1673 5655 1760 5709 ubi
1805 5656 1874 5709 de

274 5642 456 5721 locum
507 5642 979 5721 autem'intelligit
1027 5642 1258 5708 Matthrei
1313 5667 1430 5721 cap.
1483 5642 1621 5719 Vlll,
1673 5655 1760 5711 ubi
1805 5642 1874 5714 de

275 5716 496 5788 Christo
518 5717 814 5776 dormiente
836 5720 887 5774 in
907 5716 1036 5788 'navi
1063 5734 1117 5778 et
1141 5738 1171 5778 a
1194 5724 1304 5779 suis
1333 5716 1586 5780 excitato.

1917 4569 1971 4634 D

2016 3241 2156 3289 teres
2181 3229 2388 3286 dixisse
2418 3229 2614 3290 moenia,
2631 3243 2726 3296 pro
2762 3227 2972 3296 ofﬁciis.

2085 3301 2147 3376 (f)
2177 3295 2728 3376 Requietesuperbum.
2769 3295 3044 3376 Sosipater
3085 3295 3362 3376 Charisius
3397 3295 3495 3376 lib_.
3545 3295 3569 3356 1
3602 3313 3617 3350 :

2015 3366 2196 3443 Quies,
2216 3366 2308 3438 ait,
2331 3372 2455 3443 facit
2474 3366 2943 3443 q'uietem,_requies
2983 3368 3296 3443 accusativo
3335 3382 3442 3423 non
3465 3366 3614 3443 facit,

2007 3438 2288 3518 requietem
2310 3438 2404 3500 sed
2430 3438 2690 3518 requiem;
2720 3438 2851 3518 licet
2885 3439 3076 3518 Cicero
3126 3438 3618 3518 dixeritrequiere‘m

1995 3511 2087 3572 .ad'
2102 3516 2406 3572 Hostilium.
2435 3511 2576 3568 Idem
2615 3511 2888 3568 Charisius
2912 3511 3020 3566 alio
3043 3511 3162 3567 loco
3189 3511 3238 3565 id
3271 3511 3464 3582 repetit
3487 3528 3502 3566 :
3526 3514 3616 3572 Ci.

1993 3604 2157 3652 ,σει-ο,
2185 3587 2296 3653 ait,
2339 3586 2489 3640 aliter
2531 3584 2798 3638 declinavit
2823 3593 3024 3638 secutus
3066 3598 3370 3654 numerum,
3400 3587 3616 3651 requie.

2008 3667 2115 3714 tem
2147 3660 2277 3714 enim
2307 3658 2436 3712 dixit
2452 3673 2472 3721 ;
2500 3655 2790 3724 superbum
2815 3665 2994 3708 autem
3021 3663 3178 3710 vocat
3205 3653 3530 3722 pertinacem
3558 3658 3616 3714 in

2006 3745 2218 3794 somno,
2238 3730 2329 3799 qui
2359 3728 2508 3797 quasi
2539 3727 2918 3799 dedignaretur
2947 3725 3150 3781 moveri
3191 3724 3429 3781 clamore
3471 3743 3612 3785 nau.

2007 3809 2180 3857 tarum
2209 3798 2621 3868 periclitantium
2641 3839 2656 3862 ,
2687 3798 2909 3852 nimium
2936 3812 3178 3854 securus.
3443 3810 3464 3828 ι

2186 3871 2320 3956 Quid
2344 3871 2438 3960 ait.
2468 3872 2729 3940 Corrupte
2754 3880 2870 3924 erat
2898 3870 2952 3925 in
2995 3884 3046 3924 v.
3075 3884 3126 3926 c.
3149 3868 3273 3942 quid
3311 3868 3455 3924 aiunt
3500 3871 3611 3930 dis-

2005 3943 2232 3999 criminis
2269 3944 2323 3997 in
2349 3943 2466 3998 isto.

2079 4015 2163 4088 (ιι)
2192 4013 2464 4088 Somniare
2487 4012 2848 4088 ca_pi's._Loct_ts
2871 4010 2960 4068 hic
2980 4011 3154 4068 varias
3178 4011 3369 4088 recipit
3391 4012 3609 4088 conjec-

1993 4083 2181 4144 turas:
2206 4096 2330 4142 sunt
2347 4086 2503 4167 verba
2526 4085 2616 4141 Fr.
2642 4085 2834 4167 iurati;
2851 4100 2956 4167 nos
2973 4099 3103 4167 vero
3118 4083 3605 4167 sequimurblec'tio-

1997 4173 2126 4220 nem
2153 4173 2313 4230 quam
2341 4157 2563 4213 exhibet
2585 4157 2830 4230 collectio
2849 4151 3240 4230 Pisauricepsis
3282 4170 3347 4212 ac
3381 4151 3604 4214 Londo-

2001 4225 2186 4286 nensis
2206 4271 2220 4291 .
2247 4237 2521 4298 poetarum
2547 4229 2750 4284 scilicet
2775 4225 3080 4298 latinorum.
3108 4225 3245 4283 Enn.

1993 4300 2136 4426 .s.d(i)
2166 4296 2279 4384 Nos
2316 4299 2476 4356 unda.
2512 4299 2710 4357 Vocem
2739 4315 2832 4354 nos
2857 4297 3073 4365 addidi,
3101 4313 3222 4370 qua:
3251 4296 3462 4355 videtur
3497 4296 3599 4356 de-

2033 4389 2047 4426 ι
2089 4388 2250 4426 eram.

2001 4386 2250 4428 smerart.
3114 4425 3116 4428 .

2072 4441 2139 4526 β)
2167 4443 2316 4528 Εςυὶηι
2355 4443 2484 4514 quis.
2518 4442 2965 4514 Depravatissime
2989 4449 3104 4498 erat
3128 4443 3182 4498 in
3210 4456 3262 4497 v.
3309 4455 3362 4498 c.
3407 4439 3602 4498 Indicit

1988 4531 2116 4570 textu
2139 4532 2270 4570 αιιη.

2324 4587 2441 4642 sede
2467 4585 2614 4658 cluis.
2641 4583 2812 4658 Valde
2843 4583 2973 4640 mihi
3002 4583 3176 4658 placet
3201 4583 3317 4642 haec
3344 4584 3602 4658 emenda-

1997 4654 2259 4728 tio'q'uam
2283 4659 2423 4714 eruit
2465 4657 2526 4714 P.
2553 4655 2796 4714 Pitbteus
2833 4671 2900 4711 ex
2943 4654 3175 4728 veStigiis
3201 4672 3252 4711 v.
3283 4672 3359 4728 c.,
3399 4655 3452 4711 in
3490 4673 3599 4728 quo

1993 4745 2097 4796 qua
2117 4727 2241 4783 sede
2265 4730 2407 4783 civis.
2438 4728 2557 4784 Vox
2584 4729 2694 4783 clue
2713 4772 2728 4794 ,
2778 4741 2882 4790 non
2929 4727 3105 4796 ignota
3156 4727 3298 4798 apud
3344 4727 3553 4784 veteres
3579 4770 3594 4795 ,

1994 4815 2151 4871 guam
2170 4800 2378 4856 restitui
2404 4799 2521 4856 aliis
2542 4799 2849 4856 auctoribus
2869 4809 3070 4856 temere
3092 4799 3248 4870 vulgo
3263 4808 3591 4871 corruptam.

1990 4868 2175 4995 Itaque
2214 4886 2319 4926 non
2350 4879 2612 4940 repetam.

2067 4940 2084 4995 l
2109 4939 2128 4995 l
2163 4940 2265 4995 Οιιὶ
2292 4943 2498 4995 sustulit
2537 4942 2611 4995 alt

2067 4939 2128 5014 (Ι)
2163 4940 2265 5008 Qui
2292 4939 2498 4997 sustulit
2537 4942 2722 4998 altum.
2749 4942 3139 5000 Redundabant
3162 4941 3324 5014 verba
3354 4941 3406 4998 in
3436 4955 3592 5014 v.9,

1991 5011 2044 5084 in
2066 5011 2178 5084 quo
2199 5014 2269 5069 ita
2292 5015 2547 5084 scriptum
2574 5016 2747 5083 reperi
2765 5032 2778 5069 ;
2799 5015 2900 5084 Qui
2928 5015 3110 5071 caelum
3133 5013 3335 5069 sustulit
3353 5014 3477 5068 alto.
3501 5011 3590 5068 Vi-

1989 5082 2215 5139 debatur
2235 5082 2448 5156 quidem
2476 5082 2782 5157 corruptum
2812 5082 3038 5157 carmen
3055 5085 3239 5157 glosa;
3282 5084 3444 5139 altum
3486 5099 3589 5140 auo

1989 5161 2096 5210 tem
2125 5170 2222 5227 pro
2245 5157 2372 5212 caelo
2403 5156 2524 5226 poni
2555 5156 2789 5224 scimus,
2821 5165 2878 5213 ut
2905 5156 3047 5227 apud
3073 5156 3353 5227 Virgilium
3385 5173 3399 5210 :

2199 5277 2211 5288 '
2236 5266 2301 5319 Et
2320 5267 2445 5318 Maia
2465 5269 2689 5333 genitum
2713 5268 2839 5321 caelo
2859 5269 3077 5322 demittit
3097 5271 3160 5322 ab
3179 5270 3296 5330 alto.

1983 5373 2292 5450 Lactantius
2321 5375 2419 5450 (lib
2443 5374 2508 5444 ll,
2536 5391 2588 5433 c.
2617 5376 2673 5450 1)
2698 5395 2712 5433 :
2744 5376 2934 5435 Oculos
2974 5394 3094 5435 suos
3113 5377 3358 5448 deficiunt
3378 5377 3592 5448 soloque

1980 5447 2167 5591 ﬁgam?
2186 5517 2324 5584 Quid
2351 5535 2462 5576 nos.
2493 5519 2555 5574 V.
2583 5534 2634 5577 c.
2663 5537 2788 5589 quos
2813 5520 2896 5579 vel
2959 5520 3085 5588 uad,

1987 5659 1998 5663 _
2052 5518 2130 5663 in)
2159 5589 2454 5663 Navemque
2480 5591 2698 5648 levantes
2722 5609 2900 5648 unum.
2921 5536 3081 5650 (halat

2052 5589 2138 5663 (η)
2159 5589 2454 5663 Navemque
2480 5591 2698 5648 levantes
2722 5609 2900 5648 unum.
2941 5589 3081 5650 Male
3124 5593 3178 5651 in
3206 5609 3260 5650 v.
3288 5605 3341 5648 c.
3386 5607 3587 5654 navem

1979 5659 2197 5716 levantes
2223 5679 2374 5716 unus.

2049 5730 2126 5804 (ο)
2156 5732 2239 5788 Ne
2259 5736 2505 5811 sanguine
2521 5732 2927 5811 justi.S_ic_l_ego,
2959 5751 3058 5809 pro
3085 5750 3190 5808 quo
3215 5749 3267 5792 v.
3288 5750 3339 5792 c.
3351 5735 3585 5811 justum,

271 5835 280 5845 .
348 5786 422 5862 (θ)
453 5787 718 5872 Undicesa:
755 5792 843 5862 qui
876 5786 1009 5872 cogit
1049 5798 1230 5872 munia
1255 5811 1442 5872 prorae.
1488 5796 1544 5852 Si
1584 5797 1721 5872 quid
1755 5799 1868 5853 veri
1974 5786 2132 5872 idque
2157 5786 2503 5862 eonomine;-
2521 5786 2928 5866 ῑέἱὶὶῗὲῐιίιῖἓόἶ

271 5872 529 5936 auguror,
582 5863 653 5918 ita
707 5878 812 5936 non
852 5864 1002 5936 male
1040 5863 1318 5936 emendavi
1373 5863 1869 5936 depravatissimam

2046 5873 2123 5958 (ρ)
2154 5876 2349 5958 Sponte
2369 5893 2485 5934 sua.
2508 5877 2573 5938 Ut
2593 5885 2900 5948 expleretur
2927 5881 3101 5939 hiatus
3121 5895 3169 5937 v.
3197 5893 3247 5941 c.
3268 5878 3448 5938 addidi
3479 5898 3586 5942 sua

262 5933 582 6004 scripturam
608 5950 663 5994 ν.
693 5949 745 5992 c.
781 5934 1026 5994 habentis
1057 5953 1072 5992 :
1109 5935 1272 5992 Undis
1296 5935 1369 5992 ita
1411 5933 1500 6008 qui
1525 5949 1659 6009 cogtt
1684 5943 1871 5999 moenia
1971 5933 2256 6007 nisi'iualis
2283 5959 2460 6019 sponte
2476 5933 2689 6008 inovanti.
