3940 6288
219 401 394 461 xm;
1584 391 1934 453 aereum);
1966 393 2196 490 Plinii.
3001 432 3007 436 ι
3391 349 3566 456 im

165 531 177 540 '
251 514 475 586 Navigio
505 513 828 585 ﬂuctumquc
855 519 1003 569 secat
1033 511 1131 568 sub
1159 511 1413 567 ﬂuctibus
1444 509 1565 566 imis
1586 553 1600 579 ,
1881 519 1932 580 Α
1960 507 2107 565 Inter
2132 521 2373 567 semesas
2393 508 2596 566 classes
2618 510 2963 582 resolutaque
2991 501 3217 584 corpora
3245 515 3386 584 putri

251 609 431 666 Sisara
452 606 758 674 velificans,
788 606 964 662 anima
993 607 1248 677 inspirata
1277 605 1445 662 ferina
1471 647 1489 674 ,
1956 602 2168 675 Digesta
2190 645 2206 671 ,
2237 609 2330 659 sua
2350 602 2462 675 jam
2493 604 2576 660 vel
2605 619 2734 660 va...
2768 603 2836 677 (c)
2869 606 3055 662 funera
3081 605 3318 663 discens.

251 703 581 770 Conclusus,
612 715 789 774 neque
816 701 1013 758 tinctus
1039 699 1192 772 aquis
1213 687 1341 772 “‘(a),
1401 699 1564 755 maris
1631 697 1855 754 intimus
1956 695 2016 750 ln
2043 695 2253 767 signum
2285 696 2381 753 sed
2414 687 2556 752 enim
2578 697 2788 753 Domini
2819 699 3139 770 quandoque
3167 698 3375 758 futurus
3400 743 3413 770 ,

1551 790 1750 865 [exter
1777 789 1852 864 (ὁ)
1959 789 2078 848 Non
2108 799 2224 846 erat
2248 789 2443 858 exitio,
2473 789 2567 847 sed
2600 791 2723 848 coeli
2755 792 2925 864 gloria
2955 794 3147 850 iactus.

1641 925 2206 988 COMMENTARIUS.

325 1066 400 1140 (a)
426 1065 606 1137 Neque
631 1067 814 1140 tinctas
839 1061 1323 1140 aquis._Vid_ebatur
1342 1076 1502 1134 posse
1519 1061 1896 1140 legitagtus,‘
1967 1063 2196 1140 babebat
2269 1064 2476 1140 classes.
2555 1064 2709 1140 Sed_g
2746 1067 3019 1140 superiora
3093 1077 3151 1124 ut
3215 1070 3404 1139 reponi
3469 1071 3566 1128 de-

252 1132 395 1211 quod
423 1132 604 1211 minus
623 1132 900 1211 cst._Nam_
920 1146 976 1191 et
1000 1135 1258 1192 Paulinus
1283 1132 1536 1202 incarm.
1580 1132 1648 1190 ad
1694 1132 1858 1205 Cyte-
1967 1134 2140 1211 beant_
2157 1150 2263 1190 non
2287 1136 2628 1211 satisiiquet.
2651 1132 2835 1194 Placet
2861 1139 3178 1211 doctissimo
3199 1132 3339 1197 Phil.
3370 1141 3568 1199 Rober-

250 1205 391 1268 rium
419 1209 486 1265 de
508 1208 696 1263 eodem
727 1207 860 1262 Jona
887 1206 1111 1277 loquens
1143 1223 1155 1259 :
1964 1214 2017 1261 to
2045 1216 2100 1260 ut
2125 1206 2334 1282 legatur
2359 1223 2372 1261 :
2404 1205 2570 1282 Maris
2589 1209 2722 1282 inter
2741 1219 2972 1282 etiexter.
2991 1209 3217 1280 Semen
3235 1253 3252 1278 ,
3280 1221 3413 1278 etc.,
3443 1214 3566 1279 nisi,

376 1301 579 1352 Mensas
600 1311 798 1364 :equore
821 1301 1031 1350 intactus
1051 1298 1195 1348 undis
1217 1297 1433 1349 ﬂuctuat.
1938 1284 2168 1364 ,μιξιηξηο
2193 1278 2413 1364 ordine.
2446 1279 2600 1364 tilia“?
2624 1296 2638 1331 =
2661 1278 3033 1364 ίῦίρνίῇρπιενε
3062 1292 3107 1336 ει
3134 1283 3267 1364 figet
3284 1355 3293 1364 Α
3303 1278 3564 1364 _Semesas,

255 1385 346 1444 Sic
372 1349 622 1445 suam...
647 1349 714 1440 de
739 1383 928 1440 eodem
961 1349 974 1437 ξ
1938 1349 2758 1445 'P13353133".EBI'E'EE'IE'
2776 1349 2922 1445 ,ἕίὶ
2949 1353 3422 1445 ἓὶἾῬὲἮῘΫΨΞΡΗξ
3468 1349 3568 1413 ex:

962 1424 1066 1495 :_._
1092 1482 1291 1495 __“____
1961 1427 2132 1476 terum
2163 1420 2360 1486 maris,
2389 1420 2580 1476 .lonam
2609 1421 2747 1477 intra
2776 1437 2926 1478 mare
2949 1423 3228 1495 eleganter
3254 1424 3422 1482 dixit:

387 1515 399 1527 .
439 1515 452 1526 .
491 1513 504 1526 .
543 1515 555 1527 .
597 1513 612 1528 .
651 1515 662 1526 .
696 1481 810 1526 ceto
830 1476 1068 1526 sorbente
1092 1482 1294 1526 voratus

382 1539 442 1591 In
482 1539 660 1603 pelago
697 1551 794 1590 non
837 1538 999 1590 sensit
1034 1550 1203 1602 aquas.

1945 1559 1950 1566 .
2087 1512 2212 1563 Nam
2233 1512 2362 1563 liber
2385 1513 2530 1564 undis
2552 1515 2676 1564 intra
2698 1528 2835 1566 mare
2859 1521 3008 1567 exter
3029 1476 3195 1568 maris.

253 1622 362 1680 Sed
388 1619 748 1695 tgmenjllud,
782 1623 966 1695 tinctus
1012 1621 1207 1695 retinui
1253 1618 1397 1695 quia
1420 1618 1538 1675 scio
1577 1616 1849 1673 familiare
2021 1611 2327 1695 .(ci'Vel‘va.
2359 1613 2630 1674 Robertus
2655 1618 2785 1690 legit
2806 1620 2884 1674 vel
2909 1621 3060 1676 vatis.
3091 1620 3232 1690 Quid
3265 1621 3312 1679 si
3352 1623 3570 1695 potius:

253 1709 376 1750 esse
399 1686 741 1749 Tertulliano
764 1692 843 1748 uti
871 1706 936 1748 eo
966 1691 1152 1760 verbo,
1180 1702 1234 1748 et
1253 1686 1565 1748 tinctionetn
1581 1703 1844 1761 usurpare
1953 1686 2244 1761 vel_vivns_?

254 1763 661 1840 probaptismis
689 1765 863 1840 aquis.
1037 1835 1050 1840 _
1137 1757 1145 1760 ⁷
1467 1832 1480 1840 _
1676 1757 1731 1840 __.'
2032 1759 2094 1812 Et
2147 1757 2362 1840 quidem
2413 1775 2536 1840 quae
2576 1759 2644 1816 ad
2681 1761 3115 1840 emendationem
3179 1767 3570 1840 corruptissimi

329 1832 410 1908 (1))
441 1825 607 1890 Maris
630 1825 842 1890 intimus
869 1844 1008 1890 exter
1030 1835 1164 1890 inter
1188 1849 1406 1903 semesos
1431 1832 1638 1889 classes.
1676 1825 1744 1888 V.
1799 1846 1848 1887 c.
1961 1825 2285 1900 exemplaris
2312 1825 2554 1915 proferre
2579 1833 2752 1904 potui.

352 2004 3510 2041 mm

1165 2093 1409 2261 π
1479 2103 2044 2306 nemo
2100 2142 2665 2262 vum.
2731 2172 2733 2174 ·

390 2367 487 2424 Est
510 2367 661 2423 locus
685 2380 755 2422 ex
778 2365 928 2420 omni
947 2361 1176 2430 medius,
1205 2376 1365 2433 quem
1385 2358 1681 2428 cernimus,
1708 2357 1859 2426 orbe,
1891 2360 1942 2421 B
2039 2357 2383 2426 Gaudebant,
2415 2359 2655 2416 madidos
2679 2361 2882 2418 caelesti
2907 2371 3125 2420 nectare
3151 2363 3388 2421 fructus:

274 2441 278 2447 I
334 2462 595 2534 Golgotha
624 2459 792 2517 Judaei
824 2459 998 2530 patrio
1024 2457 1342 2528 cognomine
1369 2453 1586 2510 dicunt:
1941 2477 1948 2481 -
2040 2452 2150 2508 Nec
2188 2454 2334 2521 prius
2365 2454 2461 2511 hos
2488 2456 2972 2528 poterant-cupidis
3004 2458 3297 2530 decerpere
3328 2462 3518 2532 palmis
3537 2505 3553 2530 ,

337 2555 436 2613 Hic
462 2570 564 2627 ego
591 2552 661 2610 de
688 2550 1157 2610 sterilisuccisum
1186 2549 1382 2606 robore
1411 2548 1614 2618 lignum
2043 2543 2213 2612 Quam
2245 2545 2505 2602 lutulenta
2538 2550 2636 2603 viae
2669 2549 2894 2621 “vestigia
2928 2549 3070 2606 fteda
3097 2554 3292 2622 prioris

338 2647 641 2703 Plantatum
659 2686 676 2712 ,
708 2644 929 2700 memini
955 2643 1160 2700 fructus
1188 2640 1439 2714 genuisse
1467 2637 1730 2693 salubres.
1807 2638 1809 2640 ’
2047 2639 2370 2696 Detererent
2390 2683 2406 2708 ,
2434 2655 2736 2714 corpusque
2763 2645 2852 2714 pio
2877 2643 2944 2700 de
2971 2644 3118 2702 fonte
3147 2647 3404 2705 lavarent.

339 2740 459 2796 Non
489 2748 667 2793 tamen
699 2737 797 2792 bos
823 2736 957 2804 illis,
987 2735 1077 2807 qui
1104 2749 1164 2790 se
1192 2747 1421 2818 posuere
1440 2772 1458 2800 ,
1488 2729 1696 2786 colonis
1897 2744 1928 2804 ξ’
1966 2816 1977 2818 ῃ
2045 2732 2190 2805 Ergo
2214 2732 2306 2790 diu
2331 2733 2539 2791 circum
2565 2737 2861 2806 spatiantes
2887 2738 3130 2808 gramine
3157 2739 3337 2810 molli,

341 2833 608 2891 Praebuit:
638 2830 845 2888 externi
871 2827 1077 2886 fructus
1107 2816 1345 2884 habuere
1374 2827 1583 2882 beatos.
1879 2859 1896 2890 ,ι
1965 2816 1984 2829 ⁵
2045 2823 2361 2896 Suscipiunt
2385 2825 2490 2881 alta
2521 2827 2818 2902 pendentes
2843 2828 3043 2884 arbore-
3063 2827 3288 2887 fructus.

266 2907 306 3002 ξ
340 2927 566 2987 Arboris
595 2925 714 2982 haec
740 2923 948 2995 species
975 2936 1085 2977 uno
1111 2921 1180 2976 de
1208 2920 1390 2990 stipite
1418 2917 1618 2988 surgit,
2045 2915 2183 2971 Tum
2208 2917 2254 2971 si
2281 2917 2401 2986 quis
2428 2933 2495 2972 ex
2524 2916 2630 2972 illis
2654 2917 2870 2990 delapsa
2901 2917 3170 2990 putamina
3200 2922 3392 2990 ramis,

347 3019 417 3076 Et
442 3034 568 3074 mox
602 3017 654 3073 in
684 3015 930 3089 geminos
955 3010 1196 3070 extendit
1218 3009 1441 3088 brachia
1472 3007 1686 3063 ramos:
2045 3006 2114 3062 Et
2137 3005 2356 3075 dulces,
2386 3008 2557 3062 multo
2580 3019 2827 3066 rorantes
2854 3021 3102 3082 nectare,
3137 3012 3355 3072 frondes

283 3147 286 3150 .
355 3113 508 3169 δίειιι
538 3111 694 3182 plena
722 3123 912 3180 graves
938 3114 1184 3164 antennae.
1211 3102 1434 3182 carbasa
1467 3099 1722 3163 tendunt,
2044 3098 2376 3166 Vescuntur,
2407 3115 2566 3156 veros
2591 3111 2849 3172 exaptant
2873 3117 3087 3161 sumere
3111 3102 3336 3162 fructus.

337 3203 438 3261 Vel
469 3217 592 3259 cum
627 3200 910 3271 disiunctis
933 3199 1057 3269 juga
1089 3204 1234 3252 stant
1261 3194 1327 3250 ad
1349 3181 1530 3248 aratra
1555 3181 1859 3260 iuvencis,'
2115 3193 2255 3265 Ergo
2284 3193 2374 3248 ubi
2404 3193 2678 3274 caelestem
2708 3206 2969 3268 ceperunt
2993 3212 3087 3254 ora
3112 3213 3359 3270 saporem
3378 3240 3395 3268 ,

338 3295 508 3364 Quem
541 3279 662 3348 tulit
689 3292 793 3346 hoc
821 3291 992 3361 primo
1025 3300 1234 3344 maturo
1253 3283 1471 3344 semine
1501 3285 1708 3355 lapsum
1809 3281 1812 3284 ’
2045 3288 2369 3345 Permutant
2389 3291 2628 3356 animos,
2658 3298 2713 3345 et
2741 3298 2946 3347 mentes
2981 3287 3208 3362 perdere
3233 3308 3418 3350 avaras
3447 3290 3449 3292 ’

335 3386 597 3458 Concepit
628 3384 815 3440 tellus:
847 3399 970 3438 mox
1002 3382 1126 3438 hinc
1155 3378 1432 3455 (mirabile
1460 3375 1640 3448 metu)
2043 3381 2342 3451 Incipiunt,
2372 3382 2624 3454 dulcique
2655 3382 2928 3439 hominem
2957 3398 3287 3454 cognoscere
3312 3401 3493 3456 sensu,

337 3479 518 3535 Tertia
547 3477 634 3531 lux
668 3477 858 3531 iterum
877 3516 891 3541 ,
926 3474 1084 3530 terris
1115 3471 1429 3544 superisque
1458 3465 1792 3524 tremendum
2039 3475 2318 3530 Insolitum
2348 3475 2528 3529 multis
2553 3474 2889 3530 stomachum
2919 3477 3152 3552 movisse
3179 3477 3428 3546 saporem
3500 3461 3503 3466 ’
3620 3468 3667 3499 ’⁸

339 3570 614 3626 Extulerat
643 3582 850 3623 ramum
870 3609 884 3633 ,
914 3565 1059 3620 vitali
1089 3563 1238 3635 fruge
1267 3563 1502 3619 beatum.
2047 3567 2295 3624 Vidimus
2317 3611 2332 3636 ,
2363 3579 2419 3624 et
2443 3568 2582 3624 fellis
2609 3578 2936 3624 commotum
2966 3567 3127 3627 melle
3154 3585 3418 3628 venenum

333 3662 441 3720 Sed
473 3662 554 3717 bis
585 3660 788 3716 vicenis
815 3659 1060 3714 ﬁrmatus
1085 3666 1138 3715 et
1170 3659 1260 3714 ille
1288 3658 1479 3716 diebus
1895 3643 1941 3709 C
2047 3662 2318 3735 Rejecisse
2345 3663 2517 3720 bonos
2544 3665 2753 3720 turbata
2779 3669 2964 3721 mente
2987 3667 3249 3736 sapores:

332 3755 516 3812 Crevit
545 3755 598 3809 in
625 3754 944 3808 immensum
967 3791 980 3815 ,
1013 3751 1317 3822 coelumque
1345 3753 1626 3810 cacumine
1645 3767 1867 3811 summo
2044 3759 2152 3814 Aut
2180 3759 2338 3815 avide
2368 3769 2638 3829 sumptum
2669 3773 2774 3813 non
2804 3759 3091 3827 dilexisse,
3123 3760 3323 3833 diuque

329 3843 606 3918 Contigit,
639 3853 692 3901 et
719 3843 932 3900 tandem
964 3853 1206 3900 sanctum
1237 3853 1398 3915 caput
1425 3845 1630 3902 abdidit
1656 3846 1791 3904 alto.
2052 3849 2120 3904 Et
2149 3848 2288 3904 male
2314 3859 2554 3919 potatum
2586 3850 2800 3905 tandem
2829 3851 3136 3906 evomuisse
3161 3867 3432 3922 saporem.

329 3943 470 3998 Dum
499 3949 680 3994 tamen
713 3935 914 4006 ingenti
943 3935 1191 3992 bissenos
1219 3936 1460 4007 pondere
1489 3953 1670 3994 ramos
2045 3940 2202 4010 Saepe
2229 3938 2445 4010 quidem
2477 3939 2661 4006 multi,
2692 3941 2966 3996 renovatis
2994 3941 3296 4008 mentibus,
3327 3956 3501 4013 aegros

329 4024 547 4102 Edidit,
575 4044 630 4093 et
655 4043 825 4091 totum
853 4025 1114 4106 spargens
1144 4037 1378 4105 porrexit
1410 4036 1462 4090 in
1489 4035 1714 4090 orbem:
2046 4033 2349 4088 Restituere
2379 4031 2622 4087 animos:
2653 4040 2708 4086 et
2737 4047 2855 4103 quae
2883 4047 2942 4089 se
2971 4048 3132 4104 posse
3162 4033 3466 4105 negabant,

328 4127 593 4186 Gentibus
620 4136 680 4183 ut
703 4129 908 4184 cunctis
936 4127 1138 4183 victum
1167 4128 1443 4197 vitamque
1473 4141 1765 4197 perennem
2043 4125 2384 4182 Pertluerant
2405 4165 2421 4192 ,
2452 4122 2794 4196 fructumque
2824 4126 2906 4188 sui
2937 4142 3131 4198 cepere
3160 4127 3381 4186 laboris.

333 4222 678 4288 Praebercnt,
712 4231 1054 4292 mortemque
1081 4220 1217 4276 mori
1249 4222 1338 4292 qui
1369 4234 1528 4291 posse
1557 4205 1837 4279 docerent.
2048 4219 2195 4274 Multi
2224 4217 2388 4274 etiam
2417 4225 2632 4273 sanctos
2659 4219 2775 4274 ausi
2804 4223 3118 4292 contingere
3146 4220 3320 4277 fontes
3342 4264 3357 4289 ,

330 4315 582 4386 Expletis
611 4313 771 4370 etiam
803 4330 928 4370 mox
957 4303 1344 4384 quinquaginta
1366 4311 1589 4379 diebus,
2045 4313 2360 4370 Discussere
2387 4311 2583 4369 iterum
2611 4313 2809 4380 subito,
2840 4321 3091 4385 retroque
3117 4315 3350 4386 relapsi,

333 4407 551 4466 Vertice
581 4406 649 4463 de
676 4420 888 4464 summo
915 4404 1080 4461 divini
1110 4397 1344 4461 nectaris
1373 4403 1624 4460 haustum
2041 4406 2303 4463 Sordibus
2327 4414 2382 4462 et
2405 4421 2562 4463 emno
2587 4406 2729 4461 misti
2759 4407 3048 4463 volvuntur
3071 4409 3284 4466 eodem.

323 4499 534 4558 Detulit
559 4499 610 4554 in
642 4513 823 4554 ramos
843 4541 858 4565 ,
889 4498 1124 4554 caelestis
1151 4497 1372 4567 spiritus
1399 4512 1575 4553 aurae:
2043 4501 2188 4556 Multi
2215 4516 2344 4555 vero
2373 4501 2516 4556 δοηο
2541 4508 2818 4571 portantes
2845 4508 3084 4571 pectore,
3115 4502 3242 4556 totis

223 4607 226 4610 ‘
323 4592 485 4650 Dulci
513 4605 638 4650 rore
662 4605 852 4663 graves
881 4589 1168 4645 manabant
1197 4589 1431 4661 undique
1457 4587 1673 4645 frondes
1703 4589 1758 4662 (1
2041 4593 2322 4664 Accipiunt
2348 4594 2542 4650 animis
2561 4635 2577 4660 ,
2609 4595 2929 4665 penitusque
2954 4595 3006 4649 in
3035 4594 3242 4650 viscera
3269 4593 3528 4652 condunt.

399 4686 544 4742 Ecce
571 4684 671 4740 sub
700 4684 902 4755 ingenti
933 4698 1204 4738 ramorum
1234 4682 1482 4753 tegminis
1507 4682 1695 4740 umbra
2047 4686 2192 4758 Ergo
2220 4688 2310 4759 qui
2337 4702 2522 4744 sacros
2553 4698 2777 4760 possunt
2804 4687 3069 4745 adcedere
3097 4689 3304 4757 fontes,

322 4779 473 4836 Fons
500 4787 650 4833 erat:
681 4775 799 4840 hic,
832 4775 978 4830 nullo
1006 4789 1135 4830 casu
1166 4774 1446 4843 turbante,
1481 4789 1736 4843 serenus,
2036 4781 2274 4853 Septima
2301 4777 2390 4837 lux
2417 4782 2535 4837 illos
2558 4791 2766 4852 optatas
2793 4781 2875 4854 (2)
2906 4783 3046 4838 sistit
3069 4781 3135 4838 ad
3162 4783 3363 4852 undas,

325 4873 638 4942 Perspicitis
667 4871 848 4926 illimis
877 4870 1060 4942 aquis,
1093 4880 1147 4924 et
1175 4871 1414 4938 gramina
1444 4870 1646 4926 circum
2051 4874 2231 4946 Tingit
2256 4884 2311 4930 et
2339 4875 2392 4929 in
2420 4874 2638 4946 liquidis
2662 4873 2878 4945 jejunos
2906 4872 3140 4928 fontibus
3165 4885 3333 4928 artus.

326 4963 656 5022 Fundebant
685 4962 836 5018 laetos
865 4961 1014 5017 vario
1040 4961 1109 5019 de
1137 4962 1269 5018 ﬂore
1294 4963 1526 5018 colores.
2045 4965 2136 5022 Sic
2164 4965 2379 5022 demum
2409 4966 2644 5022 illuviem
2674 4965 2900 5034 mentis,
2927 4967 3154 5036 vitaeque
3184 4961 3373 5035 priuris

328 5061 485 5115 Ilnnc
511 5056 1038 5115 circum-innumerae
1063 5065 1269 5128 gentes,
1305 5055 1598 5126 p0pulique
1625 5053 1864 5111 coibant.
1890 5037 1948 5100 D
2045 5061 2335 5130 Deponunt
2364 5061 2572 5127 labem;
2607 5073 2875 5132 puraSque
2901 5074 2930 5112 a
2959 5068 3133 5116 morte
3160 5058 3425 5114 reducunt

321 5154 500 5222 Quam
530 5151 660 5208 varii
695 5151 942 5224 generis,
972 5165 1162 5215 sexus,
1195 5150 1400 5218 aetatis,
1430 5149 1684 5218 honoris,
2045 5153 2288 5209 lllustres
2315 5154 2550 5219 animas,
2584 5154 2817 5224 coelique
2842 5152 2909 5207 ad
2938 5153 3102 5208 limen
3133 5153 3323 5208 ituras.

328 5247 575 5315 lnnupta:
593 5287 608 5311 ,
639 5253 926 5316 nuptaeque
951 5244 1142 5310 simul,
1174 5242 1486 5314 viduaeque,
1513 5256 1819 5312 nurusque,
2041 5245 2175 5300 l-linc
2202 5246 2302 5300 iter
2328 5245 2392 5300 ad
2422 5261 2632 5312 ramos,
2660 5253 2715 5302 et
2741 5245 2914 5300 dulcia
2946 5259 3101 5315 poma
3129 5244 3344 5299 salutis:

328 5338 567 5395 Infantes
586 5381 602 5406 ,
637 5337 922 5408 puerique,
955 5337 1088 5402 viri,
1119 5335 1486 5406 iuvenesque,
1516 5348 1780 5406 senesque
1805 5333 1821 5388 l
2039 5337 2170 5393 inde
2197 5339 2297 5392 iter
2321 5330 2604 5393 ad‘cmlum
2636 5353 2731 5408 per
2755 5352 2933 5394 ramos
2959 5337 3165 5393 arboris
3192 5337 3335 5392 altae.

321 5431 427 5488 llic
453 5429 544 5486 ubi
571 5429 876 5501 multigenis
899 5427 1072 5484 ﬂexos
1102 5425 1413 5483 incumbere
1439 5426 1615 5496 pomis
2044 5429 2158 5517 Hoc
2187 5426 2399 5502 lignum
2422 5431 2544 5487 vitae
2569 5440 2654 5487 est
2677 5431 2887 5489 cunctis
2912 5431 3278 5490 credentibus.
3307 5431 3504 5488 Amen.

322 5525 633 5582 Cernebant
659 5536 842 5580 ramos
863 5561 880 5592 ,
913 5519 1188 5592 avidisque
1213 5517 1486 5591 adtingere
1515 5515 1718 5574 dextris

1479 5634 1855 5698 LECTIONES
1887 5631 2301 5694 VARIANTES.

308 5761 388 5831 (ι)
413 5759 629 5815 Fronte:
665 5757 865 5816 Obortis.
1247 5793 1249 5796 -
2029 5746 2101 5812 (Ξ)
2129 5746 2310 5812 Optata
2333 5742 2530 5800 Obertlt.
