3940 6288
135 1301 384 1377 sumi...

401 5936 425 5965 Χ

497 193 642 251 1127

1954 197 2421 258 TLllTULLIA‘NI

495 308 639 380 quod
667 307 933 380 passibilis
954 348 976 380 ί,
1005 307 1148 380 quod
1176 306 1582 380 exorbitationis
1631 322 1835 378 capax,
1870 322 1924 366 et
1974 313 2100 368 inde

3632 217 3737 274 “28

2206 313 2581 404 ipsisuiisdem
2632 314 2810 373 verbis
2863 316 3089 389 repetita
3139 317 3228 378 hic
3291 323 3466 384 videre
3510 328 3574 386 sit
3630 332 3737 404 apud

495 379 680 450 etiam:
710 379 996 450 oblivionis
1032 379 1228 434 adllnis
1265 380 1353 434 sit.
1417 379 1593 450 lisque
1639 381 1777 436 adeo
1831 392 1890 436 ut
1937 385 2100 439 totius
2125 379 2179 401 “
2203 379 2502 442 auctorem.

501 462 642 518 pene
669 449 786 507 libri
813 459 1190 523 argumentum
1213 490 1228 518 ,
1261 458 1317 506 et
1344 449 1822 523 (ιιιιιειῐιιιειιιοιιιιι
1849 456 2098 524 quaedam

1475 561 1614 618 VIII.
1646 563 2008 622 ADVERSUS
2044 562 2570 622 APELLETIANOS
2610 562 2791 620 LIBRI

1299 697 1577 756 Cl'rATlO,
1625 697 1710 740 ex
1753 699 1940 742 Ltnno
1984 700 2067 743 nn
2102 699 2311 744 canas
2355 699 2606 744 CHRISTI
2651 682 2671 764 (
2717 700 2854 763 cap.
2899 682 2941 746 8
2980 683 3028 763 ).

567 801 672 860 Sed
699 802 952 875 quoniam
983 811 1040 860 et
1067 802 1154 860 isti
1183 802 1487 874 Apelletiani
1529 804 1706 860 carnis
1739 805 2084 875 ignominiam

499 896 842 967 praetendunt
885 897 1158 963 maxime,
1191 912 1352 967 quam
1411 897 1627 964 volunt,
1681 896 1750 951 ab
1797 899 1953 968 igneo
1999 897 2090 952 illo

495 989 727 1060 prmside
769 988 936 1056 mali,
967 988 1268 1044 sollicitatis
1311 988 1594 1044 animabus
1637 988 1967 1045 adstructam
1993 1030 2010 1058 ,
2037 1000 2094 1047 et

497 1081 700 1138 idcirco
731 1081 999 1152 indignam
1025 1079 1240 1137 Christo
1264 1123 1279 1149 ,
1305 1090 1360 1138 et
1391 1081 1590 1136 idcirco
1636 1080 1703 1136 de
1729 1081 1993 1139 sideribus
2018 1083 2091 1139 illi

492 1175 845 1234 substantiam
873 1178 1198 1246 competisse
1227 1215 1244 1242 ,
1273 1175 1443 1231 debeo
1471 1175 1591 1230 illos
1617 1175 1685 1232 de
1715 1191 1810 1231 sua
1843 1185 2092 1246 paratura

493 1279 865 1341 repercutere.
893 1269 1157 1341 Angelum
1187 1269 1472 1340 quemdam
1504 1269 1760 1341 inclytum
1789 1271 2091 1338 nominant,

492 1361 583 1433 qui
607 1361 865 1440 mundum
905 1359 1053 1416 hunc
1096 1360 1434 1426 instituerit,
1464 1369 1516 1426 et
1545 1361 1791 1416 instituto
1816 1376 1882 1417 eo
1915 1363 2088 1432 poeni-

486 1454 712 1513 tentiam
741 1455 1039 1512 admiserit.
1066 1454 1132 1510 Et
1160 1454 1262 1512 hoc
1283 1470 1382 1511 suo
1409 1454 1527 1511 loco
1557 1457 1926 1512 tractavimus.
1955 1456 2088 1512 Nam

483 1549 570 1606 est
595 1546 752 1605 nobis
780 1547 1024 1604 adversus
1066 1547 1185 1603 illos
1214 1547 1415 1603 libellus
1435 1588 1452 1616 ,
1491 1563 1561 1603 an
1588 1549 1677 1619 qui
1731 1547 1976 1618 spiritum
2034 1557 2090 1605 et

481 1642 812 1701 voluntatem
853 1650 910 1698 et
935 1643 1190 1697 virtutem
1218 1639 1418 1697 Christi
1447 1639 1696 1696 habuerit
1722 1641 1788 1696 ad
1812 1656 1876 1696 ea
1897 1655 2080 1712 opera,

479 1734 702 1808 dignum
724 1734 926 1806 aliquid
945 1734 1259 1806 pmnitentia
1281 1733 1489 1801 fecerit,
1512 1749 1632 1791 cum
1655 1735 1898 1806 angelum
1921 1735 2082 1791 etiam

2192 804 2370 862 locum
2397 818 2504 859 non
2533 803 2693 859 habet
2719 805 2819 860 nisi
2862 805 2915 860 in
2945 804 3144 862 delicto
3197 803 3254 863 Si
3280 807 3731 875 mundustle‘ictum

2193 912 2278 956 est
2301 942 2316 966 ,
2341 900 2463 972 quia
2495 914 2724 970 corpus,
2758 911 2812 955 et
2839 900 3082 956 membra
3121 900 3372 958 delictum
3397 946 3413 970 ,
3439 907 3531 961 erit
3557 910 3736 978 proinde

2193 1003 2249 1050 et
2291 995 2484 1050 cmlum
2510 1036 2524 1060 ,
2558 1003 2610 1048 et
2638 992 2881 1049 cmlestia
2934 1009 3058 1050 cum
3105 997 3261 1052 coelo.
3308 997 3364 1054 Si
3410 1001 3660 1070 cmicstia,
3695 1016 3734 1063 et

2193 1087 2454 1160 quidquid
2506 1088 2633 1145 inde
2684 1098 3005 1160 conceptum
3058 1091 3426 1164 prolatumquc
3479 1105 3588 1158 cst,
3628 1100 3732 1156 mala

2195 1181 2360 1237 arbor
2406 1181 2579 1236 malos
2625 1180 2835 1238 fructus
2878 1183 3004 1238 edat
3046 1198 3270 1244 necesse
3313 1194 3415 1243 est.
3458 1187 3582 1244 Caro
3611 1190 3732 1261 igitur

2194 1273 2395 1330 Christi
2438 1273 2508 1330 de
2544 1273 2856 1330 coelestibus
2901 1283 3104 1332 structa
3135 1317 3152 1343 ,
3199 1276 3268 1332 de
3312 1280 3506 1348 peccati
3544 1283 3730 1338 constitit

2193 1367 2477 1422 elementis
2496 1405 2513 1433 ,
2559 1367 2825 1436 peccatrix
2852 1365 2921 1421 de
2948 1368 3253 1437 pcccatorio
3279 1386 3460 1438 censu,
3492 1383 3540 1428 et
3563 1391 3639 1443 par
3655 1375 3729 1432 erit

2192 1459 2360 1530 ipsius
2387 1459 2702 1514 substantiae
2726 1500 2742 1526 ,
2777 1457 2829 1514 id
2855 1468 2957 1526 est,
2990 1468 3189 1516 nostra:
3213 1502 3230 1527 ,
3256 1478 3414 1534 quam
3439 1473 3491 1519 ut
3516 1467 3726 1534 peccatri-

2189 1567 2306 1608 cem
2347 1551 2591 1608 Christus
2638 1551 2959 1622 dedignatur
3000 1551 3245 1610 induere.
3293 1553 3368 1609 lta
3393 1596 3407 1620 ,
3445 1557 3488 1610 si
3530 1556 3642 1611 nihil
3679 1557 3728 1615 de

2189 1643 2478 1718 ignominia
2503 1644 2750 1711 interest,
2783 1652 2876 1699 aut
2897 1644 3054 1699 aliam
3087 1644 3320 1714 purioris
3345 1657 3479 1702 nota:
3507 1649 3725 1705 materiam

2185 1741 2490 1822 excogitent
2554 1735 2770 1794 Christo
2801 1779 2818 1804 ,
2872 1737 3065 1807 quibus
3113 1737 3364 1810 displicet
3415 1752 3618 1806 nosn-a,
3658 1749 3726 1798 aut

484 1827 556 1886 de
579 1828 746 1901 ligura
776 1827 1036 1894 erraticas
1064 1827 1180 1884 ovis
1225 1828 1668 1898 interpretentur.
1714 1826 1876 1884 Teste
1923 1829 2084 1900 igitur
2109 1836 2160 1898 Β
2187 1849 2308 1891 eam
2334 1841 2700 1906 cognoscant,
2724 1845 2828 1902 qua
2855 1833 3018 1889 etiam
3040 1833 3279 1892 caelestis
3306 1834 3492 1893 melior
3523 1849 3627 1892 esse
3645 1850 3723 1892 non

483 1921 801 1992 pmoitentia
844 1921 1173 1976 institutoris
1227 1919 1357 1986 sui,
1384 1919 1637 1976 delictum
1683 1920 1788 1975 erit
1826 1920 2080 1987 mundus,

477 2013 749 2087 siquidem
768 2013 946 2070 omnis
975 2013 1290 2085 pmnitentia
1315 2012 1586 2070 confessio
1610 2023 1690 2070 est
1721 2013 1923 2082 delicti,
1955 2014 2082 2086 quia

548 2129 633 2188 An
667 2130 804 2186 liber
828 2129 930 2186 iste
948 2171 964 2196 ,
983 2130 1238 2201 fadversus
1262 2129 1524 2201 Apellem,
1561 2145 1627 2184 an
1649 2129 1892 2201 adversus
1920 2128 2077 2201 ᾼρειο

478 2201 691 2257 lctianos
714 2201 933 2257 inscribi
962 2200 1176 2266 debeat,
1193 2198 1521 2271 aliquamdiu
1547 2216 1633 2255 me
1659 2200 1903 2256 dubitare
1927 2198 2073 2267 fecit,

517 2273 618 2328 uod
641 2272 781 2329 inter
805 2281 1036 2328 caeteros
1066 2273 1372 2331 haereticos.
1400 2271 1662 2326 adversus
1688 2285 1826 2341 quos
1859 2272 2078 2339 scripsit

477 2342 837 2400 'l‘ertullianus
858 2385 874 2411 ,
906 2352 1185 2400 enumeret
1213 2342 1457 2398 Vincent.
1487 2342 1757 2397 Lirinens.
1804 2343 2072 2410 Apellem,

475 2430 542 2470 ex
571 2429 677 2485 quo
705 2417 866 2470 etiam
885 2413 1266 2485 illaesitavimus
1293 2429 1420 2468 num
1451 2414 1634 2485 plures
1677 2423 1860 2485 essent
1909 2413 2074 2468 libelli

476 2485 546 2540 ab
569 2483 788 2541 auctore
831 2484 1092 2541 adversus
1139 2486 1313 2554 ipsum
1353 2494 1410 2538 et
1452 2484 1742 2552 discipulos
1786 2483 1904 2552 ejus
1943 2499 2072 2539 con-

479 2556 688 2627 scripti.
732 2554 933 2627 Verum
964 2598 978 2619 ,
1007 2571 1130 2627 cum
1175 2556 1334 2609 toties
1376 2554 1513 2610 facta
1560 2555 1761 2625 Apellis
1800 2559 2074 2627 mentione

477 2625 638 2696 atque
664 2627 863 2682 nullius
885 2625 1106 2681 alterius
1128 2665 1146 2692 ,
1173 2627 1377 2681 nullam
1406 2635 1586 2681 tamen
1618 2627 1736 2680 libri
1772 2626 2072 2695 cujuspiam

475 2697 736 2754 adversus
756 2697 1004 2754 eumdem
1046 2698 1373 2753 mentionem
1418 2705 1771 2766 praeterquam
1825 2699 1922 2751 hoc
1953 2697 2074 2754 loco

477 2767 658 2836 faciat,
690 2769 751 2824 fit
775 2768 904 2824 mihi
930 2767 1188 2824 credibile
1214 2810 1228 2833 ,
1251 2777 1306 2822 et
1335 2767 1551 2824 unicum
1592 2782 1712 2824 esse
1741 2768 1808 2824 ab
1835 2783 1902 2824 eo
1939 2783 2072 2823 con-

475 2841 757 2910 scriptum,
781 2848 836 2896 et
855 2840 1092 2894 adversus
1113 2839 1456 2910 Apelletianos
1478 2840 1813 2907 inscriptum.
1846 2838 2076 2896 Maxime

475 2908 599 2972 cum
633 2913 792 2968 etiam
831 2911 1174 2980 Apelletianos
1195 2910 1256 2982 B_.
1285 2908 1539 2982 Cyprian.
1575 2921 1846 2980 ItttﬂCupcl.
1873 2911 2078 2980 Apellis

475 2982 788 3054 discipulos,
809 2983 975 3054 Epist.
1004 2983 1096 3054 7?",
1124 2983 1192 3036 ad
1217 2980 1562 3054 lubuianum.
1581 2983 1738 3051 Atqui
1767 2983 2076 3054 obscuriora

474 3051 689 3124 quidem
720 3063 844 3109 sunt
857 3051 1028 3109 verba
1046 3051 1363 3109 Tertulliani
1387 3053 1496 3122 jam
1519 3052 1700 3116 citata,
1727 3053 1820 3107 sed
1848 3053 1948 3106 hoc
1970 3054 2074 3107 sibi

2188 1930 2378 2001 potuit.

2180 2127 2332 2183 Har.
2353 2127 2444 2193 23,
2470 2126 2532 2182 Β.
2562 2125 2776 2193 lsidon,
2801 2125 2896 2183 lib.
2924 2127 3044 2182 adv.
3076 2127 3269 2192 Hora,
3297 2127 3539 2184 Rabantts
3563 2137 3716 2192 noster,

2180 2199 2243 2254 B.
2280 2199 2547 2255 Honorius
2587 2210 2639 2252 et
2681 2198 2981 2270 Gratianus
3015 2202 3067 2254 in
3120 2199 3598 2270 Catalogishmret.
3641 2200 3718 2255 lloc

2181 2271 2452 2340 peculiare
2491 2269 2738 2337 auctori,
2781 2271 2922 2340 quod
2953 2269 3022 2326 de
3073 2269 3384 2340 pmuitentia
3421 2272 3578 2340 angeli
3600 2269 3717 2326 Crea-

2180 2342 2314 2398 toris
2330 2341 2442 2412 jam
2477 2341 2677 2413 dictum
2717 2351 2802 2396 est
2825 2357 2857 2413 ;_
2869 2342 3032 2413 sicuti
3058 2351 3111 2395 et
3160 2342 3290 2397 illud
3327 2385 3342 2406 ,
3373 2341 3507 2413 quod
3549 2344 3715 2412 ﬁguram

2177 2409 2424 2468 erraticar.
2462 2412 2579 2466 ovis
2623 2409 2791 2482 (Luc,
2839 2411 2959 2482 XV)
3005 2411 3074 2467 de
3119 2413 3210 2468 illo
3254 2409 3712 2482 itrterpretati'sint;

2177 2484 2330 2609 quasi
2355 2483 2606 2554 gaudium
2632 2482 2794 2538 fuerit
2837 2482 2890 2538 in
2936 2482 3077 2564 coelo
3131 2484 3272 2566 apud
3319 2486 3526 2556 angelos
3567 2484 3639 2537 Dei
3668 2482 3716 2536 de

2178 2556 2272 2609 tlo
2301 2571 2407 2609 uno
2449 2563 2734 2609 peccatore
2775 2553 2841 2608 ad
2890 2564 3258 2609 nmnttenttam
3289 2570 3556 2609 converso.
3590 2554 3714 2609 Onam

2178 2553 2272 2610 illo
2301 2553 2407 2609 uno
2449 2563 2734 2622 peccatore
2775 2553 2841 2608 ad
2890 2554 3258 2620 pmnitentiam
3289 2553 3556 2612 con'rerso.
3590 2554 3714 2621 Quam

2176 2636 2363 2680 contra
2407 2625 2595 2680 maluit
2643 2634 2832 2680 auctor
2874 2625 3216 2694 interpretari
3267 2625 3340 2682 de
3386 2627 3714 2693 hutninelapso

2178 2707 2232 2752 et
2261 2713 2356 2766 pcr
2385 2697 2654 2766 Christum
2694 2694 2954 2766 requisito
2984 2739 2997 2762 ,
3027 2696 3182 2751 sicuti
3213 2696 3376 2752 etiam
3433 2699 3516 2752 alii
3559 2706 3714 2749 veteres

2175 2765 2384 2825 omnes.
2436 2765 2708 2839 Hactenus
2751 2765 2819 2822 de
2863 2768 2929 2823 iis
2975 2783 3096 2839 qua:
3142 2769 3210 2823 ad
3241 2769 3561 2825 intellectum
3598 2766 3714 2835 hujus

2181 2839 2463 2910 fragmenti
2489 2838 2708 2892 faciunt.

2251 2905 2385 2978 Quia
2418 2924 2547 2965 vero
2568 2909 2911 2978 promisimus
2952 2909 3213 2980 integram
3261 2925 3366 2967 nos
3389 2909 3634 2966 histoﬁam
3650 2905 3714 2980 hic

2179 2975 2419 3038 edituros
2448 2982 2516 3035 dc
2559 2975 2744 3049 Apelle
2787 2990 2843 3035 et
2878 2980 2996 3049 ejus
3042 2975 3340 3039 Ifmresihus
3365 3025 3380 3047 ,
3424 2983 3643 3038 faciemus
3675 2975 3713 3031 id

2178 3069 2337 3125 quam
2380 3051 2720 3125 paucissimis
2747 3050 2953 3125 licebit.
3001 3051 3224 3125 Apcll€s_
3256 3054 3437 3125 itaque
3483 3051 3713 3125 discipulus

474 3123 586 3206 vult
613 3141 628 3179 :
659 3127 1045 3220 Argumentum
1085 3123 1210 3220 libri
1230 3124 1489 3220 adveesus.
1518 3124 1884 3220 Apellctiattos
1909 3125 2074 3193 potis—
2101 3157 2146 3220 Ο
2179 3124 2482 3220 Marcianis,
2512 3123 2584 3178 ιιιί
2609 3123 2791 3220 zeriii‘s
2818 3133 3009 3220 augt‘or
3042 3133 3164 3220 tllltll'
3195 3123 3326 3206 dicti
3355 3123 3461 3220 lib.
3484 3125 3542 3207 de
3568 3123 3710 3220 Press.

475 3195 670 3251 simum
723 3196 887 3251 fuisse
917 3213 930 3249 :
961 3210 1030 3250 an
1058 3195 1280 3265 angelus
1299 3237 1315 3263 ,
1361 3195 1454 3265 ille
1479 3196 1664 3265 igneus
1694 3195 1819 3249 mali
1848 3210 2068 3264 praeses,

476 3210 670 3251 simum
723 3210 887 3251 tuisse
917 3213 930 3249 :
961 3210 1030 3250 an
1058 3210 1086 3247 a
1164 3210 1280 3250 etus
1299 3237 1315 3263 ,
1361 3210 1452 3249 ute
1479 3210 1664 3265 Igneus
1694 3210 1819 3249 matt
1848 3210 2068 3264 praeses,

476 3265 568 3339 qui
595 3274 651 3339 et
679 3267 934 3339 mundum
965 3210 1299 3339 huncnﬁuxta
1327 3264 1469 3336 illos)
1493 3266 1816 3339 instituerat,
1846 3275 1900 3339 et
1925 3266 2074 3321 solli-

476 3331 654 3392 citatis
681 3336 965 3394 animabus
991 3331 1208 3392 carnEm
1232 3331 1594 3400 adstruxcrat,
1625 3335 1691 3391 ad
1717 3337 1858 3406 quod
1893 3345 2071 3394 tamen

475 3408 722 3478 spiritum
749 3417 808 3464 et
831 3409 1161 3479 voluntatem
1187 3418 1242 3464 et
1271 3410 1518 3478 virtutem
1558 3407 1756 3479 Christi
1789 3407 2068 3474 habuerit;

474 3479 692 3550 dignum
745 3480 943 3550 aliquid
983 3478 1304 3550 poenitentia
1336 3479 1536 3550 fecerit.
1592 3478 1786 3548 Utpote
1812 3479 1901 3550 qui
1925 3480 2072 3536 dice-

473 3549 595 3606 rent
623 3550 820 3632 ,“sict-tti
838 3549 850 3550 ί
871 3549 1062 3632 legitur
1085 3592 1102 3616 ,
1132 3551 1224 3632 I_i_l_t.
1251 3552 1315 3606 de
1357 3549 1663 3632 Ριγεςςινὶριἒ
1702 3549 1843 3632 udo.
1865 3551 2066 3632 Ιιιετειτ,

474 3635 598 3690 cap.
625 3622 717 3686 51,
753 3621 1057 3678 Haeres.”
1101 3621 1292 3676 :lllum
1342 3623 1540 3676 mundo
1583 3621 1824 3676 inferiori
1871 3622 2070 3688 permi-

474 3691 682 3764 scuisse
711 3694 1076 3764 patuitcntiam
1108 3731 1124 3757 ,
1154 3693 1277 3762 quia
1324 3709 1428 3764 non
1481 3692 1654 3764 illum
1681 3701 1785 3745 tam
1831 3690 2070 3764 perfecte

473 3760 728 3834 fecisset,
764 3779 922 3833 quam
953 3760 1202 3834 superior
1247 3763 1483 3834 mundus
1535 3762 1810 3834 institutus
1836 3760 2064 3818 fuisset.

474 3833 628 3905 Quod
657 3835 832 3905 ipsum
884 3833 1096 3904 interim
1144 3833 1366 3905 pulchre
1403 3843 1588 3890 contra
1623 3833 1742 3889 illos
1768 3843 2064 3903 retorquet,

472 3903 584 3977 illic
632 3903 720 3962 ubi
777 3907 1013 3974 loquitur
1062 3924 1076 3962 :
1128 3903 1196 3962 de
1236 3920 1331 3961 sua
1385 3915 1634 3977 paratum
1675 3905 2064 3977 repercutiens.

472 3973 670 4049 Verum
701 3973 1032 4048 quod’vocat
1063 3980 1202 4042 hunc
1229 3973 1474 4049 angelum
1505 3977 1628 4032 tnali
1659 3973 2067 4049 pricsidenysic

470 4048 964 4172 exElieatEpiph.,
1017 4049 1160 4105 liter.
1213 4047 1323 4117 44,
1377 4066 1444 4106 ex
1495 4047 1771 4131 sententia
1812 4047 2062 4119 Apellis:

476 4135 496 4168 ι
581 4130 715 4172 vasrt
755 4131 935 4172 autem
987 4136 1092 4172 non
1122 4121 1333 4172 bonus.
1380 4129 1436 4172 et
1471 4137 1591 4172 una:
1643 4121 1711 4172 ab
1761 4135 1876 4172 tnso
1925 4118 2062 4172 facto

476 4135 496 4168 ι
531 4118 715 4173 Evasit
755 4118 935 4190 autem
987 4136 1092 4174 non
1122 4121 1333 4190 bonus,
1380 4129 1436 4176 et
1471 4137 1591 4190 qua:
1643 4121 1711 4176 ab
1761 4118 1876 4190 ipso
1925 4118 2066 4190 facto

470 4195 616 4254 sunt,
643 4205 749 4246 non
770 4189 904 4246 bene
926 4190 1066 4246 facta
1083 4200 1226 4256 sunt,
1244 4189 1342 4246 sed
1363 4189 1658 4247 secundum
1683 4189 1875 4245 malam
1901 4189 2066 4259 ipsius

471 4269 707 4331 mentem
747 4261 815 4315 ab
843 4262 960 4331 ipso
997 4271 1176 4317 creata
1202 4269 1346 4316 sunt.
1379 4280 1398 4314 ›
1444 4261 1518 4316 De
1545 4261 1847 4331 sollicitatis
1883 4270 2062 4331 autem

468 4329 752 4404 animabus
795 4329 878 4388 ab‘
908 4333 1180 4404 igneoiillo
1230 4331 1333 4404 deo
1383 4331 1574 4404 angelo
1617 4329 1764 4404 jusga
1794 4329 2057 4404 Apellem,

472 4401 593 4474 vide
617 4418 775 4474 supra
797 4445 811 4468 ,
850 4400 982 4460 tum.
1011 4403 1082 4458 Ill
1100 4446 1115 4468 ,
1149 4404 1242 4459 lib.
1269 4403 1333 4457 de
1360 4400 1564 4468 Aniina,
1585 4400 1645 4457 'c'.
1672 4402 1745 4456 25
1768 4412 1815 4456 et
1849 4400 1940 4466 36,
1971 4401 2061 4457 tibi

468 4472 615 4528 addit
657 4472 723 4529 ex
763 4478 1108 4548 consequenti
1156 4484 1342 4530 auctor
1373 4474 1724 4548 constituisse
1773 4488 1907 4548 eum
1936 4483 2062 4548 ante

467 4559 634 4616 (ξοΓΡο

2177 3196 2296 3249 adu.
2331 3195 2495 3262 Ηωιση
2528 3210 2576 3250 c.
2609 3194 2661 3259 6,
2703 3194 2773 3249 30
2804 3209 2867 3248 ac
2891 3195 2951 3249 51
2983 3236 2998 3260 ,
3047 3196 3228 3265 lapsus
3257 3197 3312 3250 in
3358 3193 3715 3265 fmminam.de_-

2177 3278 2350 3342 sertor
2373 3260 2720 3342 continentiae
2739 3260 3137 3342 marcionensis
3155 3266 3340 3338 (quam
3366 3269 3453 3342 ille
3465 3260 3712 3342 simulabat)

2175 3337 2242 3390 ab
2289 3338 2458 3392 oculis
2512 3336 2750 3406 magistri
2798 3335 3474 3394 Alexandriam’sccessit.
3533 3335 3712 3406 Indeﬁiu

2173 3408 2394 3462 alteram
2455 3403 2726 3462 fmtninam
2771 3408 3040 3481 impegit,
3091 3406 3234 3481 illam
3273 3409 3533 3481 ivirginem
3578 3403 3714 3481 Philit-

2173 3493 2394 3553 menen,
2416 3487 2747 3553 posteavero
2769 3474 3006 3553 immane
3027 3474 3415 3553 prostibulam';
3437 3479 3574 3553 cujus
3590 3474 3713 3553 signis

2173 3559 2227 3621 et
2249 3547 2504 3620 prodigiis
2525 3547 2793 3621 inductus,
2821 3549 3011 3603 librum
3035 3549 3221 3615 edidit,
3246 3567 3409 3621 quem
3437 3547 3712 3603 Phariam}

2175 3617 2504 3698 Philumena
2517 3619 2815 3698 _i_nscripsit
2837 3661 2850 3684 ,
2888 3634 3045 3698 quam
3071 3621 3223 3690 quasi
3251 3617 3714 3698 prophetissam-scf

2171 3685 2456 3762 quebatur.
2517 3685 2725 3761 Neque'
2748 3705 2879 3746 vero
2905 3685 2919 3690 ’
2939 3685 3184 3762 desertor
3237 3685 3530 3756 dumtaxat,
3569 3685 3645 3743 sed
3675 3694 3712 3739 et

2171 3761 2487 3818 emendator
2509 3762 2814 3828 Marcionis,
2841 3776 2910 3816 'ac
2948 3761 3242 3831 discipulus
3264 3777 3424 3831 supra
3456 3762 3712 3831 magistrpm

2170 3835 2468 3905 appellatur
2497 3833 2566 3888 ab
2606 3843 2848 3898 auctore,
2877 3833 2976 3905 lib.
3007 3829 3103 3897 IV,
3139 3835 3280 3905 adv-
3309 3829 3473 3889 ﬂare.
3498 3829 3661 3905 ,_c._I7
3698 3842 3709 3878 :

2172 3901 2346 3977 neque
2388 3919 2519 3977 vero
2558 3906 2611 3959 in
2661 3905 2765 3959 hoc
2809 3903 2982 3977 solum
3028 3904 3198 3972 quod,
3249 3908 3325 3960 uti
3368 3901 3713 3977 illic_dixi_nius,

2171 3971 2336 4032 unum
2387 3976 2550 4031 Deum
2583 3977 2916 4046 superiorem
2957 3971 3195 4041 faceret,
3225 3977 3453 4033 alterum
3480 3973 3712 4046 Dominum

2168 4048 2330 4115 dicat,
2361 4047 2456 4104 sed
2483 4040 2728 4116 angelum
2756 4045 2948 4112 faciat,
2975 4060 3164 4100 verum
3185 4040 3247 4102 et
3274 4049 3328 4101 in
3358 4046 3564 4115 reliquis
3589 4040 3711 4112 paqu

2169 4121 2318 4190 prius
2338 4117 2954 4190 recensitisrbzeresibus,
2979 4130 3111 4190 quas
3127 4117 3380 4190 seductus
3399 4134 3428 4172 a
3449 4117 3712 4190 Philomelae

2168 4179 2336 4247 novas
2359 4189 2587 4246 induxit.
2618 4189 2678 4244 In
2700 4189 2804 4242 hoc
2825 4179 2956 4242 nihil
2980 4179 3234 4243 differens
3257 4205 3287 4243 a
3314 4189 3588 4252 Marcione,
3604 4179 3712 4252 quod

2166 4271 2218 4316 et
2260 4263 2427 4317 Deum
2471 4260 2640 4330 Moysi
2687 4270 2742 4316 et
2771 4260 2958 4330 legem
3011 4273 3075 4313 ac
3117 4259 3408 4330 prophetas
3449 4254 3709 4328 repudiarit,

2165 4333 2321 4387 sicuti
2345 4333 2439 4387 lib.
2467 4333 2530 4385 de
2555 4329 2862 4401 Prwscript.
2890 4330 3142 4395 habetur,
3166 4329 3331 4386 c.51.
3367 4330 3440 4387 De
3463 4330 3712 4385 animarum

2165 4404 2402 4458 solarum
2446 4403 2617 4458 salute
2645 4417 2709 4456 ac
2738 4409 2926 4470 negata
2971 4401 3368 4457 resurrectione
3403 4401 3568 4460 carnis
3587 4407 3711 4470 quam

2166 4473 2302 4529 adeo
2322 4473 2599 4546 impugnat
2619 4462 2927 4528 auctorvlib.
2955 4470 3254 4546 deflerim.
3276 4489 3446 4546 carm,
3465 4473 3578 4526 item
3601 4462 3712 4536 quod

638 4560 697 4602 ra
721 4548 926 4603 animas
945 4542 1143 4604 'viriles
1186 4563 1248 4602 ac
1279 4546 1588 4601 muliebres.
1636 4544 1711 4599 De
1748 4543 1948 4600 mundo
1991 4543 2058 4600 ab
2083 4550 2136 4611 D
2164 4546 2282 4601 solo
2307 4542 2568 4611 Apustolo
2591 4554 2850 4608 uteretur,
2877 4542 2972 4598 sed
3003 4542 3364 4609 Marcionis,id
3389 4555 3468 4598 est
3485 4546 3708 4611 non‘totq.

465 4603 859 4683 ἱΙΙοἸιιειίιιιιο,
893 4603 1082 4675 ιίιιζάε
1113 4618 1410 4686 Ρνίεδσνὶρι.
1456 4615 1573 4670 adv.
1623 4613 1762 4687 liter.
1786 4657 1809 4687 ,7
1845 4630 1956 4683 cap.
1987 4615 2056 4670 54
2083 4603 2127 4611 ”
2163 4617 2239 4672 De
2267 4603 2460 4687 quibus
2499 4611 2765 4687 plerisque
2792 4603 2973 4670 videre
2989 4615 3150 4687 etiam
3181 4623 3263 4687 est
3293 4603 3509 4687 Ερίριι⁸2
3541 4603 3709 4666 Theoti-

463 4695 518 4741 ct
544 4687 636 4754 51,
658 4687 804 4746 Hzer.
839 4689 925 4746 l9.
970 4690 1047 4745 De
1074 4703 1236 4744 carne
1263 4685 1494 4742 hominis
1521 4685 1745 4755 proinde
1769 4686 1836 4740 ab
1865 4687 2054 4741 eodem

462 4767 732 4816 exstructa
755 4803 769 4827 ,
817 4775 868 4816 c.
897 4761 931 4816 8
960 4802 974 4826 ,
1002 4759 1096 4814 lib.
1129 4759 1192 4813 de
1216 4757 1382 4812 Carne
1411 4759 1594 4812 Christi
1619 4799 1633 4823 ,
1683 4773 1751 4813 ex
1794 4772 1900 4826 quo
1940 4756 2057 4812 hzec

463 4830 623 4903 gerba
653 4831 1094 4903 desumptasunt
1114 4872 1129 4896 ,
1166 4837 1222 4884 et
1255 4828 1347 4884 lib.
1379 4827 1678 4903 deReeurr.
1704 4828 1839 4903 (.‘arn
1871 4871 1885 4894 ,
1915 4843 1962 4884 c.
1997 4829 2052 4885 5.

466 4899 764 4972 Deillltristi
795 4899 1026 4972 denique
1055 4915 1235 4972 carne,
1277 4917 1385 4956 non
1411 4902 1478 4956 ab
1517 4901 1610 4956 illo
1635 4901 1824 4971 angelo
1848 4909 2049 4965 creata,
2073 4899 2082 4908 ‘

460 4971 555 5026 sed
581 4988 649 5027 ex
679 4971 989 5028 coelestibus
1034 4971 1300 5029 sideribus
1325 4981 1526 5028 structa
1551 5014 1567 5038 ,
1598 4981 1783 5027 contra
1804 4972 2050 5041 Apellem

458 5041 567 5098 late
597 5045 832 5112 disputat
855 5051 1045 5098 auctor
1091 5042 1218 5098 dicti
1247 5043 1337 5098 lib.
1355 5045 1423 5098 'de
1443 5043 1608 5100 Carne
1633 5044 1818 5099 Christi
1844 5084 1859 5110 ,
1901 5058 1949 5096 c.
1991 5042 2046 5098 6.

455 5113 739 5188 Consentit
773 5115 840 5188 _in
885 5115 968 5169 his
997 5115 1240 5172 omnibus
1288 5115 1649 5188 Epiphanius,
1697 5123 2051 5185 praeterquam

456 5185 599 5258 quod
629 5183 936 5241 inferiorem
968 5187 1126 5242 deum
1154 5183 1426 5258 nuncupet
1445 5230 1458 5255 ,
1488 5202 1645 5258 quem
1673 5183 1858 5258 auctor
1888 5199 2052 5255 ange-

455 5254 573 5313 lum
632 5257 876 5328 igneum;
922 5254 1351 5338 quetn‘interitn
1411 5254 1709 5332 agnoscunt
1778 5257 1837 5311 Β.
1887 5254 2049 5328 Aug,

2159 4699 2214 4743 et
2244 4685 2511 4759 Damasc.’
2538 4686 2648 4743 Sed
2682 4685 2796 4740 hoc
2839 4685 3047 4759 auctori
3072 4685 3339 4759 peculiare
3377 4685 3406 4759 ες
3421 4685 3580 4739 Habet
3603 4692 3709 4759 pra}-

2163 4768 2304 4815 tcrea
2354 4756 2520 4813 libros
2558 4772 2858 4829 suosrquos
2890 4756 3160 4829 inscripsit
3201 4756 3646 4829 Syllogirmorupt,
3669 4756 3710 4800 in

2159 4830 2351 4902 quibus
2372 4829 2602 4902 probare
2632 4822 2762 4902 vult'.
2797 4827 2936 4896 quod
2961 4822 3144 4902 omnia
3165 4822 3709 4902 quz'ecuinque_ﬂoy§es

2157 4891 2224 4957 de
2258 4891 2700 4970 Deo'scripserit,
2735 4891 2857 4954 vera
2892 4913 2998 4954 non
3025 4899 3131 4952 sint
3156 4891 3292 4970 {sed
3321 4891 3454 4952 falsa
3480 4891 3710 4970 sitit.QW

2157 4971 2216 5026 fit
2261 4980 2319 5026 ut
2355 4971 2423 5027 de
2459 4961 2525 5027 iis
2560 4961 2702 5027 aliud
2741 4969 2870 5025 nihil
2917 4961 3278 5024 adnotandum
3322 4978 3579 5025 occurrat.
3622 4961 3710 5016 Hoc

2155 5057 2318 5097 unum
2341 5042 2589 5113 adjiciam
2616 5085 2630 5108 ,
2661 5057 2766 5096 non
2798 5044 2992 5113 mirum
3033 5054 3154 5096 esse
3185 5041 3243 5113 si
3282 5051 3471 5113 auctor
3492 5037 3708 5113 adversus

2156 5105 2504 5184 Apellelianos
2547 5105 2827 5184 scripserit
2856 5112 3003 5184 quod
3015 5111 3440 5184 _sa:pedicto_lib.
3465 5111 3526 5163 de
3542 5105 3704 5184 Ρτανρε.

2149 5180 2267 5240 adv.
2292 5186 2442 5252 ham,
2467 5189 2590 5256 cap.’
2613 5180 2701 5250 30,
2727 5180 2916 5239 atterat
2942 5180 3118 5256 adhuc
3147 5180 3476 5254 superfuisse
3500 5180 3708 5251 proprios

2151 5257 2422 5316 discentes
2442 5265 2498 5314 et
2517 5253 2862 5312 successores
2880 5253 3103 5326 Apellis.

1455 5370 1524 5427 X.
1550 5369 1736 5428 LIBRI
1773 5369 1861 5427 DE
1892 5368 2236 5429 PARADISO
2264 5367 2768 5438 ARGUMENTUM,

1421 5473 1424 5476 λ
1613 5504 1702 5550 sx
1738 5504 1864 5548 LIB.
1905 5503 1991 5548 ns
2028 5502 2230 5550 ANIHA
2259 5484 2280 5564 (
2307 5503 2443 5566 cap.
2466 5481 2548 5547 55
2578 5483 2625 5566 ).

515 5606 624 5666 Sed
662 5608 714 5666 in
763 5609 967 5672 :ctbere
994 5614 1250 5672 habitatio
1279 5620 1489 5682 nostra,
1520 5622 1627 5669 etc.
1659 5611 1790 5680 lmo,
1825 5613 2029 5685 inquis,

445 5700 500 5762 in
526 5703 792 5779 paradiso,
822 5721 928 5780 quo
946 5706 1054 5782 jam
1085 5718 1210 5767 tunc
1233 5715 1289 5765 et
1313 5705 1627 5781 patriarchae
1652 5714 1708 5762 et
1729 5706 2026 5778 prophetae,

2139 5610 2462 5684 appendices
2492 5607 2784 5666 Dominicze
2812 5605 3242 5672 resurrectionis,
3288 5603 3354 5661 ab
3393 5601 3577 5660 inferis
3612 5591 3698 5653 ml-

2139 5702 2424 5778 graverint.
2465 5702 2532 5761 Et
2555 5700 2825 5775 quomodo
2843 5699 3033 5758 Joanni
3062 5697 3114 5753 in
3143 5695 3355 5768 spiritu,
3383 5689 3607 5768 paradisi
3627 5699 3703 5750 re-
