3940 6288
439 262 576 323 1131

1890 254 2274 318 TERTULLIA
2284 256 2352 317 Nl

3597 256 3735 320 1152

439 381 593 437 toris.
620 379 718 437 Cui
754 376 960 436 duobus
1007 373 1368 435 voluminibus
1419 373 1698 449 respoadit
1746 376 2025 449 Apollina-
2052 384 2104 443 Α
2133 377 2633 452 repromissionibus
2674 377 2805 436 nihil
2837 386 3106 437 lenonum
3133 376 3219 436 Vel
3244 376 3611 436 transitorium
3643 395 3738 436 ex-

438 486 574 530 I'IUS.

508 564 721 636 Papias,
766 561 941 636 inquit
971 560 1114 620 idem
1141 559 1308 619 Catal.
1341 563 1533 636 Script.
1568 560 1793 632 Eccles.,
1835 563 2030 620 dicitur

433 657 584 714 mille
619 671 882 712 annorum
917 654 1188 727 judeicam
1228 645 1472 711 edidisse
1519 660 1815 728 δευτέρωσιν,
1868 671 2027 727 quem

432 748 607 807 secuti
634 756 760 804 sunt
797 748 1034 805 lremeus
1071 756 1129 805 et
1172 746 1533 819 Apollinarius
1584 760 1640 805 et
1691 748 1894 816 caeteri,
1939 750 2029 821 qui

429 850 556 916 post
583 842 1034 900 resurrectionem
1055 841 1207 897 aiunt
1233 842 1287 897 in
1315 852 1477 899 carne
1505 841 1557 898 in
1588 843 1788 898 sanctis
1842 841 2026 899 Domi-

428 938 561 996 nu'm
591 946 956 1010 regnaturum.
975 935 1338 993 Tertullianus
1360 950 1573 1008 quoque
1599 936 1648 991 in
1678 935 1817 992 libro
1839 952 1907 992 DE
1932 952 2026 994 sps

429 1043 703 1098 amemus,
752 1038 806 1086 et
837 1029 1142 1085 Victorinus
1171 1028 1597 1086 Pictabionensis
1626 1038 1681 1085 et
1721 1030 2030 1088 Lactantius

366 1152 379 1163 ο
430 1123 534 1180 hac
558 1121 811 1193 Opinione
837 1119 1120 1177 ducuntur.

496 1213 556 1272 In
594 1214 824 1282 divinis,
870 1215 1044 1285 inquit
1086 1213 1332 1271 Gennad.
1378 1214 1474 1271 lib.
1518 1216 1581 1272 de
1607 1214 1849 1288 Dogmat.
1883 1216 2031 1276 Eccl.

425 1308 567 1369 inter
586 1323 750 1382 opera
770 1307 831 1365 B.
856 1307 1161 1380 Augustini,
1189 1306 1255 1363 ad
1277 1308 1527 1366 eumdem
1554 1309 1747 1366 librum
1768 1310 2031 1377 allndens,

501 1428 777 1500 Hactenus
804 1427 958 1499 plura
989 1424 1305 1500 testimonia
1349 1422 1416 1479 de
1445 1432 1772 1500 argumento
1810 1425 1924 1480 libri
1958 1424 2022 1500 de

423 1501 533 1573 Spe
556 1496 846 1573 Fideliumj,
876 1496 1105 1570 quorum
1126 1505 1473 1573 postremum
1497 1496 1557 1552 ea
1579 1497 1923 1573 potissimum
1954 1496 2023 1551 de

424 1566 616 1630 caussa
654 1566 977 1642 adjecimus,
988 1566 1151 1642 quod
1168 1569 1362 1642 cuique
1387 1568 1593 1642 auctori
1624 1582 1715 1642 sua
1749 1566 2019 1642 paradoxa

422 1644 699 1711 attribuat,
720 1638 831 1710 qua
855 1641 913 1695 B.
935 1638 1087 1697 Hier.
1120 1638 1292 1708 prima
1316 1638 1450 1711 lacic
1476 1638 1725 1694 omnibus
1750 1641 1799 1692 in
1823 1652 2019 1711 genere

419 1710 979 1783 videturimpingere:
1008 1723 1329 1780 quamquam
1359 1710 1570 1764 interim
1591 1713 1706 1779 ipse
1732 1710 2018 1783 opiniones

419 1786 674 1857 appellet,
699 1781 803 1839 non
825 1781 1192 1857 haereseis‘aut
1216 1781 1794 1857 erroreskrcvcrentim
1821 1784 2012 1857 gratia;

418 1851 627 1926 in'quo
670 1856 820 1910 illum
872 1855 1032 1926 etiam
1078 1852 1317 1926 imitatus
1343 1851 1781 1926 est_(_}ennadius.
1819 1852 2015 1926 Verum

418 1928 487 1984 de
513 1922 737 1983 aliorum
770 1924 1057 1988 sententia,
1106 1937 1173 1978 ne
1198 1922 1289 1976 hic
1339 1923 1656 1992 prolixiores
1698 1924 1897 1985 simus,
1937 1922 2014 1977 uti

419 1998 489 2054 de
518 1998 867 2069 responsione
894 1995 960 2051 ad
993 1995 1171 2051 omnia
1212 1993 1531 2069 Tertulliani
1574 2010 1691 2069 quae
1721 2010 1787 2049 ex
1828 1994 2012 2062 Scrip-

420 2070 556 2125 turis
584 2066 704 2125 loco
743 2069 845 2124 hoc
875 2069 1004 2124 citat
1042 2071 1352 2136 argumenta
1372 2108 1387 2130 ,
1421 2066 1599 2121 videat
1628 2067 1799 2122 lector
1831 2075 2013 2119 nostra

417 2141 803 2210 Prolcgomena
833 2141 971 2194 inter
1002 2136 1451 2210 Paradoxa._llic_
1471 2137 1744 2210 dumtaxat
1775 2136 2013 2191 dicemus

417 2205 592 2267 videri
615 2212 771 2266 nobis
800 2210 1117 2267 sententiam
1142 2205 1455 2262 Tertulliani
1482 2223 1601 2263 esse
1623 2208 1889 2262 mitiorem
1924 2221 2009 2262 re-

417 2282 578 2353 liquis
603 2324 618 2350 ,
664 2296 855 2350 nempe
896 2295 1015 2336 eam
1045 2280 1112 2353 de
1134 2291 1256 2353 qua
1291 2279 1476 2353 scribit
1505 2279 1563 2334 B.
1600 2281 1767 2353 Aug,
1785 2279 1878 2333 lib.
1910 2276 2011 2332 XX

420 2349 489 2409 de
525 2354 675 2411 Civil.
725 2349 856 2418 Dei,
885 2352 1093 2423 cap.r7.
1134 2349 1259 2423 ilmc
1282 2351 1464 2423 opinio
1503 2349 1876 2423 essetmutiqtte
1926 2357 2011 2402 to-

416 2424 675 2490 lerabilis,
704 2425 746 2479 si
772 2418 969 2494 aliqum
995 2418 1527 2494 delicize‘spiritalcs,
1562 2421 1613 2494 in
1644 2418 1735 2474 illo
1761 2419 2005 2494 sabbato,

415 2495 624 2551 scilicet
650 2496 797 2549 mille
821 2489 1099 2552 annorum,
1126 2489 1391 2561 adiutum
1429 2492 1630 2546 sanctis
1672 2505 1768 2561 per
1798 2490 2009 2544 homini

456 2567 758 2621 racscntiam
778 2564 1139 2619 crederentur.
1177 2577 1194 2612 ε
1218 2554 1353 2615 Nam
1376 2562 1535 2617 etiam
1559 2554 1874 2631 nosiinquit
1900 2561 2009 2627 ille,

456 2580 758 2621 raescnttam
778 2580 1139 2619 crederentur.
1177 2580 1194 2612 ι
1224 2580 1353 2615 nam
1376 2580 1535 2617 etlam
1559 2580 1677 2623 nos,
1702 2580 1874 2631 tnqutt
1900 2580 2008 2627 me,

416 2580 522 2691 Bac
548 2635 832 2707 aliquando
863 2636 1057 2690 fuimus
1077 2631 1297 2707 opinati.
1331 2651 1351 2707 ρ
1388 2633 1565 2707 lisque
1592 2631 1725 2707 adeo
1747 2643 1807 2707 ut
1831 2633 2008 2707 potius

415 2701 747 2762 Tcrlnlliano
792 2713 1062 2776 competat
1106 2702 1156 2759 id
1203 2702 1344 2770 quod
1389 2702 1698 2776 Gennadius
1746 2701 2010 2776 Melitanis

415 2777 624 2849 tribuit,
656 2778 797 2849 quod
831 2774 1115 2849 terrenum
1127 2774 1584 2849 rcgttumUChristi
1610 2774 2010 2849 Speravcrit,‘_et

415 2791 624 2846 trmutt,
656 2791 797 2849 quoa
831 2791 1100 2834 terrenum
1127 2791 1353 2843 regnum
1380 2791 1584 2829 unnsu
1610 2791 1863 2845 speravcr
1887 2791 1926 2839 ι,
1955 2791 2010 2827 et

412 2848 759 2919 descripserit
803 2847 938 2903 libro
984 2847 1048 2901 de
1078 2845 1186 2915 Spe
1211 2841 1492 2919 Fideliunt,
1540 2861 1698 2917 qnam
1745 2791 1888 2916 quod
1932 2844 2010 2899 illi

412 2918 656 2990 impingit
698 2919 768 2975 de
810 2920 931 2975 cibo
958 2928 1012 2974 et
1051 2927 1215 2989 potu;
1267 2933 1372 2990 quo
1416 2918 1611 2973 factum
1660 2919 2010 2990 tortasseLttt

410 2985 525 3062 prae
566 2985 686 3047 aliis
730 2985 1432 3062 Melitoncm'commendet
1477 2998 1662 3044 auctor
1705 2988 1855 3043 libris
1903 2985 2007 3040 illis

2047 1749 2094 1807 B

2132 480 2457 544 spectamus,
2503 472 2641 529 sicut
2668 470 2904 530 Melitani
2952 480 3173 545 sperant
3216 490 3229 527 :
3270 487 3376 529 non
3428 472 3736 543 nuptiarum

2132 566 2399 638 copulam,
2433 569 2572 623 sicut
2614 562 2902 624 Cerintlms
2954 574 3010 624 et
3052 565 3262 623 Marcus
3313 564 3579 630 delirant;
3629 580 3735 623 non

2133 657 2277 731 quod
2298 656 2365 714 ad
2392 658 2573 715 cibum
2617 659 2706 716 vel
2755 658 2822 716 ad
2870 667 3050 728 potum
3079 659 3337 732 pertinet,
3369 658 3509 713 sicut
3557 657 3741 728 Papias,

2130 752 2364 819 auctori,
2407 752 2674 822 lrenaeus,
2719 764 2772 809 et
2802 751 3189 819 Tertullianus,
3222 763 3275 809 et
3302 751 3617 809 Lactantius
3644 751 3740 807 ad-

2132 846 2413 919 quiescunt
2441 863 2455 901 :
2489 862 2666 918 neque
2693 861 2789 919 per
2813 847 2959 904 mille
2984 862 3155 904 annos
3205 857 3325 916 post
3379 844 3739 903 resurrectio-

2132 956 2255 997 nem
2281 953 2504 1012 regnum
2531 939 2729 996 Christi
2759 941 2812 997 in
2842 949 2984 998 terra
3016 938 3279 1006 futurum,
3303 947 3358 996 et
3378 947 3596 995 sanctos
3618 953 3739 994 cum

2133 1031 2228 1088 illo
2256 1031 2310 1087 in
2341 1031 2549 1089 deliciis
2577 1042 2893 1104 regnaturus
2932 1048 3233 1104 speramus,
3267 1031 3409 1088 sicut
3439 1029 3623 1102 Nepos
3645 1029 3739 1085 do-

2096 1112 2099 1119 ’
2135 1125 2263 1190 cuit,
2298 1125 2388 1196 qui
2418 1126 2642 1196 primam
2661 1125 2929 1196 justorum
2980 1125 3432 1185 resurrectionem
3463 1129 3521 1181 ct
3549 1137 3738 1181 secun-

2135 1216 2261 1275 dam
2286 1217 2577 1290 impiorum
2605 1218 2893 1276 conﬁnxit.

2127 1421 2287 1478 etiam
2331 1417 2569 1478 Montani
2608 1417 2773 1476 fuisse
2802 1417 2906 1475 hoc
2948 1414 3254 1488 paradoxon
3287 1418 3403 1489 ipse
3446 1416 3530 1474 his
3559 1416 3735 1476 verbis

2128 1493 2269 1550 dicto
2306 1494 2429 1549 loco
2455 1491 2720 1563 signiﬁcet
2753 1507 2766 1544 :
2806 1507 2830 1563 ε
2860 1491 3022 1555 Hanc,
3050 1502 3179 1558 etc.,
3207 1498 3261 1546 et
3284 1490 3373 1559 qui
3400 1490 3543 1560 apud
3578 1489 3734 1563 (idem

2126 1574 2365 1620 nostram
2394 1573 2478 1620 est
2499 1561 2649 1618 neve:
2680 1561 2977 1633 prephetiac
3004 1573 3184 1617 sermo
3202 1569 3459 1633 AteStatur,
3495 1562 3735 1617 utetiam

2126 1636 2367 1707 effigiem,
2389 1634 2655 1707 civitatis,
2680 1631 2813 1689 ante
2843 1631 3376 1707 reprtesentationem
3406 1635 3526 1707 ejus
3548 1674 3567 1699 ,
3613 1648 3738 1707 con-

2125 1701 2329 1779 Spectui
2350 1705 2649 1779 futuramin
2662 1707 2873 1779 signum
2901 1704 3223 1774 praedicarit.
3239 1721 3259 1756 ι
3300 1701 3736 1779 _Verba_au_cm_r_is

2123 1775 2315 1849 quibus
2364 1777 2510 1849 quod
2547 1776 2657 1849 dixi
2706 1778 3091 1849 conlirmatur_,
3139 1785 3264 1849 sunt
3307 1775 3359 1829 in
3406 1775 3607 1849 primis
3638 1775 3734 1849 illa

2126 1843 2287 1920 supra
2314 1843 2475 1904 citata
2505 1867 2517 1901 :
2542 1866 2561 1899 ‹
2600 1846 2674 1903 De
2704 1843 3275 1920 restittttioncludtezp,
3300 1843 3581 1920 quomodo
3603 1846 3731 1920 alle-

2158 1917 2299 1976 orica
2332 1920 2706 1990 interpretatio
2733 1920 2784 1972 in
2816 1917 3086 1973 Christum
3112 1926 3166 1971 et
3198 1917 3520 1990 Ecclesium,
3556 1929 3615 1972 et
3645 1918 3729 1971 ha-

2158 1936 2299 1976 ortca
2332 1936 2705 1990 interpretattn
2734 1936 2784 1972 tn
2816 1936 3086 1973 blll’lSlllm
3112 1936 3166 1971 et
3198 1936 3520 1983 tacetesram,
3556 1936 3615 1972 et
3645 1936 3729 1971 ua-

2120 1936 2288 2047 gitum
2315 2001 2366 2047 et
2391 1990 2622 2046 fructum
2663 1989 2780 2057 cjtts
2824 1995 3125 2059 competat;
3158 1996 3212 2043 et
3241 1987 3459 2059 longum
3492 1999 3581 2043 est
3618 2004 3732 2059 per~

2130 2065 2317 2134 sequi,
2347 2071 2455 2117 etc.
2489 2079 2505 2113 ι
2541 2060 2597 2117 Si
2618 2061 2761 2134 enim
2780 2061 3089 2134 allegorica,
3113 2074 3241 2134 ergo
3266 2075 3371 2134 non
3405 2059 3731 2134 l_it_eralis,gct

2119 2130 2343 2202 proinde
2370 2147 2650 2204 perperam
2680 2132 2751 2186 illi
2777 2130 3101 2204 impingeret
3122 2132 3241 2200 quis
3259 2131 3431 2204 _(quod
3437 2130 3729 2204 ancrin-

2123 2200 2269 2260 thum
2305 2200 2483 2274 magis
2519 2204 2779 2274 competit
2809 2200 2867 2274 et,
2899 2200 3227 2271 Di'mmritas,
3250 2200 3401 2273 juxta
3435 2200 3726 2273 Epiphan.)

2117 2273 2558 2330 instaurationem
2591 2273 2811 2341 templi,
2848 2273 3144 2328 hostiarum
3172 2274 3489 2342 sanguinem
3512 2316 3527 2337 ,
3562 2274 3725 2329 etiam

2116 2348 2322 2401 sahhati
2356 2356 2409 2401 ct
2449 2346 2879 2402 circumcisionis
2921 2343 3194 2414 injuriam.
3249 2344 3452 2399 Eodem
3496 2347 3725 2414 pertinet

2116 2420 2258 2543 gum!
2290 2418 2445 2489 paulo
2459 2416 3200 2488 postcodemlocosubjungit
3226 2432 3240 2469 :
3272 2434 3290 2467 ι
3330 2415 3482 2471 Hanc
3511 2416 3725 2487 (nempe

2152 2490 2416 2543 t-rusalcni
2467 2490 2734 2543 civitatem
2785 2488 2925 2543 caelo
2972 2486 3228 2543 delataml
3273 2485 3543 2543 dicimus.
3581 2488 3722 2543 exei-

2152 2485 2416 2543 t-rusalcni
2461 2485 2734 2544 'ciritatem
2785 2488 2925 2544 coelo
2972 2485 3228 2553 delatam)
3273 2485 3543 2553 dicimus,
3581 2485 3722 2544 exei-

2118 2561 2325 2685 Biendis
2352 2560 2751 2633 resurrectione
2784 2558 2984 2614 sanctis
3004 2600 3018 2625 ,
3062 2566 3116 2613 et
3145 2557 3453 2614 refovendis
3483 2560 3720 2614 nnmium

2156 2632 2408 2685 onerum.
2439 2633 2622 2685 utinue
2669 2630 3046 2685 sniritualium.
3079 2630 3265 2685 conia.
3311 2629 3364 2684 in
3398 2640 3720 2685 cemncnsa-

2156 2629 2408 2697 onerum,
2439 2633 2622 2702 utique
2669 2630 3046 2702 spiritualium,
3079 2630 3266 2702 copia,
3311 2629 3364 2684 in
3398 2640 3721 2702 cempcnsag

2117 2703 2318 2758 tionem
2360 2700 2549 2758 eorum
2603 2718 2722 2773 qua:
2771 2703 2820 2755 in
2868 2700 3196 2773 smculouvel
3240 2701 3720 2773 despeximusch

2113 2774 2413 2840 amisimus,
2439 2789 2467 2829 a
2502 2770 3000 2843 Deo'prospcctam.
3041 2788 3059 2823 ι
3088 2770 3245 2838 Nam,
3277 2772 3319 2826 si
3342 2770 3718 2842 ’Spirituali‘utn

2114 2844 2376 2899 bonorum
2424 2845 2612 2915 cepia,
2665 2857 2793 2914 ergo
2837 2857 2942 2897 non
2990 2844 3402 2915 temporalium.
3436 2860 3603 2915 quam
3635 2844 3720 2898 alii

2113 2918 2406 2971 somniant.
2457 2914 2516 2970 In
2563 2915 2663 2969 hoc
2714 2915 2928 2969 inv-rint
2974 2928 3096 2969 cmn
3143 2914 3263 2968 aliis
3309 2914 3401 2970 ille
3452 2916 3720 2969 ennsetttit

2114 2986 2460 3061 (quamquam
2487 2987 2652 3042 etiam
2676 2986 3114 3061 erronec),q_uod
3138 2983 3487 3061 conﬁteatur,
3512 2988 3566 3040 in
3584 2996 3719 3061 terra

414 3056 515 3132 pro
544 3062 795 3117 Montano
824 3063 1036 3132 scriptis
1056 3103 1071 3129 ,
1100 3076 1327 3130 quorum
1360 3060 1657 3126 fragmenta
1686 3068 2003 3127 sequuntur,
2036 3062 2081 3125 C
2115 3056 2332 3128 quidem
2364 3073 2588 3130 regnum
2611 3057 2765 3114 nobis
2788 3058 3197 3128 repromissum,
3227 3056 3319 3113 sed
3349 3066 3481 3114 ante
3501 3059 3715 3115 cretum.

409 3134 560 3204 juxta
591 3132 735 3205 quod
774 3134 845 3190 ibi
871 3148 938 3190 ex
977 3133 1036 3187 Β.
1069 3133 1291 3191 Hieron.
1330 3132 1622 3196 citahitur;
1672 3139 1861 3201 utpote
1888 3143 2011 3183 cum

1550 3237 1925 3296 LIBRORUM
1952 3232 2091 3294 SEX
2130 3234 2219 3292 DE
2261 3233 2543 3293 ECSTASI

1279 3375 1547 3434 MENTIO,
1585 3373 1671 3418 EX
1698 3370 1760 3417 Β.
1808 3372 1986 3416 ῙΠΕΕ.
2030 3368 2256 3417 CATAL.
2305 3368 2550 3416 SCRIPT.
2582 3366 2859 3426 ECCLES.‘

1183 3485 1247 3544 et
1280 3474 1665 3561 Nicephoro,
1696 3480 1809 3543 lib.
1843 3476 1928 3543 ιν
1953 3475 2120 3542 Hist.
2150 3478 2407 3552 ecclcs.,
2431 3493 2572 3557 cap.
2595 3476 2678 3537 22
2710 3494 2787 3542 ac
2813 3475 2913 3538 3b.

486 3650 614 3720 llic,
646 3615 828 3721 inquit.
844 3648 903 3706 Β.
937 3648 1159 3707 Hieron.
1189 3648 1257 3706 de
1289 3646 1642 3717 Tertulliano,
1673 3659 1726 3704 et
1757 3648 1886 3718 ipsis
1916 3649 2005 3704 iis-
2109 3642 2174 3700 de
2199 3642 2451 3714 Jejuniis,
2485 3645 2548 3700 de
2574 3642 2939 3717 Monogamia,
2974 3652 3042 3700 os
3070 3642 3290 3701 Ecsrasr
3320 3643 3480 3703 libro:
3502 3662 3615 3704 rex.

414 3743 536 3802 dem
567 3743 744 3799 verbis
767 3738 1103 3814 Nicephorus
1121 3784 1135 3809 ,
1164 3755 1285 3797 cum
1317 3754 1486 3812 usque
1512 3740 1577 3795 ad
1605 3740 1834 3794 mediam
1880 3750 2006 3795 ana-

413 3842 520 3893 tem
552 3835 835 3908 presbyter
861 3833 1118 3891 Ecclesiae
1148 3832 1556 3904 permansisset,
1593 3832 1790 3887 invidia
1824 3842 2006 3904 postea

329 3944 349 3966 ε
413 3939 468 3987 et
493 3929 832 3987 contumeliis
852 3928 1175 3986 clericorum
1198 3943 1434 3984 romanae
1456 3926 1734 3997 Ecclesiae,
1767 3926 1834 3982 ad
1858 3924 2009 3983 Mon-

414 4024 524 4079 tani
553 4023 747 4093 dogma
774 4022 1047 4094 delapsus,
1071 4023 1124 4078 in
1151 4023 1334 4079 multis
1357 4023 1510 4079 libris
1534 4037 1687 4079 nova:
1714 4022 2010 4093 prophetia:

415 4113 692 4180 meminit;
737 4115 1041 4185 specialiter
1081 4125 1259 4171 autem
1301 4115 1562 4170 adversus
1593 4114 1890 4171 Ecclesiam
1923 4123 2007 4171 tc-

413 4205 529 4265 xuit
558 4205 855 4274 volumina,
885 4206 948 4261 de
981 4203 1256 4275 Pudicitia,
1281 4205 1345 4261 de
1374 4204 1528 4277 Fuga
1557 4204 1609 4260 in
1642 4207 2006 4277 persecutione,

486 4366 756 4422 Hactenus
786 4362 895 4419 ille.
941 4361 1178 4431 Quorum
1217 4376 1285 4434 ex
1314 4361 1604 4434 posteriori
1630 4361 1750 4417 loco
1780 4372 2000 4433 apparet

2186 3736 2575 3802 Tertullianus,
2611 3738 2787 3807 inquit
2811 3736 2950 3793 idem
2970 3779 2984 3806 ,
3014 3751 3108 3793 sex
3148 3737 3513 3795 voluminibus
3539 3737 3717 3796 adver-

2113 3844 2204 3885 sus
2231 3829 2527 3885 Ecclesiam
2556 3829 2734 3895 editis,
2761 3842 2881 3899 qum
2909 3829 3124 3901 scripsit
3144 3833 3253 3902 περὶ
3273 3823 3581 3898 ἐκστάσεως,
3613 3839 3714 3889 etc.

2187 3921 2473 3991 Melilonis,
2506 3922 2677 3994 inquit
2706 3920 2845 3978 idem
2879 3922 2930 3977 in
2978 3920 3257 3991 Melitone,
3288 3924 3509 3995 elegans
3536 3932 3593 3981 et
3622 3925 3716 3981 dc-

2113 4016 2487 4073 clamatorium
2539 4015 2843 4088 ingenium,
2878 4014 3104 4072 laudans
3134 4013 3504 4073 Tertullianus
3536 4018 3591 4074 in
3627 4016 3717 4074 Li~

2113 4112 2224 4169 bris
2268 4108 2356 4166 \‘Il
2403 4109 2661 4166 adversus
2690 4109 2982 4166 Ecclesiam
3011 4126 3108 4181 pro
3135 4109 3408 4182 Montano,
3438 4108 3571 4168 dicit
3593 4126 3716 4169 eum

2110 4224 2138 4262 a
2171 4203 2444 4278 plerisque
2474 4212 2784 4260 nostrorum
2816 4202 3141 4283 prephetam
3174 4204 3371 4275 putari.

2109 4364 2330 4428 hrclttr,
2354 4376 2478 4436 non!
2510 4368 2686 4417 tamen
2728 4360 3080 4436 extinguitur,
3125 4363 3229 4420 nisi
3267 4363 3413 4436 quod
3438 4372 3496 4421 et
3540 4366 3714 4436 ipsum

412 4453 585 4511 grtece
628 4437 804 4511 potius
827 4430 1182 4511 quamlatine
1211 4430 1503 4511 ltos:li_bros
1531 4430 1699 4511 fuisse
1727 4430 2001 4511 cotiscrip-
2031 4434 2085 4495 D
2114 4444 2287 4506 potest
2314 4433 2479 4511 videri
2498 4447 2703 4511 _vacare
2745 4430 2902 4511 tunc;
2947 4434 3192 4511 Ecstasin
3232 4430 3418 4511 autem
3449 4430 3719 4511 hoc'quo-

414 4504 517 4577 ἷοε,
540 4504 696 4565 sicuti
727 4504 966 4563 dicemus
997 4507 1049 4562 in
1081 4505 1324 4577 sequenti
1357 4504 1654 4577 fragmento
1680 4504 1857 4577 latius.

479 4572 588 4637 Nos
605 4572 2003 4648 antem,promissisutstemus,quid_Eestasisauctori,

409 4651 609 4723 quidve
622 4650 751 4723 aliis
780 4645 1131 4723 scriptoribus
1157 4645 1393 4723 antiquis
1419 4645 1798 4723 ecclesiaSticis
1823 4688 1836 4711 ,
1857 4662 2003 4723 pau-

412 4714 492 4779 cis
515 4714 941 4791 subiungendum
982 4717 1251 4791 duximus.
1274 4714 1525 4791 D_eiinitio
1553 4718 1610 4791 in
1629 4731 1827 4791 genere
1856 4714 2005 4775 inve-

414 4796 560 4851 nitur
589 4785 683 4847 lib.
705 4785 767 4846 tle
792 4790 997 4855 Anima,
1029 4803 1079 4841 c.
1107 4787 1200 4843 45.
1236 4803 1255 4838 α
1289 4785 1535 4844 Ecstasin
1563 4785 1792 4843 dieimus
1818 4804 2007 4846 exces-

415 4878 534 4921 sum
566 4877 757 4919 sensus
784 4870 838 4915 et
875 4857 1136 4930 amentiae
1160 4858 1346 4913 instar.
1391 4856 1490 4930 §ic
1533 4868 1586 4930 et
1629 4857 1679 4930 in
1715 4860 2007 4930 primordio

412 4949 634 4992 somnus
657 4946 781 4988 cum
807 4928 1003 4986 ecstasi
1036 4926 1311 4984 dedicatus
1338 4948 1353 4985 :
1383 4927 1451 4982 Et
1472 4929 1605 4985 misit
1633 4926 1769 4986 Dens
1789 4934 2007 4987 ecstasin

412 5007 466 5060 in
493 5006 658 5060 Adam
686 5001 841 5072 (Gen.
861 5040 877 5065 ,
916 4998 986 5067 ll,
1012 4998 1132 5071 2i),
1160 5009 1209 5054 et
1231 5000 1556 5060 obdormivit.
1595 5002 1830 5058 Somnus
1863 5006 2005 5059 cnim

412 5075 629 5148 corpori
655 5074 899 5148 provenit
925 5075 978 5127 in
1008 5077 1285 5148 quiete_m_,
1311 5073 1750 5148 ecstasisAanima:
1778 5077 2012 5131 accessit

412 5143 994 5216 adversusqnietem;
1067 5151 1122 5199 ct
1178 5143 1303 5200 inde
1348 5143 1699 5216 jamdforma
1759 5161 2008 5202 somnum

416 5218 609 5276 ecstasi
637 5215 923 5289 miscens.)
971 5214 1034 5270 Et
1049 5215 1204 5289 paulo
1218 5214 1376 5287 post:
1413 5236 1432 5268 ε
1469 5214 1691 5289 Ilicet-it
1712 5220 2010 5289 proprietas

408 5289 660 5346 amentiae
684 5284 864 5355 huius,
884 5288 1005 5357 quia
1029 5284 1133 5342 non
1153 5284 1295 5343 lit'ex
1316 5287 1619 5357 corruptela
1642 5284 1798 5344 bonae
1815 5284 2010 5344 valetu-

408 5360 570 5428 dinis,
597 5358 693 5414 sed
723 5373 789 5414 ex
818 5366 1020 5414 ratione
1051 5368 1286 5425 naturae;
1320 5374 1427 5414 non
1466 5359 1608 5415 enim
1647 5361 2007 5428 exterminat,

405 5435 502 5490 sed
526 5437 715 5488 avocat
732 5439 985 5485 mentem.
1004 5429 1161 5486 Aliud
1179 5439 1582 5498 estconcuterc,
1604 5430 1747 5486 aliud
1768 5446 2006 5499 movere,

400 5504 551 5560 aliud
569 5511 833 5568 evertere,
856 5500 996 5557 aliud
1016 5504 1239 5572 agitare.
1260 5500 1427 5572 igitur
1446 5501 1586 5571 quod
1606 5503 1863 5558 memoria
1880 5518 2010 5572 sup-

407 5579 559 5645 pctit,
593 5575 794 5631 sanitas
826 5575 1019 5630 mentis
1045 5585 1160 5640 est;
1206 5573 1348 5645 quod
1380 5574 1582 5628 sanitas
1598 5572 1800 5645 mentis
1820 5615 1834 5638 ,
1865 5575 2009 5629 salva

405 5644 663 5704 memoria
682 5688 696 5712 ,
728 5654 937 5716 stupet,
985 5644 1235 5700 amentiae
1263 5660 1434 5716 genus
1463 5654 1564 5699 est.
1594 5644 1716 5700 ldco
1744 5660 1848 5699 non
1876 5644 2010 5700 dici-

398 5733 520 5774 mur
551 5720 765 5785 l'urere,
812 5718 906 5771 sed
947 5718 1260 5779 somniare;
1317 5717 1438 5770 ideo
1487 5725 1540 5769 ct
1591 5716 1908 5784 prudentes,
1962 5716 2011 5772 si

396 5790 613 5864 quando
656 5803 879 5860 sumus;
926 5800 1121 5863 sapere
1160 5788 1304 5846 enim
1350 5796 1630 5856 nosuum,
1664 5786 1787 5844 licet
1814 5787 2004 5845 obum-

2110 4504 2212 4578 qne
2243 4505 2452 4579 operari
2479 4504 2546 4560 de
2572 4519 2672 4559 suo
2706 4505 3027 4579 proprio,_ut
3053 4508 3131 4563 sic
3157 4506 3313 4562 nobis
3330 4504 3717 4579 imagines—sa-

2112 4576 2325 4647 pientiue
2354 4577 2548 4630 inferat
2567 4618 2579 4639 ,
2609 4576 3060 4647 quemadmodmn
3089 4588 3142 4634 et
3171 4578 3391 4634 erroris.
3432 4576 3470 4631 ι’
3489 4579 3717 4638 Brevior

2112 4665 2240 4703 vero
2280 4659 2337 4720 _ct
2372 4647 2611 4720 instituto
2658 4648 2893 4720 auctoris
2939 4649 3110 4720 magis
3154 4648 3448 4705 conformis
3492 4659 3578 4706 est
3624 4650 3715 4707 illa

2110 4736 2229 4791 Qttzt)
2279 4718 2506 4792 habetur
2554 4718 2791 4792 ejusdem
2842 4719 2934 4792 lib.
2988 4718 3109 4792 cap.
3151 4723 3209 4787 2,
3259 4720 3349 4776 ubi
3392 4721 3464 4778 de
3516 4722 3714 4781 eodem

2111 4788 2341 4864 Artamo~
2366 4788 2657 4864 loquitur;
2697 4809 2716 4841 ‹
2751 4788 2996 4864 Cecidit,
3037 4788 3246 4863 inquit,
3288 4795 3520 4864 eestasis
3545 4808 3716 4864 super

2113 4856 2769 4934 illum,_Sancti_Spiritns_
2796 4861 2897 4928 vis,
2940 4856 3209 4934 operatrix
3250 4856 3569 4934 prophetiae,
3610 4856 3723 4931 ἴθι,

2111 4931 2397 5019 rapam},
2432 4949 2450 4984 ι
2486 4931 2542 5019 In
2571 4933 2718 5019 illum
2749 4932 2895 5019 pensi
2916 4931 3205 5019 amentiam
3223 4931 3494 5019 immisit,
3542 4934 3712 5019 Spiri:

2113 5004 2272 5058 talem
2305 5003 2407 5058 vim
2437 5018 2538 5073 qua
2562 5012 2773 5077 constat
2811 5005 3110 5077 prophetia.
3145 5024 3165 5056 ι
3210 5007 3369 5077 Atqui
3399 5007 3544 5076 prius
3576 5003 3717 5064 illud

2111 5086 2358 5149 ecstaseos
2382 5090 2552 5149 genus
2576 5076 2754 5146 aliquo
2776 5074 2938 5131 modo
2967 5077 3018 5129 in
3043 5077 3250 5132 Adamn
3268 5074 3488 5149 agnosci
3512 5077 3715 5148 petuit,

2113 5146 2511 5219 posteriushuc
2551 5161 2655 5201 non
2702 5149 2870 5219 item;
2918 5155 3102 5219 utpote
3138 5148 3280 5218 quod
3309 5146 3616 5219 'pertinere
3645 5150 3714 5205 vi-

2112 5218 2299 5272 deatur
2327 5216 2392 5272 ad
2422 5216 2692 5285 Montani,
2736 5217 2935 5273 Priscae
2977 5216 3039 5275 ac
3065 5216 3370 5273 lliaititnilltir
3399 5218 3713 5276 enthusias-

2112 5305 2230 5345 mos
2269 5287 2738 5357 comprobandos:
2785 5304 2921 5359 quos
2966 5290 3019 5343 in
3051 5292 3234 5344 ενι-ειαεὶ
3257 5300 3313 5346 et
3359 5299 3421 5346 ut
3465 5300 3715 5348 amentes

2113 5361 2257 5432 loqui
2286 5360 2465 5416 solere
2487 5359 2881 5433 conﬁtebantur
2910 5362 3145 5431 ipsorum
3176 5362 3445 5433 discipuli,
3481 5374 3536 5418 et
3568 5363 3717 5418 inter

2111 5431 2206 5487 eos
2231 5441 2350 5504 post
2378 5431 2606 5504 mediam
2635 5442 2846 5504 aetatem
2877 5433 2993 5504 ipse
3017 5431 3403 5504 'l‘ertullianus.
3436 5433 3552 5489 [luc
3580 5449 3713 5504 per-

2113 5500 2244 5558 tinet
2294 5502 2420 5558 illud
2461 5500 2528 5574 de
2561 5502 2741 5558 Prisca
2779 5513 2876 5574 aut
2900 5500 3194 5559 Maximilla
3234 5503 3478 5574 ejusdem
3520 5500 3619 5561 lib.
3647 5504 3716 5561 de

2112 5576 2317 5642 Anima,
2366 5589 2416 5629 c.
2462 5573 2534 5629 9:
2582 5592 2601 5626 ‹
2638 5576 2731 5629 Est
2778 5573 2939 5631 hodie
2985 5590 3141 5630 soror
3183 5573 3320 5645 apud
3365 5588 3468 5632 nos
3493 5576 3713 5634 revela-

2114 5646 2313 5702 tionum
2337 5646 2660 5701 charismata
2681 5648 2890 5713 sortita,
2917 5660 3049 5718 quas
3078 5648 3129 5702 in
3159 5646 3385 5702 ecclesia
3404 5686 3420 5713 ,
3439 5648 3585 5705 inter
3608 5647 3717 5704 do-

2114 5718 2308 5772 minica
2334 5718 2614 5782 solemnia,
2635 5732 2728 5788 per
2741 5719 2957 5773 ecstasin
2983 5718 3037 5772 in
3060 5719 3249 5788 spiritu
3276 5719 3499 5788 patitur.
3531 5738 3552 5773 ι
3588 5718 3719 5783 Hoc;

2112 5798 2196 5845 est
2231 5787 2374 5847 enim
2413 5788 2556 5865 quod
2595 5784 2700 5848 sibi
2739 5790 2852 5849 vult
2881 5788 2973 5849 lib.
3007 5784 3236 5849 IV'ade.
3267 5784 3467 5868 llam,
3499 5805 3550 5853 ο.
3590 5789 3715 5867 33.
