3940 6288
365 285 504 343 1153

1776 287 2235 348 TERTULLIANI

3522 296 3675 358 1156

365 395 467 455 bus
495 399 745 471 receptis,
793 370 1014 470 aliisque
1042 410 1161 470 qua:
1188 396 1271 454 vel
1301 396 1516 470 scriptis
1555 400 1638 455 vel
1667 399 1784 457 sine
1823 402 1957 457 scri-
1985 404 2036 466 Α
2061 413 2207 461 certe
2235 410 2287 460 et
2318 402 2676 474 pulcherrima
2717 402 3002 484 ediderunt
3029 404 3248 479 scripta,
3285 420 3406 480 quas
3453 408 3677 480 sigilla-

366 492 474 563 ptis
503 507 530 545 a
559 489 852 562 majo'ribus
880 490 1232 561 accepissent,
1264 490 1316 545 in
1345 489 1529 547 literas
1559 491 1760 559 relatis,
1792 492 1959 549 libros

367 580 624 652 plurimos
675 581 972 653 posteritati
1024 583 1373 653 reliquerunt.
1432 583 1644 652 Quibus
1685 584 1848 642 Caius
1905 595 1960 643 ct

366 673 728 731 Tertullianus
757 674 950 732 merito
992 685 1116 730 sunt
1145 673 1565 744 adnumerandi,
1596 677 1683 747 qui
1727 676 1958 747 plurima

441 790 712 862 Hactenus
737 790 835 847 illi.
863 792 931 847 Et
958 807 1084 848 vero
1106 794 1307 848 utinam
1335 799 1570 848 exstaret
1592 788 1759 845 Index
1788 788 1963 862 Septi-

364 863 455 916 mii
496 861 820 933 Tertulliani,
852 863 1004 933 cujus
1035 879 1196 933 supra
1245 864 1306 919 lit
1333 862 1536 919 mentio
1567 863 1619 916 in
1650 861 1961 932 fragmento

364 933 485 989 libri
514 934 579 988 de
625 931 853 989 Vestibus
878 931 1091 989 Aaron!
1108 931 1221 989 non
1264 934 1483 990 dubium
1513 934 1639 1002 quin
1671 931 1958 988 multorum

367 1014 627 1075 praeterea
681 1005 1002 1071 scriptorum
1060 1005 1177 1075 ejus
1226 1005 1381 1060 fieret
1437 1006 1659 1059 mentio.
1705 1007 1784 1058 An
1830 1021 1960 1061 vero

368 1074 525 1145 plura
551 1074 826 1146 scripserit
855 1074 1113 1132 adversus
1132 1075 1437 1141 haareticos,
1456 1075 1703 1146 dubitare
1718 1091 1806 1130 me
1835 1076 1961 1131 fecit

363 1145 674 1216 aliquando,
697 1146 839 1216 quod
863 1146 933 1202 de
962 1162 1028 1201 eo
1054 1148 1241 1202 scribit
1271 1145 1582 1203 Vincentius
1617 1147 1914 1201 Lirinensis
1942 1165 1973 1213 ε,

372 1237 392 1269 ι
403 1215 591 1290 Sciunt
604 1215 909 1290 Marciana,
919 1218 1142 1287 Apelles,
1153 1218 1389 1285 Praxew,
1400 1216 1799 1290 Hermogenes,1
1808 1219 1963 1284 udtei,

368 1288 612 1355 Gentiles,
644 1285 893 1360 Gnostiri,
922 1285 1211 1360 caeterique
1231 1303 1456 1357 quorum
1484 1290 1572 1343 ille
1594 1285 1966 1360 'blaSphemias

366 1360 550 1414 multis
577 1372 642 1413 ac.
670 1359 881 1429 magnis
908 1361 1236 1416 voluminum
1265 1375 1483 1416 suorum
1520 1359 1771 1427 molibus,
1817 1359 1966 1414 velut

366 1428 685 1500 quibusdam
740 1428 1052 1486 fulminibus
1095 1432 1304 1487 evertit.
1340 1450 1359 1483 ι
1413 1429 1635 1495 Verum,
1680 1446 1799 1484 cum
1844 1430 1963 1484 ani-

364 1498 629 1555 madverti
680 1500 910 1556 omissos
959 1502 1029 1556 ibi
1091 1502 1480 1557 Valentinianos
1531 1512 1577 1555 et
1636 1500 1961 1568 Quintiliani,

364 1572 609 1644 aliosque
634 1586 859 1644 numero
882 1571 977 1639 25,
1006 1588 1233 1644 quorum
1263 1574 1562 1644 catalogum
1595 1582 1839 1644 recenset
1868 1573 1959 1627 lib.

364 1619 435 1695 Et};
447 1619 758 1713 insessi:
767 1619 1132 1712 ’ἁᾶυἷῖιέεἶῖιῖξ
1147 1619 1936 1714 ‘52.}i‘2‘5'1’t's'aigia'iis};
1946 1619 1961 1706 ξ
1993 1619 2041 1677 Β

363 1724 563 1783 easque
603 1714 862 1785 adversus
890 1720 1022 1784 ques
1052 1716 1267 1785 scripsit
1302 1715 1421 1769 libri
1450 1714 1514 1785 de
1544 1714 1730 1767 Anima
1759 1724 1961 1785 partem

365 1785 737 1853 posteriorem,
772 1783 1039 1840 Sinmnem
1067 1783 1405 1849 Santaritam,
1437 1784 1818 1855 Carpocratem,
1848 1783 1964 1837 Me-

364 1855 624 1909 nandrum
653 1864 708 1911 et
747 1854 902 1923 alios,
937 1871 1248 1925 persuasum
1297 1857 1469 1911 habeo
1500 1857 1631 1910 nihil
1662 1855 1766 1910 tale
1808 1855 1966 1909 hodie

364 1924 679 1999 desiderari.
698 1926 878 1994 Quare
896 1924 952 1983 et
978 1927 1039 1983 Β.
1060 1928 1306 1999 Optatum
1326 1927 1521 1982 Milevit
1535 1968 1571 1995 .,
1593 1926 1687 1999 lib.
1719 1926 1745 1999 lg
1763 1926 1962 1980 advers.

364 1995 793 2070 Parmcnianinn,
812 1995 1122 2070 corruptum
1146 2013 1266 2055 esse
1290 1999 1561 2063 exiStimo,
1586 1998 1712 2052 dum
1733 1997 1963 2070 legitur:

370 2086 391 2118 ι
419 2066 632 2134 Marcio,
694 2068 945 2136 Praxeas,
977 2066 1258 2126 'Sabellius
1306 2079 1359 2124 et
1406 2070 1584 2125 cmteri
1632 2068 1966 2138 temporibus

2003 521 2023 545 ο
2063 496 2157 552 ιὶιιι
2181 510 2464 553 recensere
2493 497 2774 567 praesentis
2803 497 3029 554 instituti
3058 514 3165 554 non
3195 510 3295 557 est.
3321 500 3552 573 Scripsit
3570 517 3676 558 au-

2062 596 2172 645 tem
2197 588 2259 642 de
2289 585 2569 657 Pudicitia,
2592 597 2724 659 ctc.,
2752 599 2806 646 et
2835 589 3016 661 plures
3044 590 3199 648 alios.

2063 790 2185 865 aliis
2207 791 2574 865 adsertoribus
2603 790 2857 865 Ecclesia:
2885 793 3163 850 catholicae
3189 795 3422 865 superati
3452 804 3601 851 sunt.
3646 814 3668 848 ι

2066 862 2322 936 δαιυειιίιιε
2349 864 2489 920 enim
2516 863 2684 918 multo
2710 874 2829 936 post
2852 875 3091 936 tempore
3120 862 3347 922 htcrésin
3376 882 3526 921 suam
3554 883 3676 923 cm-

2064 935 2161 1005 pit,
2189 936 2504 991 intermedio
2530 950 2722 1005 nempe
2749 935 2887 991 inter
2902 935 3226 992 Novatianos
3264 945 3318 992 et
3341 937 3671 1005 Donatistas,

2063 1006 2206 1073 quod
2238 1008 2315 1061 vel
2357 1022 2422 1061 ex
2453 1016 2613 1078 mtate
2647 1006 2880 1078 Dionysii
2927 1007 3274 1063 Alexandrini
3323 1009 3667 1066 manifestum

2065 1078 2149 1152 fit,
2176 1078 2265 1147 qui
2296 1079 2498 1146 primus
2527 1077 2794 1152 adversus
2834 1077 3125 1152 Sabellium
3165 1078 3403 1152 scripsit,
3456 1080 3673 1152 8.153(-

2072 1150 2263 1222 priano
2283 1161 2609 1222 comtaneus,
2638 1148 2731 1222 sed
2764 1149 2960 1222 iunior,
2995 1153 3166 1218 Atque
3191 1148 3326 1222 adeo
3352 1160 3443 1222 aut
3476 1148 3673 1222 aliquis

2070 1220 2207 1274 alius
2252 1219 2535 1276 haereticus
2576 1221 2629 1274 in
2678 1220 2856 1292 locum
2905 1219 3046 1292 rjus_
3066 1220 3304 1292 suppleri
3339 1219 3675 1292 debebant

2070 1299 2217 1346 certe
2242 1292 2582 1371 castigandus
2615 1292 2685 1346 sit
2711 1291 2972 1371 0ptatus_,
3019 1290 3277 1355 Praxeas,
3310 1291 3669 1371 Sgbellianus,

2070 1377 2136 1417 eo
2165 1362 2306 1431 quod
2334 1362 2598 1417 Sabellius
2621 1376 2739 1416 eam
2768 1361 2999 1418 hmresin
3026 1378 3090 1418 cx
3125 1374 3277 1430 parte
3306 1361 3668 1429 rc'suscitarit,

2070 1447 2190 1488 cum
2223 1433 2501 1488 contendit
2542 1432 2775 1494 Patrem.
2809 1431 3004 1487 Filium
3044 1444 3100 1488 et
3123 1432 3379 1502 Spiritum
3416 1434 3675 1490 Sanctum

2069 1505 2281 1560 unicam
2322 1504 2623 1576 divinitatis
2662 1507 2823 1558 οὐσίαν
2871 1515 2925 1559 et
2964 1504 3280 1576 hypostasin
3331 1506 3514 1561 luisse.
3554 1508 3677 1561 Ca:-

2071 1584 2265 1641 lerum,
2303 1585 2359 1648 ut
2384 1575 2452 1631 de
2475 1576 2545 1648 iis
2572 1573 2724 1648 libris
2744 1577 2903 1648 etiam
2930 1573 3128 1648 aliquid
3159 1575 3401 1648 dicamus
3422 1576 3511 1648 qui
3542 1592 3669 1648 pcr-

2073 1660 2253 1716 peram
2306 1645 2624 1700 Tertulliano
2658 1644 3035 1701 adscribuntur
3059 1647 3126 1701 ab
3158 1645 3396 1715 Erasmo,
3437 1644 3508 1702 lX
3530 1644 3680 1704 (omo

2070 1732 2290 1787 operum
2336 1717 2398 1771 Β.
2444 1716 2772 1787 ΙΙὶθτοιιηᾲη
2824 1717 3029 1785 primis,
3057 1733 3154 1773 cur
3184 1718 3258 1772 illi
3292 1719 3525 1773 adscribi
3569 1734 3680 1774 non

2070 1785 2241 1856 pos:it
2266 1788 2403 1843 liber
2440 1789 2503 1841 de
2527 1804 2646 1841 vera
2680 1785 3121 1859 Circumcisione,
3163 1803 3321 1859 supra
3359 1790 3593 1845 diximus
3624 1792 3679 1845 in

2071 1859 2402 1929 fragmentis,
2431 1860 2626 1924 Qutcst.
2653 1858 2716 1911 de
2734 1856 3151 1929 Circamcisione,
3171 1856 3337 1916 nunc
3362 1876 3486 1916 vero
3503 1862 3686 1919 minus

2071 1929 2282 2002 adridet
2326 1930 2497 2000 stylus
2527 1929 2666 2002 libri
2705 1929 2774 2002 ad
2813 1930 3035 2002 amicum
3078 1941 3323 2002 aegrotum
3353 1972 3367 1990 .
3413 1942 3468 1987 et
3517 1934 3685 1987 etiam

2074 2000 2145 2074 ibi
2173 2000 2465 2074 Scriptura:
2489 2001 2725 2074 citantur
2751 2000 2900 2069 juxta
2922 2000 3211 2074 editionem
3242 2002 3303 2057 Β.
3334 2003 3685 2074 Hieronymi;

2072 2070 2304 2143 denique
2328 2072 2535 2128 nullum
2558 2070 2828 2142 dialogum
2859 2071 3140 2143 scripsisse
3165 2072 3358 2143 legitur
3388 2070 3689 2131 Tertullia-

363 2138 479 2211 suis
502 2154 541 2211 a7
564 2139 838 2211 Victorino
875 2140 1214 2207 Plctaviensi,
1243 2150 1299 2197 et
1327 2139 1633 2211 zepherino
1661 2138 1876 2205 Urbice,
1913 2148 1968 2211 et

364 2208 685 2265 Tertulliuno
708 2209 1115 2284 Carthaginiensi
1142 2228 1301 2283 usque
1319 2210 1389 2267 ad
1406 2208 1796 2282 'Cataphrygas,
1828 2218 1877 2265 et
1901 2208 1971 2264 ah

2074 2157 2198 2199 nus.

365 2339 3509 2366 Mm

3510 2340 3668 2361 ..α

1540 2431 2421 2520 FRAGMENTUM.

954 2589 962 2599 ’
1009 2605 1096 2668 In
1126 2622 1249 2687 quo
1293 2601 1676 2684 discreparet
1704 2619 1743 2663 a
1776 2596 2100 2680 Psychicis
2129 2596 2561 2663 Tertullianus
2588 2598 2995 2663 montanista.

374 2766 385 2773 ’
443 2762 645 2819 Auctor
672 2758 791 2816 libri
821 2755 908 2814 cui
953 2755 1138 2812 titulus
1184 2752 1623 2819 Prtedestinatns,
1668 2749 1764 2807 lib.
1806 2746 1848 2815 l,
1879 2744 1976 2818 qui
2080 2744 2313 2802 animam
2345 2761 2412 2802 ex
2445 2746 2695 2815 traduce,
2731 2747 2783 2802 id
2813 2755 2896 2802 est
2923 2746 3156 2801 animam
3196 2744 3392 2802 dixerit
3431 2745 3505 2802 ita
3543 2745 3694 2818 gigni

368 2859 455 2912 est
491 2857 553 2909 de
589 2850 896 2916 Iucresibus,
951 2864 1004 2903 n.
1073 2846 1178 2915 26,
1234 2845 1351 2902 haec
1397 2844 1465 2901 ad
1508 2843 1729 2900 verbum
1772 2840 1970 2897 refert:
2081 2852 2149 2893 ex
2187 2839 2396 2903 anima,
2438 2838 2576 2894 sicut
2604 2854 2667 2894 ex
2700 2838 3020 2909 corporibus
3047 2852 3278 2910 corpus;
3309 2839 3453 2911 quod
3493 2819 3743 2896 catho:

380 2970 400 3004 ι
429 2948 657 3019 Scripsit
693 2957 880 3002 contra
918 2958 1014 3000 eos
1057 2940 1427 3014 (Montanistas
1453 2954 1550 2996 seu
1581 2930 1977 3009 Cataphrygas)
2082 2930 2182 2988 lica
2232 2930 2366 2987 ﬁdes
2408 2930 2757 2988 vehementer
2798 2941 3101 2988 execratur.
3128 2951 3149 2984 ι

382 3042 583 3098 librum
637 3035 855 3095 Sanctus
911 3034 1089 3102 Sotcr,
1123 3049 1259 3106 papa
1316 3032 1516 3101 Urbis,
1569 3040 1624 3086 et
1664 3027 1978 3104 Apollonius
2157 3022 2329 3079 Verba
2389 3022 2735 3092 Tertulliani,
2784 3039 2904 3095 quae
2961 3023 3123 3081 modo
3165 3024 3591 3096 exscripsimus,
3639 3024 3695 3081 in

376 3132 735 3204 Ephesiorum
786 3128 1035 3185 antistes.
1083 3124 1281 3181 Contra
1328 3137 1466 3196 quos
1507 3122 1720 3193 scripsit
1761 3120 1976 3177 Tertul-
2005 3158 2050 3221 Ο
2089 3117 2342 3188 operibus
2389 3118 2508 3189 ejus
2548 3132 2671 3189 qua:
2720 3126 2936 3174 exstant
2988 3134 3093 3174 non
3138 3119 3502 3189 reperiuntur.
3558 3119 3699 3175 Hinc

374 3225 574 3285 liantts.
596 3221 876 3293 presbyter
922 3216 1393 3289 carthaginiensis.
1456 3214 1556 3284 Qui
1609 3228 1731 3270 eum
1794 3210 1976 3268 omnia
2008 3206 2050 3221 “'
2083 3208 2407 3266 concludere
2454 3210 2577 3266 licet
2623 3225 2745 3267 cum
2793 3206 3114 3282 Dmllingero
3158 3210 3401 3283 (Origin.
3446 3212 3517 3265 du
3545 3210 3697 3265 αἰνί-

375 3316 517 3371 bene
555 3322 611 3370 et
646 3314 818 3385 prime
846 3321 902 3368 et
930 3308 1419 3380 incomparabiliter
1444 3306 1754 3377 scripserit,
1788 3303 1842 3358 in
1874 3303 1983 3359 hoc-
2082 3300 2235 3357 stian.
2277 3300 2343 3357 T.
2393 3301 2434 3369 Ι,
2494 3318 2544 3356 c.
2599 3301 2696 3368 27,
2750 3302 2887 3357 trad.
2948 3303 3011 3357 L.
3059 3301 3192 3358 Boré
3217 3302 3273 3375 ),
3318 3318 3382 3359 ea
3438 3312 3697 3373 excerpta

375 3409 550 3465 solum
600 3421 661 3463 se
708 3402 1193 3477 reprehensibilem
1242 3400 1403 3467 fecit,
1454 3398 1598 3470 quod
1662 3395 1974 3451 Montanum
2081 3393 2249 3451 fuisse
2292 3409 2358 3450 ex
2407 3409 2577 3466 opere
2643 3396 2875 3467 quodam
2942 3396 3111 3452 nostri
3186 3396 3424 3453 auctoris
3479 3406 3697 3452 monta-

376 3499 646 3565 dcfcndit,
679 3512 842 3568 agens
880 3505 1065 3552 contra
1094 3493 1361 3561 Soterem,
1402 3505 1564 3561 supra
1583 3488 1782 3545 dictum
1814 3485 1983 3543 Urbis
2081 3488 2235 3543 nista:
2274 3487 2597 3558 jampridem
2653 3490 2873 3544 amisso.
2917 3489 2988 3545 At
3038 3490 3280 3561 quilibet,
3336 3490 3553 3547 nomine
3579 3505 3699 3548 mo-

378 3608 608 3664 papam,
658 3602 908 3646 asserens
954 3588 1085 3642 falsa
1132 3599 1255 3642 esse
1297 3584 1366 3640 de
1411 3582 1672 3653 sanguine
1719 3579 1971 3645 infantis,
2080 3586 2243 3634 ncnte
2276 3620 2292 3644 ,
2343 3573 2498 3634 facile
2557 3578 2702 3635 videt
2754 3578 3142 3635 Tertullianum
3204 3595 3310 3636 non
3371 3579 3538 3636 fuisse
3602 3580 3705 3636 So-

380 3683 701 3742 Trinitatem
746 3683 800 3738 in
842 3682 1046 3737 unitate
1083 3678 1331 3747 deitatis,
1376 3678 1745 3751 paenitentiam
1776 3673 1975 3745 lapsis,
2082 3671 2213 3726 teris
2242 3670 2400 3739 Papae
2430 3670 2857 3743 impugnatorem
2926 3686 3206 3739 coaevum,
3262 3687 3395 3737 nec,
3454 3681 3513 3727 ut
3577 3672 3700 3742 qui-

382 3777 658 3850 mysteriis
700 3773 908 3832 eisdem
946 3789 1110 3829 unum
1150 3771 1351 3843 pascha
1392 3770 1690 3825 nobiscum.
1739 3766 1851 3823 Hoc
1893 3780 1978 3821 so-
2083 3761 2207 3818 dam
2259 3775 2635 3832 asseruerunt,
2683 3764 3115 3821 Tertullianistas
3169 3765 3333 3822 fuisse
3376 3781 3407 3821 a
3452 3765 3511 3822 S.
3558 3764 3702 3837 Papa

333 3872 358 3884 ‘
386 3868 494 3924 lum
530 3868 913 3941 discrepantus,
956 3866 1160 3937 inquit,
1191 3862 1328 3936 quod
1353 3862 1607 3918 secundas
1647 3861 1852 3933 nuptias
1881 3873 1984 3913 non
2086 3855 2401 3924 damnatos,
2448 3858 2716 3929 siquidem
2762 3859 2963 3929 liquido
3003 3867 3218 3916 constat
3250 3901 3267 3924 ,
3309 3858 3702 3916 Tertullianum

384 3961 695 4032 recipimus,
734 3969 783 4017 et
821 3958 1141 4032 prophetiam
1187 3954 1426 4012 Montani
1465 3955 1528 4009 de
1571 3958 1746 4026 futuro
1782 3950 1984 4023 judicio
2088 3959 2212 4022 post
2239 3952 2452 4023 triginta
2484 3967 2652 4024 prope
2680 3968 2853 4010 annos
2882 3954 2950 4010 ab
3007 3954 3157 4010 obitu
3208 3953 3415 4012 Soteris
3467 3953 3703 4010 haeream

326 4085 356 4094 ο
389 4072 492 4111 non
528 4071 838 4111 recusamus.
878 4052 1150 4124 Objieiunt
1184 4051 1402 4122 quidam
1442 4047 1804 4114 Tertulliano,
1841 4042 1986 4116 quod
2091 4041 2327 4100 Montani
2356 4044 2714 4115 amplexatum
2736 4046 3159 4104 fuisse—Enn.

406 4195 3677 4231 Mm

1437 4278 2103 4467 amentis
2177 4280 2661 4465 quinta.

1562 4710 1643 4772 IN
1685 4709 1969 4805 L‘IBROS
2010 4711 2555 4776 TERTULLIANI

475 4896 721 5013 DE
768 4887 1714 5013 BAPTISMO
1770 4889 1969 5015 E'l

2078 4891 2300 5004 DE
2348 4892 3673 5039 ιιωιπιτιιιπτυι..

568 5127 1049 5178 ΔῺΝΟΤΑΤῙΟΝΕΒ
1094 5129 1156 5172 ιι.
1203 5126 1262 5170 Ρ.
1301 5126 1366 5169 Ι).
1403 5122 1774 5169 CORBINIANI
1817 5119 1969 5164 THOl

2078 5147 2086 5175 ν
2121 5120 2412 5169 ΜΟΝΔΟΗῙ
2454 5125 2895 5191 ΒΕΝΕΒῙΟΤΙΝῙ,
2941 5133 2980 5177 Ε
3015 5132 3544 5182 CONGREGATIONE

1623 5226 1676 5272 8.
1713 5224 1998 5273 SPIRITUS
2031 5224 2097 5270 IN
2139 5224 2444 5273 BAVARIA.

1051 5362 1385 5420 MONI’I‘UM.
2027 5359 2082 5420 D
2109 5358 2299 5417 Postea
2343 5374 2512 5418 sacra:
2569 5364 2852 5437 theologia;
2904 5371 3182 5440 professor
3227 5330 3530 5443 cooptatus,
3592 5390 3715 5431 om-

404 5454 411 5462 ’
485 5461 725 5520 Domnus
775 5457 1128 5517 Corbinianus
1173 5457 1425 5521 Thomas,
1474 5454 1723 5526 Augusue
1767 5449 2005 5508 Vindeli-

409 5564 624 5625 corum,
677 5571 819 5612 anno
866 5555 1041 5613 1694.
1098 5565 1288 5619 natus,
1346 5547 1670 5606 monachum
1724 5545 1896 5601 induit
1950 5544 2007 5600 in

407 5644 675 5725 imperiali
705 5649 1031 5707 monasterio
1052 5643 1421 5715 Elchingensi,
1455 5655 1599 5696 anno
1632 5639 1791 5695 1715.

483 5746 675 5805 Multos
714 5757 888 5800 annos
914 5742 968 5798 in
999 5739 1348 5797 universitate
1373 5731 1788 5804 Salisburgensi,
1816 5744 2009 5801 magna

414 5836 675 5903 doctrinae
724 5838 901 5907 lania,
954 5829 1362 5892 mathematicas
1409 5825 1628 5883 tradidit
1676 5823 2008 5894 disciplinas.

2109 5452 2300 5518 nium,
2355 5454 2495 5510 sicut
2537 5455 2720 5528 prius,
2770 5458 2877 5515 sibi
2917 5462 3222 5520 conciliavit
3272 5464 3715 5528 admirationem.

2112 5542 2251 5599 Dum
2276 5542 2361 5600 his
2390 5549 2493 5603 rite
2517 5548 2783 5606 obeundis
2800 5554 3116 5612 muneribus
3146 5556 3441 5625 insudaret,
3483 5559 3721 5632 plurima

2111 5636 2459 5697 nihilominus
2501 5641 2896 5715 elegantissima
2946 5647 3369 5722 doctissimaque
3405 5668 3578 5723 opera
3634 5654 3720 5713 (li-

2112 5732 2254 5788 versi
2293 5736 2507 5804 generis
2556 5737 2609 5793 in
2659 5738 2836 5795 lucem
2878 5741 3068 5810 edidit,
3122 5759 3351 5814 quorum
3408 5749 3724 5824 catalogua

2114 5834 2466 5897 repmsentat
2509 5828 2572 5886 D.
2602 5830 2983 5904 Ziegelbauer,
3030 5834 3083 5893 in
3109 5847 3207 5893 sua
3251 5834 3394 5893 Hist.
3440 5838 3520 5896 rei
3580 5842 3725 5903 (iter.

3784 5900 3868 5955 αα
