  <div class='ocr_page' id='page_1' title='image "/cluster/home/n/w/nwhite01/storage/ocr_20150623/2/uva.x000669815/574.png"; bbox 0 0 3940 6288; ppageno 0'>
   <div class='ocr_carea' id='block_1_1' title="bbox 278 328 418 396">
    <p class='ocr_par' dir='ltr' id='par_1_1' title="bbox 278 328 418 396">
     <span class='ocr_line' id='line_1_1' title="bbox 278 328 418 396; baseline 0.007 -11"><span class='ocrx_word' id='word_1_1' title='bbox 278 328 418 396; x_wconf 79' lang='lat' dir='ltr'><strong>H57</strong></span> 
     </span>
    </p>
   </div>
   <div class='ocr_carea' id='block_1_2' title="bbox 1133 326 2802 400">
    <p class='ocr_par' dir='ltr' id='par_1_2' title="bbox 1133 326 2802 400">
     <span class='ocr_line' id='line_1_2' title="bbox 1133 326 2802 400; baseline 0.001 -11"><span class='ocrx_word' id='word_1_2' title='bbox 1133 330 1477 391; x_wconf 79' lang='lat' dir='ltr'><strong>APPENDIX</strong></span> <span class='ocrx_word' id='word_1_3' title='bbox 1513 327 1791 400; x_wconf 79' lang='lat' dir='ltr'><strong>QUINTA,</strong></span> <span class='ocrx_word' id='word_1_4' title='bbox 1833 326 2361 390; x_wconf 80' lang='lat' dir='ltr'><strong>ANNOTATIONES</strong></span> <span class='ocrx_word' id='word_1_5' title='bbox 2395 330 2802 391; x_wconf 82' lang='lat' dir='ltr'><strong>COBBINIANI.</strong></span> 
     </span>
    </p>
   </div>
   <div class='ocr_carea' id='block_1_3' title="bbox 3447 345 3587 403">
    <p class='ocr_par' dir='ltr' id='par_1_3' title="bbox 3447 345 3587 403">
     <span class='ocr_line' id='line_1_3' title="bbox 3447 345 3587 403; baseline 0.007 -2"><span class='ocrx_word' id='word_1_6' title='bbox 3447 345 3587 403; x_wconf 77' lang='lat'><strong>“58</strong></span> 
     </span>
    </p>
   </div>
   <div class='ocr_carea' id='block_1_4' title="bbox 280 444 3583 535">
    <p class='ocr_par' dir='ltr' id='par_1_4' title="bbox 280 444 3583 535">
     <span class='ocr_line' id='line_1_4' title="bbox 280 444 3583 535; baseline 0.004 -32"><span class='ocrx_word' id='word_1_7' title='bbox 280 445 410 503; x_wconf 84' lang='lat' dir='ltr'><strong>0rd.</strong></span> <span class='ocrx_word' id='word_1_8' title='bbox 457 445 520 501; x_wconf 86' lang='lat' dir='ltr'><strong>S.</strong></span> <span class='ocrx_word' id='word_1_9' title='bbox 569 444 800 515; x_wconf 83' lang='lat' dir='ltr'><strong>Bened.,</strong></span> <span class='ocrx_word' id='word_1_10' title='bbox 829 453 868 501; x_wconf 88' lang='lat' dir='ltr'><strong>t.</strong></span> <span class='ocrx_word' id='word_1_11' title='bbox 911 445 991 516; x_wconf 92' lang='lat' dir='ltr'><strong>Il,</strong></span> <span class='ocrx_word' id='word_1_12' title='bbox 1017 446 1245 519; x_wconf 71' lang='lat' dir='ltr'><strong>p.220;</strong></span> <span class='ocrx_word' id='word_1_13' title='bbox 1286 457 1325 504; x_wconf 91' lang='lat' dir='ltr'><strong>t.</strong></span> <span class='ocrx_word' id='word_1_14' title='bbox 1364 446 1454 515; x_wconf 87' lang='lat' dir='ltr'><strong>IV,</strong></span> <span class='ocrx_word' id='word_1_15' title='bbox 1495 461 1549 518; x_wconf 91' lang='lat' dir='ltr'><strong>p.</strong></span> <span class='ocrx_word' id='word_1_16' title='bbox 1587 446 1720 513; x_wconf 74' lang='lat'><strong>265,</strong></span> <span class='ocrx_word' id='word_1_17' title='bbox 1747 445 1874 515; x_wconf 66' lang='lat'><strong>504,</strong></span> <span class='ocrx_word' id='word_1_18' title='bbox 1907 460 1960 520; x_wconf 80' lang='grc' dir='ltr'><strong>Α</strong></span> <span class='ocrx_word' id='word_1_19' title='bbox 1987 448 2189 505; x_wconf 81' lang='lat' dir='ltr'><strong>tardius</strong></span> <span class='ocrx_word' id='word_1_20' title='bbox 2212 449 2263 504; x_wconf 94' lang='lat' dir='ltr'><strong>in</strong></span> <span class='ocrx_word' id='word_1_21' title='bbox 2296 458 2507 505; x_wconf 89' lang='lat' dir='ltr'><strong>nostras</strong></span> <span class='ocrx_word' id='word_1_22' title='bbox 2545 466 2737 507; x_wconf 90' lang='lat' dir='ltr'><strong>manus</strong></span> <span class='ocrx_word' id='word_1_23' title='bbox 2780 462 3173 524; x_wconf 88' lang='lat' dir='ltr'><strong>pervenerunt,</strong></span> <span class='ocrx_word' id='word_1_24' title='bbox 3208 466 3266 511; x_wconf 90' lang='lat' dir='ltr'><strong>ut</strong></span> <span class='ocrx_word' id='word_1_25' title='bbox 3296 471 3397 514; x_wconf 89' lang='lat' dir='ltr'><strong>suo</strong></span> <span class='ocrx_word' id='word_1_26' title='bbox 3434 473 3583 535; x_wconf 54' lang='lat' dir='ltr'><strong>quaee</strong></span> 
     </span>
    </p>
   </div>
   <div class='ocr_carea' id='block_1_5' title="bbox 276 539 1874 615">
    <p class='ocr_par' dir='ltr' id='par_1_5' title="bbox 276 539 1874 615">
     <span class='ocr_line' id='line_1_5' title="bbox 276 539 1874 615; baseline -0.001 -18"><span class='ocrx_word' id='word_1_27' title='bbox 276 541 403 597; x_wconf 78' lang='lat' dir='ltr'><strong>5H.</strong></span> <span class='ocrx_word' id='word_1_28' title='bbox 463 539 582 596; x_wconf 78' lang='lat' dir='ltr'><strong>Vid.</strong></span> <span class='ocrx_word' id='word_1_29' title='bbox 636 540 799 596; x_wconf 88' lang='lat' dir='ltr'><strong>etiam</strong></span> <span class='ocrx_word' id='word_1_30' title='bbox 843 540 1088 597; x_wconf 82' lang='lat' dir='ltr'><strong>Biblioth.</strong></span> <span class='ocrx_word' id='word_1_31' title='bbox 1150 544 1324 615; x_wconf 74' lang='lat' dir='ltr'><strong>gener.</strong></span> <span class='ocrx_word' id='word_1_32' title='bbox 1391 542 1479 597; x_wconf 79' lang='lat' dir='ltr'><strong>des</strong></span> <span class='ocrx_word' id='word_1_33' title='bbox 1516 542 1766 598; x_wconf 78' lang='lat' dir='ltr'><strong>écrivains</strong></span> <span class='ocrx_word' id='word_1_34' title='bbox 1812 540 1874 596; x_wconf 88' lang='lat' dir='ltr'><strong>de</strong></span> 
     </span>
    </p>
   </div>
   <div class='ocr_carea' id='block_1_6' title="bbox 276 632 1337 707">
    <p class='ocr_par' dir='ltr' id='par_1_6' title="bbox 276 632 1337 707">
     <span class='ocr_line' id='line_1_6' title="bbox 276 632 1337 707; baseline 0 -17"><span class='ocrx_word' id='word_1_35' title='bbox 276 632 444 690; x_wconf 71' lang='lat' dir='ltr'><strong>tum.</strong></span> <span class='ocrx_word' id='word_1_36' title='bbox 477 634 540 690; x_wconf 84' lang='lat' dir='ltr'><strong>de</strong></span> <span class='ocrx_word' id='word_1_37' title='bbox 567 634 631 691; x_wconf 76' lang='grc' dir='ltr'><strong>δ.</strong></span> <span class='ocrx_word' id='word_1_38' title='bbox 656 634 864 701; x_wconf 88' lang='lat' dir='ltr'><strong>Benoit,</strong></span> <span class='ocrx_word' id='word_1_39' title='bbox 898 643 937 693; x_wconf 89' lang='grc' dir='ltr'><strong>ι.</strong></span> <span class='ocrx_word' id='word_1_40' title='bbox 970 634 1077 700; x_wconf 81' lang='grc' dir='ltr'><strong>ιιι,</strong></span> <span class='ocrx_word' id='word_1_41' title='bbox 1120 651 1175 707; x_wconf 90' lang='lat' dir='ltr'><strong>p.</strong></span> <span class='ocrx_word' id='word_1_42' title='bbox 1209 637 1337 693; x_wconf 72' lang='lat' dir='ltr'><strong>tat.</strong></span> 
     </span>
    </p>
   </div>
   <div class='ocr_carea' id='block_1_7' title="bbox 345 725 1873 801">
    <p class='ocr_par' dir='ltr' id='par_1_7' title="bbox 345 725 1873 801">
     <span class='ocr_line' id='line_1_7' title="bbox 345 725 1873 801; baseline 0.003 -19"><span class='ocrx_word' id='word_1_43' title='bbox 345 725 454 783; x_wconf 84' lang='lat' dir='ltr'><strong>Nec</strong></span> <span class='ocrx_word' id='word_1_44' title='bbox 481 726 567 783; x_wconf 91' lang='lat' dir='ltr'><strong>his</strong></span> <span class='ocrx_word' id='word_1_45' title='bbox 591 736 875 785; x_wconf 85' lang='lat' dir='ltr'><strong>contentus</strong></span> <span class='ocrx_word' id='word_1_46' title='bbox 906 726 1007 784; x_wconf 84' lang='lat' dir='ltr'><strong>fuit</strong></span> <span class='ocrx_word' id='word_1_47' title='bbox 1030 727 1267 785; x_wconf 83' lang='lat' dir='ltr'><strong>Thomas</strong></span> <span class='ocrx_word' id='word_1_48' title='bbox 1297 737 1514 796; x_wconf 78' lang='lat' dir='ltr'><strong>noster;</strong></span> <span class='ocrx_word' id='word_1_49' title='bbox 1544 745 1774 801; x_wconf 85' lang='lat' dir='ltr'><strong>namque</strong></span> <span class='ocrx_word' id='word_1_50' title='bbox 1789 738 1873 786; x_wconf 90' lang='lat' dir='ltr'><strong>at-</strong></span> 
     </span>
    </p>
   </div>
   <div class='ocr_carea' id='block_1_8' title="bbox 275 816 1873 893">
    <p class='ocr_par' dir='ltr' id='par_1_8' title="bbox 275 816 1873 893">
     <span class='ocr_line' id='line_1_8' title="bbox 275 816 1873 893; baseline 0.003 -19"><span class='ocrx_word' id='word_1_51' title='bbox 275 816 532 885; x_wconf 88' lang='lat' dir='ltr'><strong>tendens,</strong></span> <span class='ocrx_word' id='word_1_52' title='bbox 567 827 622 872; x_wconf 89' lang='lat' dir='ltr'><strong>ut</strong></span> <span class='ocrx_word' id='word_1_53' title='bbox 653 819 769 889; x_wconf 89' lang='lat' dir='ltr'><strong>ipse</strong></span> <span class='ocrx_word' id='word_1_54' title='bbox 793 819 888 885; x_wconf 91' lang='lat' dir='ltr'><strong>ait,</strong></span> <span class='ocrx_word' id='word_1_55' title='bbox 919 837 938 872; x_wconf 83' lang='grc'><em>‹</em></span> <span class='ocrx_word' id='word_1_56' title='bbox 974 819 1115 890; x_wconf 84' lang='lat' dir='ltr'><strong>quod</strong></span> <span class='ocrx_word' id='word_1_57' title='bbox 1162 834 1224 875; x_wconf 89' lang='lat' dir='ltr'><strong>ea</strong></span> <span class='ocrx_word' id='word_1_58' title='bbox 1256 820 1274 891; x_wconf 96' lang='lat'>(</span> <span class='ocrx_word' id='word_1_59' title='bbox 1303 819 1401 877; x_wconf 91' lang='lat' dir='ltr'><strong>SS.</strong></span> <span class='ocrx_word' id='word_1_60' title='bbox 1432 821 1649 877; x_wconf 87' lang='lat' dir='ltr'><strong>Patrum</strong></span> <span class='ocrx_word' id='word_1_61' title='bbox 1678 820 1873 893; x_wconf 79' lang='lat' dir='ltr'><strong>lectio)</strong></span> 
     </span>
    </p>
   </div>
   <div class='ocr_carea' id='block_1_9' title="bbox 275 909 1875 984">
    <p class='ocr_par' dir='ltr' id='par_1_9' title="bbox 275 909 1875 984">
     <span class='ocr_line' id='line_1_9' title="bbox 275 909 1875 984; baseline 0.002 -18"><span class='ocrx_word' id='word_1_62' title='bbox 275 909 484 967; x_wconf 84' lang='lat' dir='ltr'><strong>clericis</strong></span> <span class='ocrx_word' id='word_1_63' title='bbox 514 912 812 981; x_wconf 73' lang='lat' dir='ltr'><strong>praesertim</strong></span> <span class='ocrx_word' id='word_1_64' title='bbox 841 912 892 967; x_wconf 88' lang='lat' dir='ltr'><strong>in</strong></span> <span class='ocrx_word' id='word_1_65' title='bbox 921 925 1136 968; x_wconf 90' lang='lat' dir='ltr'><strong>omnem</strong></span> <span class='ocrx_word' id='word_1_66' title='bbox 1163 922 1374 969; x_wconf 63' lang='lat' dir='ltr'><strong>natalem</strong></span> <span class='ocrx_word' id='word_1_67' title='bbox 1398 927 1609 971; x_wconf 90' lang='lat' dir='ltr'><strong>summe</strong></span> <span class='ocrx_word' id='word_1_68' title='bbox 1638 915 1875 984; x_wconf 90' lang='lat' dir='ltr'><strong>prolicua</strong></span> 
     </span>
    </p>
   </div>
   <div class='ocr_carea' id='block_1_10' title="bbox 274 1003 1874 1077">
    <p class='ocr_par' dir='ltr' id='par_1_10' title="bbox 274 1003 1874 1077">
     <span class='ocr_line' id='line_1_10' title="bbox 274 1003 1874 1077; baseline 0.002 -19"><span class='ocrx_word' id='word_1_69' title='bbox 274 1017 339 1060; x_wconf 83' lang='lat' dir='ltr'><strong>ac</strong></span> <span class='ocrx_word' id='word_1_70' title='bbox 365 1003 763 1062; x_wconf 88' lang='lat' dir='ltr'><strong>delectabilis...</strong></span> <span class='ocrx_word' id='word_1_71' title='bbox 789 1014 953 1072; x_wconf 90' lang='lat' dir='ltr'><strong>esset,</strong></span> <span class='ocrx_word' id='word_1_72' title='bbox 984 1025 1003 1058; x_wconf 75' lang='grc' dir='ltr'><strong><em>ι</em></strong></span> <span class='ocrx_word' id='word_1_73' title='bbox 1036 1005 1424 1062; x_wconf 88' lang='lat' dir='ltr'><strong>Tertullianum</strong></span> <span class='ocrx_word' id='word_1_74' title='bbox 1455 1021 1740 1077; x_wconf 80' lang='lat' dir='ltr'><strong>aggressus</strong></span> <span class='ocrx_word' id='word_1_75' title='bbox 1769 1016 1874 1075; x_wconf 89' lang='lat' dir='ltr'><strong>est,</strong></span> 
     </span>
    </p>
   </div>
   <div class='ocr_carea' id='block_1_11' title="bbox 275 1092 1878 1170">
    <p class='ocr_par' dir='ltr' id='par_1_11' title="bbox 275 1092 1878 1170">
     <span class='ocr_line' id='line_1_11' title="bbox 275 1092 1878 1170; baseline -0.001 -16"><span class='ocrx_word' id='word_1_76' title='bbox 275 1105 332 1154; x_wconf 89' lang='lat' dir='ltr'><strong>et</strong></span> <span class='ocrx_word' id='word_1_77' title='bbox 371 1096 565 1153; x_wconf 89' lang='lat' dir='ltr'><strong>librum</strong></span> <span class='ocrx_word' id='word_1_78' title='bbox 614 1097 677 1152; x_wconf 89' lang='lat' dir='ltr'><strong>de</strong></span> <span class='ocrx_word' id='word_1_79' title='bbox 708 1092 1225 1170; x_wconf 74' lang='lat' dir='ltr'><strong>Prwscriptionibus,</strong></span> <span class='ocrx_word' id='word_1_80' title='bbox 1253 1109 1414 1169; x_wconf 87' lang='lat' dir='ltr'><strong>atque</strong></span> <span class='ocrx_word' id='word_1_81' title='bbox 1440 1100 1503 1153; x_wconf 84' lang='lat' dir='ltr'><strong>de</strong></span> <span class='ocrx_word' id='word_1_82' title='bbox 1541 1098 1804 1169; x_wconf 85' lang='lat' dir='ltr'><strong>Baptismo</strong></span> <span class='ocrx_word' id='word_1_83' title='bbox 1830 1107 1878 1153; x_wconf 87' lang='lat' dir='ltr'><strong>et</strong></span> 
     </span>
    </p>
   </div>
   <div class='ocr_carea' id='block_1_12' title="bbox 278 1187 1877 1264">
    <p class='ocr_par' dir='ltr' id='par_1_12' title="bbox 278 1187 1877 1264">
     <span class='ocr_line' id='line_1_12' title="bbox 278 1187 1877 1264; baseline 0.001 -21"><span class='ocrx_word' id='word_1_84' title='bbox 278 1187 588 1244; x_wconf 72' lang='lat' dir='ltr'><strong>Paenitentia</strong></span> <span class='ocrx_word' id='word_1_85' title='bbox 642 1189 843 1260; x_wconf 83' lang='lat' dir='ltr'><strong>publici</strong></span> <span class='ocrx_word' id='word_1_86' title='bbox 891 1190 1033 1261; x_wconf 85' lang='lat' dir='ltr'><strong>juris</strong></span> <span class='ocrx_word' id='word_1_87' title='bbox 1096 1190 1221 1247; x_wconf 78' lang='lat' dir='ltr'><strong>fecit</strong></span> <span class='ocrx_word' id='word_1_88' title='bbox 1271 1189 1644 1264; x_wconf 80' lang='lat' dir='ltr'><strong>(Salisburgi,</strong></span> <span class='ocrx_word' id='word_1_89' title='bbox 1702 1189 1877 1256; x_wconf 76' lang='lat' dir='ltr'><strong>i752,</strong></span> 
     </span>
    </p>
   </div>
   <div class='ocr_carea' id='block_1_13' title="bbox 278 1281 1879 1358">
    <p class='ocr_par' dir='ltr' id='par_1_13' title="bbox 278 1281 1879 1358">
     <span class='ocr_line' id='line_1_13' title="bbox 278 1281 1879 1358; baseline 0.001 -21"><span class='ocrx_word' id='word_1_90' title='bbox 278 1281 466 1355; x_wconf 76' lang='grc'><strong>1755).</strong></span> <span class='ocrx_word' id='word_1_91' title='bbox 497 1281 629 1348; x_wconf 89' lang='lat' dir='ltr'><strong>Sed,</strong></span> <span class='ocrx_word' id='word_1_92' title='bbox 660 1301 678 1335; x_wconf 76' lang='grc' dir='ltr'>ι</span> <span class='ocrx_word' id='word_1_93' title='bbox 714 1290 772 1338; x_wconf 92' lang='lat' dir='ltr'><strong>ut</strong></span> <span class='ocrx_word' id='word_1_94' title='bbox 802 1282 880 1357; x_wconf 87' lang='lat' dir='ltr'><strong>(l)</strong></span> <span class='ocrx_word' id='word_1_95' title='bbox 914 1284 1027 1340; x_wconf 90' lang='lat' dir='ltr'><strong>al&#39;er</strong></span> <span class='ocrx_word' id='word_1_96' title='bbox 1055 1282 1293 1354; x_wconf 79' lang='lat' dir='ltr'><strong>ejusdem</strong></span> <span class='ocrx_word' id='word_1_97' title='bbox 1315 1282 1679 1358; x_wconf 83' lang='lat' dir='ltr'><strong>(Tertulliani)</strong></span> <span class='ocrx_word' id='word_1_98' title='bbox 1708 1283 1879 1356; x_wconf 84' lang='lat' dir='ltr'><strong>stylus</strong></span> 
     </span>
    </p>
   </div>
   <div class='ocr_carea' id='block_1_14' title="bbox 222 1375 1878 1449">
    <p class='ocr_par' dir='ltr' id='par_1_14' title="bbox 222 1375 1878 1449">
     <span class='ocr_line' id='line_1_14' title="bbox 222 1375 1878 1449; baseline 0.002 -20"><span class='ocrx_word' id='word_1_99' title='bbox 222 1375 659 1432; x_wconf 70' lang='lat' dir='ltr'><strong>r’velutexusta:</strong></span> <span class='ocrx_word' id='word_1_100' title='bbox 701 1375 849 1441; x_wconf 74' lang='lat' dir='ltr'><strong>illius</strong></span> <span class='ocrx_word' id='word_1_101' title='bbox 869 1375 1211 1449; x_wconf 79' lang='lat' dir='ltr'><strong>Carthaginis</strong></span> <span class='ocrx_word' id='word_1_102' title='bbox 1256 1375 1455 1432; x_wconf 79' lang='lat' dir='ltr'><strong>favillis</strong></span> <span class='ocrx_word' id='word_1_103' title='bbox 1496 1390 1878 1447; x_wconf 84' lang='lat' dir='ltr'><strong>nonnunquam</strong></span> 
     </span>
    </p>
   </div>
   <div class='ocr_carea' id='block_1_15' title="bbox 278 1458 1877 1540">
    <p class='ocr_par' dir='ltr' id='par_1_15' title="bbox 278 1458 1877 1540">
     <span class='ocr_line' id='line_1_15' title="bbox 278 1458 1877 1540; baseline -0.001 -15"><span class='ocrx_word' id='word_1_104' title='bbox 278 1467 486 1525; x_wconf 85' lang='lat' dir='ltr'><strong>obsitus</strong></span> <span class='ocrx_word' id='word_1_105' title='bbox 530 1478 584 1523; x_wconf 90' lang='lat' dir='ltr'><strong>et</strong></span> <span class='ocrx_word' id='word_1_106' title='bbox 621 1458 940 1525; x_wconf 80' lang='lat' dir='ltr'><strong>obscuratus</strong></span> <span class='ocrx_word' id='word_1_107' title='bbox 964 1476 1080 1537; x_wconf 91' lang='lat' dir='ltr'><strong>est,</strong></span> <span class='ocrx_word' id='word_1_108' title='bbox 1122 1484 1446 1540; x_wconf 90' lang='lat' dir='ltr'><strong>quamquam</strong></span> <span class='ocrx_word' id='word_1_109' title='bbox 1482 1469 1514 1523; x_wconf 92' lang='lat' dir='ltr'><strong>ii</strong></span> <span class='ocrx_word' id='word_1_110' title='bbox 1543 1483 1757 1540; x_wconf 89' lang='lat' dir='ltr'><strong>quoque</strong></span> <span class='ocrx_word' id='word_1_111' title='bbox 1788 1468 1877 1540; x_wconf 92' lang='lat' dir='ltr'><strong>qui</strong></span> 
     </span>
    </p>
   </div>
   <div class='ocr_carea' id='block_1_16' title="bbox 279 1559 1878 1632">
    <p class='ocr_par' dir='ltr' id='par_1_16' title="bbox 279 1559 1878 1632">
     <span class='ocr_line' id='line_1_16' title="bbox 279 1559 1878 1632; baseline 0 -16"><span class='ocrx_word' id='word_1_112' title='bbox 279 1559 528 1616; x_wconf 87' lang='lat' dir='ltr'><strong>eumdem</strong></span> <span class='ocrx_word' id='word_1_113' title='bbox 556 1568 810 1631; x_wconf 76' lang='lat' dir='ltr'><strong>carpunt,</strong></span> <span class='ocrx_word' id='word_1_114' title='bbox 862 1560 998 1617; x_wconf 86' lang='lat' dir='ltr'><strong>mire</strong></span> <span class='ocrx_word' id='word_1_115' title='bbox 1039 1574 1100 1617; x_wconf 88' lang='lat' dir='ltr'><strong>se</strong></span> <span class='ocrx_word' id='word_1_116' title='bbox 1133 1561 1204 1616; x_wconf 89' lang='lat' dir='ltr'><strong>ab</strong></span> <span class='ocrx_word' id='word_1_117' title='bbox 1232 1561 1422 1618; x_wconf 86' lang='lat' dir='ltr'><strong>eodem</strong></span> <span class='ocrx_word' id='word_1_118' title='bbox 1467 1562 1587 1632; x_wconf 87' lang='lat' dir='ltr'><strong>capi</strong></span> <span class='ocrx_word' id='word_1_119' title='bbox 1626 1575 1878 1617; x_wconf 77' lang='lat' dir='ltr'><strong>nonnun~</strong></span> 
     </span>
    </p>
   </div>
   <div class='ocr_carea' id='block_1_17' title="bbox 279 1652 1880 1726">
    <p class='ocr_par' dir='ltr' id='par_1_17' title="bbox 279 1652 1880 1726">
     <span class='ocr_line' id='line_1_17' title="bbox 279 1652 1880 1726; baseline 0.002 -20"><span class='ocrx_word' id='word_1_120' title='bbox 279 1668 441 1726; x_wconf 89' lang='lat' dir='ltr'><strong>quam</strong></span> <span class='ocrx_word' id='word_1_121' title='bbox 459 1654 563 1722; x_wconf 89' lang='lat' dir='ltr'><strong>ipsi</strong></span> <span class='ocrx_word' id='word_1_122' title='bbox 589 1652 844 1719; x_wconf 76' lang='lat' dir='ltr'><strong>fatentur;</strong></span> <span class='ocrx_word' id='word_1_123' title='bbox 874 1653 944 1708; x_wconf 91' lang='lat' dir='ltr'><strong>ita</strong></span> <span class='ocrx_word' id='word_1_124' title='bbox 968 1652 1239 1725; x_wconf 61' lang='lat' dir='ltr'><strong>pleraeque</strong></span> <span class='ocrx_word' id='word_1_125' title='bbox 1265 1653 1383 1724; x_wconf 90' lang='lat' dir='ltr'><strong>ejus</strong></span> <span class='ocrx_word' id='word_1_126' title='bbox 1399 1654 1677 1710; x_wconf 71' lang='lat' dir='ltr'><strong>sententia:</strong></span> <span class='ocrx_word' id='word_1_127' title='bbox 1704 1654 1880 1710; x_wconf 89' lang='lat' dir='ltr'><strong>lucem</strong></span> 
     </span>
    </p>
   </div>
   <div class='ocr_carea' id='block_1_18' title="bbox 279 1738 1878 1819">
    <p class='ocr_par' dir='ltr' id='par_1_18' title="bbox 279 1738 1878 1819">
     <span class='ocr_line' id='line_1_18' title="bbox 279 1738 1878 1819; baseline 0 -17"><span class='ocrx_word' id='word_1_128' title='bbox 279 1745 384 1802; x_wconf 90' lang='lat' dir='ltr'><strong>sibi</strong></span> <span class='ocrx_word' id='word_1_129' title='bbox 433 1745 636 1801; x_wconf 82' lang='lat' dir='ltr'><strong>infundi</strong></span> <span class='ocrx_word' id='word_1_130' title='bbox 677 1746 802 1817; x_wconf 85' lang='lat' dir='ltr'><strong>jure</strong></span> <span class='ocrx_word' id='word_1_131' title='bbox 855 1747 1161 1818; x_wconf 84' lang='lat' dir='ltr'><strong>posmlant:</strong></span> <span class='ocrx_word' id='word_1_132' title='bbox 1194 1745 1354 1819; x_wconf 86' lang='lat' dir='ltr'><strong>idque</strong></span> <span class='ocrx_word' id='word_1_133' title='bbox 1383 1761 1451 1803; x_wconf 90' lang='lat' dir='ltr'><strong>eo</strong></span> <span class='ocrx_word' id='word_1_134' title='bbox 1480 1748 1651 1819; x_wconf 79' lang='lat' dir='ltr'><strong>magis</strong></span> <span class='ocrx_word' id='word_1_135' title='bbox 1675 1789 1690 1811; x_wconf 86' lang='lat'><strong>,</strong></span> <span class='ocrx_word' id='word_1_136' title='bbox 1738 1738 1878 1819; x_wconf 90' lang='lat' dir='ltr'><strong>quod</strong></span> 
     </span>
    </p>
   </div>
   <div class='ocr_carea' id='block_1_19' title="bbox 1979 540 3579 622">
    <p class='ocr_par' dir='ltr' id='par_1_19' title="bbox 1979 540 3579 622">
     <span class='ocr_line' id='line_1_19' title="bbox 1979 540 3579 622; baseline 0.008 -28"><span class='ocrx_word' id='word_1_137' title='bbox 1979 555 2083 611; x_wconf 87' lang='lat' dir='ltr'><strong>que</strong></span> <span class='ocrx_word' id='word_1_138' title='bbox 2112 540 2641 599; x_wconf 89' lang='lat' dir='ltr'><strong>locoinsererentur.</strong></span> <span class='ocrx_word' id='word_1_139' title='bbox 2695 542 2753 598; x_wconf 89' lang='lat' dir='ltr'><strong>Si</strong></span> <span class='ocrx_word' id='word_1_140' title='bbox 2780 544 2900 615; x_wconf 89' lang='lat' dir='ltr'><strong>quis</strong></span> <span class='ocrx_word' id='word_1_141' title='bbox 2939 543 3081 602; x_wconf 79' lang='lat' dir='ltr'><strong>forte</strong></span> <span class='ocrx_word' id='word_1_142' title='bbox 3134 558 3390 617; x_wconf 87' lang='lat' dir='ltr'><strong>queratur</strong></span> <span class='ocrx_word' id='word_1_143' title='bbox 3434 549 3579 622; x_wconf 88' lang='lat' dir='ltr'><strong>quod</strong></span> 
     </span>
    </p>
   </div>
   <div class='ocr_carea' id='block_1_20' title="bbox 1980 630 3579 711">
    <p class='ocr_par' dir='ltr' id='par_1_20' title="bbox 1980 630 3579 711">
     <span class='ocr_line' id='line_1_20' title="bbox 1980 630 3579 711; baseline 0.009 -28"><span class='ocrx_word' id='word_1_144' title='bbox 1980 639 2122 686; x_wconf 68' lang='lat' dir='ltr'><strong>notae</strong></span> <span class='ocrx_word' id='word_1_145' title='bbox 2165 630 2270 686; x_wconf 85' lang='lat' dir='ltr'><strong>ilhe</strong></span> <span class='ocrx_word' id='word_1_146' title='bbox 2310 650 2335 683; x_wconf 71' lang='grc' dir='ltr'>ι</span> <span class='ocrx_word' id='word_1_147' title='bbox 2385 632 2529 688; x_wconf 90' lang='lat' dir='ltr'><strong>velut</strong></span> <span class='ocrx_word' id='word_1_148' title='bbox 2570 632 2778 703; x_wconf 90' lang='lat' dir='ltr'><strong>spiculo</strong></span> <span class='ocrx_word' id='word_1_149' title='bbox 2824 634 3031 693; x_wconf 88' lang='lat' dir='ltr'><strong>minuta</strong></span> <span class='ocrx_word' id='word_1_150' title='bbox 3078 651 3305 709; x_wconf 68' lang='lat' dir='ltr'><strong>qumque</strong></span> <span class='ocrx_word' id='word_1_151' title='bbox 3354 641 3579 711; x_wconf 90' lang='lat' dir='ltr'><strong>conqui-</strong></span> 
     </span>
    </p>
   </div>
   <div class='ocr_carea' id='block_1_21' title="bbox 1980 720 3581 800">
    <p class='ocr_par' dir='ltr' id='par_1_21' title="bbox 1980 720 3581 800">
     <span class='ocr_line' id='line_1_21' title="bbox 1980 720 3581 800; baseline 0.008 -26"><span class='ocrx_word' id='word_1_152' title='bbox 1980 730 2137 787; x_wconf 85' lang='lat' dir='ltr'><strong>rant,</strong></span> <span class='ocrx_word' id='word_1_153' title='bbox 2175 738 2196 773; x_wconf 74' lang='grc' dir='ltr'><strong><em>ι</em></strong></span> <span class='ocrx_word' id='word_1_154' title='bbox 2227 720 2520 792; x_wconf 89' lang='lat' dir='ltr'><strong>respondet</strong></span> <span class='ocrx_word' id='word_1_155' title='bbox 2565 722 2625 777; x_wconf 92' lang='lat' dir='ltr'><strong>D.</strong></span> <span class='ocrx_word' id='word_1_156' title='bbox 2670 723 2906 780; x_wconf 89' lang='lat' dir='ltr'><strong>Thomas</strong></span> <span class='ocrx_word' id='word_1_157' title='bbox 2947 740 3009 782; x_wconf 89' lang='lat' dir='ltr'><strong>se</strong></span> <span class='ocrx_word' id='word_1_158' title='bbox 3042 745 3063 780; x_wconf 76' lang='grc' dir='ltr'>ι</span> <span class='ocrx_word' id='word_1_159' title='bbox 3115 743 3222 783; x_wconf 90' lang='lat' dir='ltr'><strong>non</strong></span> <span class='ocrx_word' id='word_1_160' title='bbox 3252 728 3426 785; x_wconf 88' lang='lat' dir='ltr'><strong>doctis</strong></span> <span class='ocrx_word' id='word_1_161' title='bbox 3463 730 3581 800; x_wconf 51' lang='lat' dir='ltr'><strong>haec</strong></span> 
     </span>
    </p>
   </div>
   <div class='ocr_carea' id='block_1_22' title="bbox 1982 811 3581 886">
    <p class='ocr_par' dir='ltr' id='par_1_22' title="bbox 1982 811 3581 886">
     <span class='ocr_line' id='line_1_22' title="bbox 1982 811 3581 886; baseline 0.007 -20"><span class='ocrx_word' id='word_1_162' title='bbox 1982 811 2282 882; x_wconf 89' lang='lat' dir='ltr'><strong>scripsisse,</strong></span> <span class='ocrx_word' id='word_1_163' title='bbox 2298 813 2393 869; x_wconf 87' lang='lat' dir='ltr'><strong>sed</strong></span> <span class='ocrx_word' id='word_1_164' title='bbox 2415 813 2670 870; x_wconf 90' lang='lat' dir='ltr'><strong>docendis</strong></span> <span class='ocrx_word' id='word_1_165' title='bbox 2691 832 2710 867; x_wconf 80' lang='grc' dir='ltr'><strong><em>ι</em></strong></span> <span class='ocrx_word' id='word_1_166' title='bbox 2737 832 2753 881; x_wconf 90' lang='lat'><strong>;</strong></span> <span class='ocrx_word' id='word_1_167' title='bbox 2775 816 2966 886; x_wconf 88' lang='lat' dir='ltr'><strong>quibus</strong></span> <span class='ocrx_word' id='word_1_168' title='bbox 2993 816 3143 873; x_wconf 89' lang='lat' dir='ltr'><strong>addit</strong></span> <span class='ocrx_word' id='word_1_169' title='bbox 3171 836 3190 871; x_wconf 70' lang='grc' dir='ltr'>ι</span> <span class='ocrx_word' id='word_1_170' title='bbox 3217 820 3375 876; x_wconf 91' lang='lat' dir='ltr'><strong>etiam</strong></span> <span class='ocrx_word' id='word_1_171' title='bbox 3413 823 3581 878; x_wconf 89' lang='lat' dir='ltr'><strong>multo</strong></span> 
     </span>
    </p>
   </div>
   <div class='ocr_carea' id='block_1_23' title="bbox 1981 901 3575 982">
    <p class='ocr_par' dir='ltr' id='par_1_23' title="bbox 1981 901 3575 982">
     <span class='ocr_line' id='line_1_23' title="bbox 1981 901 3575 982; baseline 0.005 -24"><span class='ocrx_word' id='word_1_172' title='bbox 1981 901 2183 960; x_wconf 88' lang='lat' dir='ltr'><strong>leviora</strong></span> <span class='ocrx_word' id='word_1_173' title='bbox 2237 904 2554 977; x_wconf 87' lang='lat' dir='ltr'><strong>quandoque</strong></span> <span class='ocrx_word' id='word_1_174' title='bbox 2598 913 2682 961; x_wconf 90' lang='lat' dir='ltr'><strong>sat</strong></span> <span class='ocrx_word' id='word_1_175' title='bbox 2728 906 2927 978; x_wconf 75' lang='lat' dir='ltr'><strong>negotii</strong></span> <span class='ocrx_word' id='word_1_176' title='bbox 3001 907 3268 967; x_wconf 83' lang='lat' dir='ltr'><strong>facessere</strong></span> <span class='ocrx_word' id='word_1_177' title='bbox 3341 926 3519 982; x_wconf 85' lang='lat' dir='ltr'><strong>posse.</strong></span> <span class='ocrx_word' id='word_1_178' title='bbox 3554 932 3575 966; x_wconf 73' lang='grc' dir='ltr'>ι</span> 
     </span>
    </p>
   </div>
   <div class='ocr_carea' id='block_1_24' title="bbox 1982 997 3581 1072">
    <p class='ocr_par' dir='ltr' id='par_1_24' title="bbox 1982 997 3581 1072">
     <span class='ocr_line' id='line_1_24' title="bbox 1982 997 3581 1072; baseline 0.007 -20"><span class='ocrx_word' id='word_1_179' title='bbox 1982 997 2202 1069; x_wconf 86' lang='lat' dir='ltr'><strong>Aliquot</strong></span> <span class='ocrx_word' id='word_1_180' title='bbox 2251 1007 2429 1055; x_wconf 89' lang='lat' dir='ltr'><strong>tamen</strong></span> <span class='ocrx_word' id='word_1_181' title='bbox 2474 999 2686 1055; x_wconf 90' lang='lat' dir='ltr'><strong>notulas</strong></span> <span class='ocrx_word' id='word_1_182' title='bbox 2725 1001 2922 1072; x_wconf 86' lang='lat' dir='ltr'><strong>passim</strong></span> <span class='ocrx_word' id='word_1_183' title='bbox 2960 1004 3276 1072; x_wconf 86' lang='lat' dir='ltr'><strong>omisimus,</strong></span> <span class='ocrx_word' id='word_1_184' title='bbox 3305 1005 3581 1063; x_wconf 87' lang='lat' dir='ltr'><strong>brevitatis</strong></span> 
     </span>
    </p>
   </div>
   <div class='ocr_carea' id='block_1_25' title="bbox 1983 1089 3581 1168">
    <p class='ocr_par' dir='ltr' id='par_1_25' title="bbox 1983 1089 3581 1168">
     <span class='ocr_line' id='line_1_25' title="bbox 1983 1089 3581 1168; baseline 0.008 -24"><span class='ocrx_word' id='word_1_185' title='bbox 1983 1103 2203 1156; x_wconf 87' lang='lat' dir='ltr'><strong>caussa;</strong></span> <span class='ocrx_word' id='word_1_186' title='bbox 2232 1097 2321 1157; x_wconf 88' lang='lat' dir='ltr'><strong>at,</strong></span> <span class='ocrx_word' id='word_1_187' title='bbox 2350 1089 2569 1146; x_wconf 87' lang='lat' dir='ltr'><strong>lectoris</strong></span> <span class='ocrx_word' id='word_1_188' title='bbox 2599 1091 2811 1147; x_wconf 89' lang='lat' dir='ltr'><strong>utilitati</strong></span> <span class='ocrx_word' id='word_1_189' title='bbox 2855 1094 3019 1150; x_wconf 90' lang='lat' dir='ltr'><strong>simul</strong></span> <span class='ocrx_word' id='word_1_190' title='bbox 3053 1105 3111 1151; x_wconf 91' lang='lat' dir='ltr'><strong>et</strong></span> <span class='ocrx_word' id='word_1_191' title='bbox 3149 1096 3406 1168; x_wconf 77' lang='lat' dir='ltr'><strong>voluptati</strong></span> <span class='ocrx_word' id='word_1_192' title='bbox 3452 1113 3581 1156; x_wconf 57' lang='lat' dir='ltr'><strong>conc</strong></span> 
     </span>
    </p>
   </div>
   <div class='ocr_carea' id='block_1_26' title="bbox 1986 1181 3580 1251">
    <p class='ocr_par' dir='ltr' id='par_1_26' title="bbox 1986 1181 3580 1251">
     <span class='ocr_line' id='line_1_26' title="bbox 1986 1181 3580 1251; baseline 0.007 -14"><span class='ocrx_word' id='word_1_193' title='bbox 1986 1181 2226 1238; x_wconf 88' lang='lat' dir='ltr'><strong>suleutes</strong></span> <span class='ocrx_word' id='word_1_194' title='bbox 2250 1224 2265 1251; x_wconf 95' lang='lat'><strong>,</strong></span> <span class='ocrx_word' id='word_1_195' title='bbox 2299 1182 2673 1239; x_wconf 88' lang='lat' dir='ltr'><strong>intercalarem</strong></span> <span class='ocrx_word' id='word_1_196' title='bbox 2704 1186 3021 1244; x_wconf 86' lang='lat' dir='ltr'><strong>retinuimus</strong></span> <span class='ocrx_word' id='word_1_197' title='bbox 3049 1186 3482 1247; x_wconf 81' lang='lat' dir='ltr'><strong>dissertationem</strong></span> <span class='ocrx_word' id='word_1_198' title='bbox 3512 1193 3580 1248; x_wconf 88' lang='lat' dir='ltr'><strong>ad</strong></span> 
     </span>
    </p>
   </div>
   <div class='ocr_carea' id='block_1_27' title="bbox 1984 1274 3585 1354">
    <p class='ocr_par' dir='ltr' id='par_1_27' title="bbox 1984 1274 3585 1354">
     <span class='ocr_line' id='line_1_27' title="bbox 1984 1274 3585 1354; baseline 0.007 -24"><span class='ocrx_word' id='word_1_199' title='bbox 1984 1274 2316 1347; x_wconf 85' lang='lat' dir='ltr'><strong>Baptismum</strong></span> <span class='ocrx_word' id='word_1_200' title='bbox 2339 1283 2394 1331; x_wconf 86' lang='lat' dir='ltr'><strong>et</strong></span> <span class='ocrx_word' id='word_1_201' title='bbox 2419 1274 2794 1332; x_wconf 84' lang='lat' dir='ltr'><strong>Paenitentiam</strong></span> <span class='ocrx_word' id='word_1_202' title='bbox 2816 1288 3170 1349; x_wconf 88' lang='lat' dir='ltr'><strong>spectantem,</strong></span> <span class='ocrx_word' id='word_1_203' title='bbox 3188 1281 3431 1354; x_wconf 88' lang='lat' dir='ltr'><strong>duasque</strong></span> <span class='ocrx_word' id='word_1_204' title='bbox 3449 1286 3585 1342; x_wconf 89' lang='lat' dir='ltr'><strong>alias</strong></span> 
     </span>
    </p>
   </div>
   <div class='ocr_carea' id='block_1_28' title="bbox 1985 1368 3586 1439">
    <p class='ocr_par' dir='ltr' id='par_1_28' title="bbox 1985 1368 3586 1439">
     <span class='ocr_line' id='line_1_28' title="bbox 1985 1368 3586 1439; baseline 0.009 -17"><span class='ocrx_word' id='word_1_205' title='bbox 1985 1368 2051 1423; x_wconf 86' lang='lat' dir='ltr'><strong>de</strong></span> <span class='ocrx_word' id='word_1_206' title='bbox 2072 1384 2172 1423; x_wconf 85' lang='lat' dir='ltr'><strong>usu</strong></span> <span class='ocrx_word' id='word_1_207' title='bbox 2199 1376 2247 1422; x_wconf 88' lang='lat' dir='ltr'><strong>et</strong></span> <span class='ocrx_word' id='word_1_208' title='bbox 2276 1370 2580 1424; x_wconf 89' lang='lat' dir='ltr'><strong>auctoritate</strong></span> <span class='ocrx_word' id='word_1_209' title='bbox 2604 1370 2942 1439; x_wconf 84' lang='lat' dir='ltr'><strong>Tertulliani,</strong></span> <span class='ocrx_word' id='word_1_210' title='bbox 2974 1372 3252 1431; x_wconf 87' lang='lat' dir='ltr'><strong>breviores</strong></span> <span class='ocrx_word' id='word_1_211' title='bbox 3288 1386 3493 1434; x_wconf 88' lang='lat' dir='ltr'><strong>tantum</strong></span> <span class='ocrx_word' id='word_1_212' title='bbox 3522 1386 3586 1436; x_wconf 71' lang='lat' dir='ltr'><strong>ac</strong></span> 
     </span>
    </p>
   </div>
   <div class='ocr_carea' id='block_1_29' title="bbox 1981 1457 3581 1540">
    <p class='ocr_par' dir='ltr' id='par_1_29' title="bbox 1981 1457 3581 1540">
     <span class='ocr_line' id='line_1_29' title="bbox 1981 1457 3581 1540; baseline 0.009 -28"><span class='ocrx_word' id='word_1_213' title='bbox 1981 1457 2317 1530; x_wconf 77' lang='lat' dir='ltr'><strong>jejuniores,</strong></span> <span class='ocrx_word' id='word_1_214' title='bbox 2345 1460 2612 1517; x_wconf 89' lang='lat' dir='ltr'><strong>interdum</strong></span> <span class='ocrx_word' id='word_1_215' title='bbox 2653 1463 2814 1518; x_wconf 87' lang='lat' dir='ltr'><strong>etiam</strong></span> <span class='ocrx_word' id='word_1_216' title='bbox 2854 1474 3005 1521; x_wconf 78' lang='lat' dir='ltr'><strong>extra</strong></span> <span class='ocrx_word' id='word_1_217' title='bbox 3043 1479 3263 1540; x_wconf 86' lang='lat' dir='ltr'><strong>scopum</strong></span> <span class='ocrx_word' id='word_1_218' title='bbox 3306 1481 3581 1540; x_wconf 76' lang='lat' dir='ltr'><strong>vagantes,</strong></span> 
     </span>
    </p>
   </div>
   <div class='ocr_carea' id='block_1_30' title="bbox 1988 1553 3568 1627">
    <p class='ocr_par' dir='ltr' id='par_1_30' title="bbox 1988 1553 3568 1627">
     <span class='ocr_line' id='line_1_30' title="bbox 1988 1553 3568 1627; baseline 0.007 -18"><span class='ocrx_word' id='word_1_219' title='bbox 1988 1562 2274 1625; x_wconf 90' lang='lat' dir='ltr'><strong>utcumque</strong></span> <span class='ocrx_word' id='word_1_220' title='bbox 2304 1553 2488 1623; x_wconf 89' lang='lat' dir='ltr'><strong>licuit,</strong></span> <span class='ocrx_word' id='word_1_221' title='bbox 2534 1559 2798 1627; x_wconf 72' lang='lat' dir='ltr'><strong>prooemio</strong></span> <span class='ocrx_word' id='word_1_222' title='bbox 2827 1557 3191 1617; x_wconf 74' lang='lat' dir='ltr'><strong>retundendus</strong></span> <span class='ocrx_word' id='word_1_223' title='bbox 3215 1564 3568 1622; x_wconf 58' lang='lat' dir='ltr'><strong>curavimus.</strong></span> 
     </span>
    </p>
   </div>
   <div class='ocr_carea' id='block_1_31' title="bbox 2057 1647 3586 1725">
    <p class='ocr_par' dir='ltr' id='par_1_31' title="bbox 2057 1647 3586 1725">
     <span class='ocr_line' id='line_1_31' title="bbox 2057 1647 3586 1725; baseline 0.009 -25"><span class='ocrx_word' id='word_1_224' title='bbox 2057 1647 2164 1702; x_wconf 80' lang='lat' dir='ltr'><strong>Cur</strong></span> <span class='ocrx_word' id='word_1_225' title='bbox 2188 1656 2368 1704; x_wconf 90' lang='lat' dir='ltr'><strong>autem</strong></span> <span class='ocrx_word' id='word_1_226' title='bbox 2398 1648 2679 1719; x_wconf 83' lang='lat' dir='ltr'><strong>Speciatim</strong></span> <span class='ocrx_word' id='word_1_227' title='bbox 2721 1649 2887 1706; x_wconf 91' lang='lat' dir='ltr'><strong>libros</strong></span> <span class='ocrx_word' id='word_1_228' title='bbox 2912 1651 2978 1707; x_wconf 88' lang='lat' dir='ltr'><strong>de</strong></span> <span class='ocrx_word' id='word_1_229' title='bbox 3017 1651 3280 1725; x_wconf 88' lang='lat' dir='ltr'><strong>Baptismo</strong></span> <span class='ocrx_word' id='word_1_230' title='bbox 3306 1665 3352 1710; x_wconf 90' lang='lat' dir='ltr'><strong>et</strong></span> <span class='ocrx_word' id='word_1_231' title='bbox 3373 1658 3436 1712; x_wconf 87' lang='lat' dir='ltr'><strong>de</strong></span> <span class='ocrx_word' id='word_1_232' title='bbox 3468 1658 3586 1714; x_wconf 81' lang='lat' dir='ltr'><strong>Pw-</strong></span> 
     </span>
    </p>
   </div>
   <div class='ocr_carea' id='block_1_32' title="bbox 1988 1739 3581 1819">
    <p class='ocr_par' dir='ltr' id='par_1_32' title="bbox 1988 1739 3581 1819">
     <span class='ocr_line' id='line_1_32' title="bbox 1988 1739 3581 1819; baseline 0.009 -25"><span class='ocrx_word' id='word_1_233' title='bbox 1988 1741 2200 1795; x_wconf 80' lang='lat' dir='ltr'><strong>nitentia</strong></span> <span class='ocrx_word' id='word_1_234' title='bbox 2227 1740 2524 1814; x_wconf 76' lang='lat' dir='ltr'><strong>vulgaverit</strong></span> <span class='ocrx_word' id='word_1_235' title='bbox 2543 1751 2598 1798; x_wconf 90' lang='lat' dir='ltr'><strong>et</strong></span> <span class='ocrx_word' id='word_1_236' title='bbox 2622 1741 2961 1810; x_wconf 86' lang='lat' dir='ltr'><strong>adnotaverit</strong></span> <span class='ocrx_word' id='word_1_237' title='bbox 3003 1746 3066 1801; x_wconf 91' lang='lat' dir='ltr'><strong>D.</strong></span> <span class='ocrx_word' id='word_1_238' title='bbox 3094 1739 3332 1806; x_wconf 82' lang='lat' dir='ltr'><strong>Thomas</strong></span> <span class='ocrx_word' id='word_1_239' title='bbox 3362 1760 3544 1808; x_wconf 90' lang='lat' dir='ltr'><strong>noster</strong></span> <span class='ocrx_word' id='word_1_240' title='bbox 3564 1793 3581 1819; x_wconf 92' lang='lat'><strong>,</strong></span> 
     </span>
    </p>
   </div>
   <div class='ocr_carea' id='block_1_33' title="bbox 280 1832 3580 1925">
    <p class='ocr_par' dir='ltr' id='par_1_33' title="bbox 280 1832 3580 1925">
     <span class='ocr_line' id='line_1_33' title="bbox 280 1832 3580 1925; baseline -0 -32"><span class='ocrx_word' id='word_1_241' title='bbox 280 1836 368 1894; x_wconf 86' lang='lat' dir='ltr'><strong>hic</strong></span> <span class='ocrx_word' id='word_1_242' title='bbox 392 1847 581 1894; x_wconf 88' lang='lat' dir='ltr'><strong>auctor</strong></span> <span class='ocrx_word' id='word_1_243' title='bbox 612 1839 1029 1907; x_wconf 87' lang='lat' dir='ltr'><strong>vetustissimus,</strong></span> <span class='ocrx_word' id='word_1_244' title='bbox 1054 1853 1117 1895; x_wconf 92' lang='lat' dir='ltr'><strong>ac</strong></span> <span class='ocrx_word' id='word_1_245' title='bbox 1144 1854 1210 1895; x_wconf 75' lang='lat' dir='ltr'><strong>ex</strong></span> <span class='ocrx_word' id='word_1_246' title='bbox 1254 1839 1432 1895; x_wconf 89' lang='lat' dir='ltr'><strong>latinis</strong></span> <span class='ocrx_word' id='word_1_247' title='bbox 1461 1854 1598 1895; x_wconf 91' lang='lat' dir='ltr'><strong>unus</strong></span> <span class='ocrx_word' id='word_1_248' title='bbox 1622 1840 1694 1896; x_wconf 88' lang='lat' dir='ltr'><strong>sit</strong></span> <span class='ocrx_word' id='word_1_249' title='bbox 1718 1854 1876 1910; x_wconf 87' lang='lat' dir='ltr'><strong>quem</strong></span> <span class='ocrx_word' id='word_1_250' title='bbox 1908 1864 1957 1925; x_wconf 77' lang='grc' dir='ltr'>Β</span> <span class='ocrx_word' id='word_1_251' title='bbox 1987 1833 2056 1889; x_wconf 79' lang='lat' dir='ltr'><strong>ab</strong></span> <span class='ocrx_word' id='word_1_252' title='bbox 2083 1833 2200 1905; x_wconf 86' lang='lat' dir='ltr'><strong>ipso</strong></span> <span class='ocrx_word' id='word_1_253' title='bbox 2244 1832 2523 1902; x_wconf 85' lang='lat' dir='ltr'><strong>discimus,</strong></span> <span class='ocrx_word' id='word_1_254' title='bbox 2550 1834 2608 1891; x_wconf 88' lang='lat' dir='ltr'><strong>in</strong></span> <span class='ocrx_word' id='word_1_255' title='bbox 2631 1849 2790 1907; x_wconf 85' lang='lat' dir='ltr'><strong>supra</strong></span> <span class='ocrx_word' id='word_1_256' title='bbox 2818 1837 2957 1894; x_wconf 88' lang='lat' dir='ltr'><strong>dicta</strong></span> <span class='ocrx_word' id='word_1_257' title='bbox 2986 1839 3335 1909; x_wconf 67' lang='lat' dir='ltr'><strong>praefatione:</strong></span> <span class='ocrx_word' id='word_1_258' title='bbox 3375 1861 3393 1895; x_wconf 76' lang='grc' dir='ltr'>ι</span> <span class='ocrx_word' id='word_1_259' title='bbox 3426 1844 3580 1900; x_wconf 82' lang='lat' dir='ltr'><strong>nunc</strong></span> 
     </span>
    </p>
   </div>
   <div class='ocr_carea' id='block_1_34' title="bbox 226 1931 1879 2009">
    <p class='ocr_par' dir='ltr' id='par_1_34' title="bbox 226 1931 1879 2009">
     <span class='ocr_line' id='line_1_34' title="bbox 226 1931 1879 2009; baseline 0.001 -21"><span class='ocrx_word' id='word_1_260' title='bbox 226 1990 245 2009; x_wconf 43' lang='lat' dir='ltr'><strong><em>l</em></strong></span> <span class='ocrx_word' id='word_1_261' title='bbox 280 1932 383 1989; x_wconf 87' lang='lat' dir='ltr'><strong>sibi</strong></span> <span class='ocrx_word' id='word_1_262' title='bbox 414 1946 482 1988; x_wconf 83' lang='lat' dir='ltr'><strong>ex</strong></span> <span class='ocrx_word' id='word_1_263' title='bbox 508 1931 937 1988; x_wconf 88' lang='lat' dir='ltr'><strong>reconditissima</strong></span> <span class='ocrx_word' id='word_1_264' title='bbox 962 1932 1051 1987; x_wconf 85' lang='lat' dir='ltr'><strong>illa</strong></span> <span class='ocrx_word' id='word_1_265' title='bbox 1077 1940 1235 1989; x_wconf 58' lang='lat' dir='ltr'><strong>astate</strong></span> <span class='ocrx_word' id='word_1_266' title='bbox 1263 1947 1432 2004; x_wconf 84' lang='lat' dir='ltr'><strong>prope</strong></span> <span class='ocrx_word' id='word_1_267' title='bbox 1461 1931 1726 2004; x_wconf 79' lang='lat' dir='ltr'><strong>integrum</strong></span> <span class='ocrx_word' id='word_1_268' title='bbox 1758 1934 1879 1990; x_wconf 85' lang='lat' dir='ltr'><strong>vin-</strong></span> 
     </span>
    </p>
   </div>
   <div class='ocr_carea' id='block_1_35' title="bbox 279 2024 1880 2103">
    <p class='ocr_par' dir='ltr' id='par_1_35' title="bbox 279 2024 1880 2103">
     <span class='ocr_line' id='line_1_35' title="bbox 279 2024 1880 2103; baseline 0 -20"><span class='ocrx_word' id='word_1_269' title='bbox 279 2024 479 2083; x_wconf 85' lang='lat' dir='ltr'><strong>dicavit</strong></span> <span class='ocrx_word' id='word_1_270' title='bbox 503 2029 790 2097; x_wconf 88' lang='lat' dir='ltr'><strong>posteritas</strong></span> <span class='ocrx_word' id='word_1_271' title='bbox 811 2067 826 2092; x_wconf 94' lang='lat'><strong>,</strong></span> <span class='ocrx_word' id='word_1_272' title='bbox 857 2041 924 2082; x_wconf 82' lang='lat' dir='ltr'><strong>ex</strong></span> <span class='ocrx_word' id='word_1_273' title='bbox 952 2040 1060 2097; x_wconf 89' lang='lat' dir='ltr'><strong>quo</strong></span> <span class='ocrx_word' id='word_1_274' title='bbox 1089 2026 1367 2098; x_wconf 86' lang='lat' dir='ltr'><strong>disciplina</strong></span> <span class='ocrx_word' id='word_1_275' title='bbox 1406 2027 1619 2103; x_wconf 69' lang='lat' dir='ltr'><strong>illorum</strong></span> <span class='ocrx_word' id='word_1_276' title='bbox 1669 2036 1880 2098; x_wconf 82' lang='lat' dir='ltr'><strong>tempo-</strong></span> 
     </span>
    </p>
   </div>
   <div class='ocr_carea' id='block_1_36' title="bbox 277 2118 1881 2192">
    <p class='ocr_par' dir='ltr' id='par_1_36' title="bbox 277 2118 1881 2192">
     <span class='ocr_line' id='line_1_36' title="bbox 277 2118 1881 2192; baseline -0.001 -15"><span class='ocrx_word' id='word_1_277' title='bbox 277 2135 431 2185; x_wconf 86' lang='lat' dir='ltr'><strong>rum,</strong></span> <span class='ocrx_word' id='word_1_278' title='bbox 463 2122 804 2192; x_wconf 82' lang='lat' dir='ltr'><strong>maximeque</strong></span> <span class='ocrx_word' id='word_1_279' title='bbox 857 2120 910 2176; x_wconf 91' lang='lat' dir='ltr'><strong>in</strong></span> <span class='ocrx_word' id='word_1_280' title='bbox 939 2120 1185 2177; x_wconf 91' lang='lat' dir='ltr'><strong>ecclesiis</strong></span> <span class='ocrx_word' id='word_1_281' title='bbox 1215 2118 1484 2186; x_wconf 85' lang='lat' dir='ltr'><strong>africanis,</strong></span> <span class='ocrx_word' id='word_1_282' title='bbox 1508 2137 1628 2192; x_wconf 65' lang='lat' dir='ltr'><strong>quae</strong></span> <span class='ocrx_word' id='word_1_283' title='bbox 1653 2121 1881 2192; x_wconf 91' lang='lat' dir='ltr'><strong>primam</strong></span> 
     </span>
    </p>
   </div>
   <div class='ocr_carea' id='block_1_37' title="bbox 280 2210 1885 2282">
    <p class='ocr_par' dir='ltr' id='par_1_37' title="bbox 280 2210 1885 2282">
     <span class='ocr_line' id='line_1_37' title="bbox 280 2210 1885 2282; baseline 0.001 -16"><span class='ocrx_word' id='word_1_284' title='bbox 280 2211 541 2282; x_wconf 83' lang='lat' dir='ltr'><strong>originem</strong></span> <span class='ocrx_word' id='word_1_285' title='bbox 584 2226 735 2266; x_wconf 88' lang='lat' dir='ltr'><strong>suam</strong></span> <span class='ocrx_word' id='word_1_286' title='bbox 773 2210 973 2267; x_wconf 89' lang='lat' dir='ltr'><strong>debent</strong></span> <span class='ocrx_word' id='word_1_287' title='bbox 1011 2210 1288 2279; x_wconf 67' lang='lat' dir='ltr'><strong>Romanae,</strong></span> <span class='ocrx_word' id='word_1_288' title='bbox 1342 2221 1503 2282; x_wconf 90' lang='lat' dir='ltr'><strong>atque</strong></span> <span class='ocrx_word' id='word_1_289' title='bbox 1530 2212 1664 2267; x_wconf 91' lang='lat' dir='ltr'><strong>adeo</strong></span> <span class='ocrx_word' id='word_1_290' title='bbox 1686 2211 1754 2267; x_wconf 85' lang='lat' dir='ltr'><strong>ab</strong></span> <span class='ocrx_word' id='word_1_291' title='bbox 1782 2212 1885 2268; x_wconf 88' lang='lat' dir='ltr'><strong>hac</strong></span> 
     </span>
    </p>
   </div>
   <div class='ocr_carea' id='block_1_38' title="bbox 283 2304 1882 2377">
    <p class='ocr_par' dir='ltr' id='par_1_38' title="bbox 283 2304 1882 2377">
     <span class='ocr_line' id='line_1_38' title="bbox 283 2304 1882 2377; baseline 0.001 -18"><span class='ocrx_word' id='word_1_292' title='bbox 283 2304 539 2377; x_wconf 87' lang='lat' dir='ltr'><strong>primitus</strong></span> <span class='ocrx_word' id='word_1_293' title='bbox 570 2306 720 2360; x_wconf 89' lang='lat' dir='ltr'><strong>illam</strong></span> <span class='ocrx_word' id='word_1_294' title='bbox 760 2313 1102 2376; x_wconf 82' lang='lat' dir='ltr'><strong>acceperant,</strong></span> <span class='ocrx_word' id='word_1_295' title='bbox 1135 2305 1201 2360; x_wconf 90' lang='lat' dir='ltr'><strong>ad</strong></span> <span class='ocrx_word' id='word_1_296' title='bbox 1231 2316 1466 2360; x_wconf 85' lang='lat' dir='ltr'><strong>nostram</strong></span> <span class='ocrx_word' id='word_1_297' title='bbox 1526 2320 1693 2377; x_wconf 87' lang='lat' dir='ltr'><strong>usque</strong></span> <span class='ocrx_word' id='word_1_298' title='bbox 1740 2306 1882 2361; x_wconf 87' lang='lat' dir='ltr'><strong>noti-</strong></span> 
     </span>
    </p>
   </div>
   <div class='ocr_carea' id='block_1_39' title="bbox 284 2396 1883 2468">
    <p class='ocr_par' dir='ltr' id='par_1_39' title="bbox 284 2396 1883 2468">
     <span class='ocr_line' id='line_1_39' title="bbox 284 2396 1883 2468; baseline 0 -16"><span class='ocrx_word' id='word_1_299' title='bbox 284 2397 415 2453; x_wconf 88' lang='lat' dir='ltr'><strong>tiam</strong></span> <span class='ocrx_word' id='word_1_300' title='bbox 468 2396 707 2468; x_wconf 86' lang='lat' dir='ltr'><strong>profecta</strong></span> <span class='ocrx_word' id='word_1_301' title='bbox 757 2396 888 2452; x_wconf 84' lang='lat' dir='ltr'><strong>fuit:</strong></span> <span class='ocrx_word' id='word_1_302' title='bbox 921 2411 1039 2468; x_wconf 78' lang='lat' dir='ltr'><strong>qum</strong></span> <span class='ocrx_word' id='word_1_303' title='bbox 1069 2412 1157 2452; x_wconf 87' lang='lat' dir='ltr'><strong>res</strong></span> <span class='ocrx_word' id='word_1_304' title='bbox 1208 2412 1338 2451; x_wconf 86' lang='lat' dir='ltr'><strong>sane</strong></span> <span class='ocrx_word' id='word_1_305' title='bbox 1369 2397 1421 2451; x_wconf 91' lang='lat' dir='ltr'><strong>in</strong></span> <span class='ocrx_word' id='word_1_306' title='bbox 1456 2398 1720 2468; x_wconf 82' lang='lat' dir='ltr'><strong>theologia</strong></span> <span class='ocrx_word' id='word_1_307' title='bbox 1748 2397 1883 2468; x_wconf 86' lang='lat' dir='ltr'><strong>dog-</strong></span> 
     </span>
    </p>
   </div>
   <div class='ocr_carea' id='block_1_40' title="bbox 280 2486 1885 2558">
    <p class='ocr_par' dir='ltr' id='par_1_40' title="bbox 280 2486 1885 2558">
     <span class='ocr_line' id='line_1_40' title="bbox 280 2486 1885 2558; baseline 0.001 -14"><span class='ocrx_word' id='word_1_308' title='bbox 280 2489 475 2544; x_wconf 84' lang='lat' dir='ltr'><strong>matica</strong></span> <span class='ocrx_word' id='word_1_309' title='bbox 508 2486 647 2543; x_wconf 88' lang='lat' dir='ltr'><strong>haud</strong></span> <span class='ocrx_word' id='word_1_310' title='bbox 680 2488 824 2558; x_wconf 85' lang='lat' dir='ltr'><strong>parvi</strong></span> <span class='ocrx_word' id='word_1_311' title='bbox 885 2489 1148 2543; x_wconf 88' lang='lat' dir='ltr'><strong>momenti</strong></span> <span class='ocrx_word' id='word_1_312' title='bbox 1195 2488 1508 2545; x_wconf 86' lang='lat' dir='ltr'><strong>aestimanda</strong></span> <span class='ocrx_word' id='word_1_313' title='bbox 1547 2499 1648 2544; x_wconf 91' lang='lat' dir='ltr'><strong>est.</strong></span> <span class='ocrx_word' id='word_1_314' title='bbox 1691 2509 1710 2542; x_wconf 76' lang='grc' dir='ltr'><strong><em>ι</em></strong></span> <span class='ocrx_word' id='word_1_315' title='bbox 1753 2488 1885 2545; x_wconf 88' lang='lat' dir='ltr'><strong>lude</strong></span> 
     </span>
    </p>
   </div>
   <div class='ocr_carea' id='block_1_41' title="bbox 279 2579 1885 2652">
    <p class='ocr_par' dir='ltr' id='par_1_41' title="bbox 279 2579 1885 2652">
     <span class='ocr_line' id='line_1_41' title="bbox 279 2579 1885 2652; baseline 0.001 -16"><span class='ocrx_word' id='word_1_316' title='bbox 279 2580 656 2637; x_wconf 87' lang='lat' dir='ltr'><strong>adnotatioues</strong></span> <span class='ocrx_word' id='word_1_317' title='bbox 703 2595 863 2650; x_wconf 86' lang='lat' dir='ltr'><strong>quam</strong></span> <span class='ocrx_word' id='word_1_318' title='bbox 892 2580 1158 2651; x_wconf 66' lang='lat' dir='ltr'><strong>plurimas,</strong></span> <span class='ocrx_word' id='word_1_319' title='bbox 1204 2580 1397 2652; x_wconf 88' lang='lat' dir='ltr'><strong>quibus</strong></span> <span class='ocrx_word' id='word_1_320' title='bbox 1425 2579 1741 2637; x_wconf 88' lang='lat' dir='ltr'><strong>Tertulliani</strong></span> <span class='ocrx_word' id='word_1_321' title='bbox 1775 2590 1885 2637; x_wconf 89' lang='lat' dir='ltr'><strong>tres</strong></span> 
     </span>
    </p>
   </div>
   <div class='ocr_carea' id='block_1_42' title="bbox 281 2672 1883 2745">
    <p class='ocr_par' dir='ltr' id='par_1_42' title="bbox 281 2672 1883 2745">
     <span class='ocr_line' id='line_1_42' title="bbox 281 2672 1883 2745; baseline -0.001 -15"><span class='ocrx_word' id='word_1_322' title='bbox 281 2674 383 2730; x_wconf 92' lang='lat' dir='ltr'><strong>hos</strong></span> <span class='ocrx_word' id='word_1_323' title='bbox 404 2673 569 2729; x_wconf 86' lang='lat' dir='ltr'><strong>libros</strong></span> <span class='ocrx_word' id='word_1_324' title='bbox 595 2672 875 2728; x_wconf 76' lang='lat' dir='ltr'><strong>adornavit</strong></span> <span class='ocrx_word' id='word_1_325' title='bbox 905 2674 964 2728; x_wconf 84' lang='grc' dir='ltr'><strong>Ι).</strong></span> <span class='ocrx_word' id='word_1_326' title='bbox 998 2673 1253 2741; x_wconf 87' lang='lat' dir='ltr'><strong>Thomas,</strong></span> <span class='ocrx_word' id='word_1_327' title='bbox 1287 2688 1528 2745; x_wconf 87' lang='lat' dir='ltr'><strong>quasque</strong></span> <span class='ocrx_word' id='word_1_328' title='bbox 1570 2674 1634 2728; x_wconf 90' lang='lat' dir='ltr'><strong>ad</strong></span> <span class='ocrx_word' id='word_1_329' title='bbox 1678 2674 1883 2729; x_wconf 90' lang='lat' dir='ltr'><strong>calcem</strong></span> 
     </span>
    </p>
   </div>
   <div class='ocr_carea' id='block_1_43' title="bbox 282 2764 1882 2847">
    <p class='ocr_par' dir='ltr' id='par_1_43' title="bbox 282 2764 1882 2847">
     <span class='ocr_line' id='line_1_43' title="bbox 282 2764 1882 2847; baseline 0 -26"><span class='ocrx_word' id='word_1_330' title='bbox 282 2764 445 2838; x_wconf 86' lang='lat' dir='ltr'><strong>hujus</strong></span> <span class='ocrx_word' id='word_1_331' title='bbox 497 2767 630 2821; x_wconf 90' lang='lat' dir='ltr'><strong>tomi</strong></span> <span class='ocrx_word' id='word_1_332' title='bbox 699 2764 921 2821; x_wconf 88' lang='lat' dir='ltr'><strong>secundi</strong></span> <span class='ocrx_word' id='word_1_333' title='bbox 970 2766 1203 2847; x_wconf 50' lang='lat' dir='ltr'><strong>{ejicere</strong></span> <span class='ocrx_word' id='word_1_334' title='bbox 1245 2766 1564 2835; x_wconf 87' lang='lat' dir='ltr'><strong>debuimus,</strong></span> <span class='ocrx_word' id='word_1_335' title='bbox 1618 2766 1882 2838; x_wconf 88' lang='lat' dir='ltr'><strong>siquidem</strong></span> 
     </span>
    </p>
   </div>
   <div class='ocr_carea' id='block_1_44' title="bbox 360 2949 1494 3025">
    <p class='ocr_par' dir='ltr' id='par_1_44' title="bbox 360 2949 1494 3025">
     <span class='ocr_line' id='line_1_44' title="bbox 360 2949 1494 3025; baseline 0.002 -20"><span class='ocrx_word' id='word_1_336' title='bbox 360 2950 442 3025; x_wconf 89' lang='grc' dir='ltr'><strong>(Ι)</strong></span> <span class='ocrx_word' id='word_1_337' title='bbox 489 2949 705 3025; x_wconf 74' lang='lat' dir='ltr'><strong>I’rwfat.</strong></span> <span class='ocrx_word' id='word_1_338' title='bbox 735 2950 803 3004; x_wconf 84' lang='lat' dir='ltr'><strong>ad</strong></span> <span class='ocrx_word' id='word_1_339' title='bbox 829 2950 919 3005; x_wconf 87' lang='lat' dir='ltr'><strong>lib.</strong></span> <span class='ocrx_word' id='word_1_340' title='bbox 945 2949 1010 3005; x_wconf 88' lang='lat' dir='ltr'><strong>de</strong></span> <span class='ocrx_word' id='word_1_341' title='bbox 1035 2950 1191 3023; x_wconf 84' lang='lat' dir='ltr'><strong>Bapt.</strong></span> <span class='ocrx_word' id='word_1_342' title='bbox 1231 2959 1277 3007; x_wconf 91' lang='lat' dir='ltr'><strong>et</strong></span> <span class='ocrx_word' id='word_1_343' title='bbox 1303 2949 1494 3009; x_wconf 69' lang='lat' dir='ltr'><strong>Posuit.</strong></span> 
     </span>
    </p>
   </div>
   <div class='ocr_carea' id='block_1_45' title="bbox 1985 1928 3581 2001">
    <p class='ocr_par' dir='ltr' id='par_1_45' title="bbox 1985 1928 3581 2001">
     <span class='ocr_line' id='line_1_45' title="bbox 1985 1928 3581 2001; baseline 0.006 -17"><span class='ocrx_word' id='word_1_344' title='bbox 1985 1928 2142 1998; x_wconf 81' lang='lat' dir='ltr'><strong>igitur</strong></span> <span class='ocrx_word' id='word_1_345' title='bbox 2162 1936 2457 1996; x_wconf 89' lang='lat' dir='ltr'><strong>auctorem,</strong></span> <span class='ocrx_word' id='word_1_346' title='bbox 2484 1930 2673 2001; x_wconf 89' lang='lat' dir='ltr'><strong>inquit,</strong></span> <span class='ocrx_word' id='word_1_347' title='bbox 2699 1931 3063 1988; x_wconf 88' lang='lat' dir='ltr'><strong>studiosorum</strong></span> <span class='ocrx_word' id='word_1_348' title='bbox 3078 1935 3324 1992; x_wconf 88' lang='lat' dir='ltr'><strong>manibus</strong></span> <span class='ocrx_word' id='word_1_349' title='bbox 3341 1938 3581 1994; x_wconf 87' lang='lat' dir='ltr'><strong>inserere</strong></span> 
     </span>
    </p>
   </div>
   <div class='ocr_carea' id='block_1_46' title="bbox 1985 2020 3587 2094">
    <p class='ocr_par' dir='ltr' id='par_1_46' title="bbox 1985 2020 3587 2094">
     <span class='ocr_line' id='line_1_46' title="bbox 1985 2020 3587 2094; baseline 0.007 -19"><span class='ocrx_word' id='word_1_350' title='bbox 1985 2020 2152 2088; x_wconf 86' lang='lat' dir='ltr'><strong>volui,</strong></span> <span class='ocrx_word' id='word_1_351' title='bbox 2186 2030 2296 2077; x_wconf 92' lang='lat' dir='ltr'><strong>tum</strong></span> <span class='ocrx_word' id='word_1_352' title='bbox 2320 2030 2378 2077; x_wconf 94' lang='lat' dir='ltr'><strong>ut</strong></span> <span class='ocrx_word' id='word_1_353' title='bbox 2407 2022 2526 2093; x_wconf 92' lang='lat' dir='ltr'><strong>quis</strong></span> <span class='ocrx_word' id='word_1_354' title='bbox 2546 2022 2804 2094; x_wconf 88' lang='lat' dir='ltr'><strong>Baptismi</strong></span> <span class='ocrx_word' id='word_1_355' title='bbox 2827 2033 2882 2081; x_wconf 90' lang='lat' dir='ltr'><strong>et</strong></span> <span class='ocrx_word' id='word_1_356' title='bbox 2908 2024 3251 2084; x_wconf 75' lang='lat' dir='ltr'><strong>Pteniteutia:</strong></span> <span class='ocrx_word' id='word_1_357' title='bbox 3279 2042 3587 2086; x_wconf 62' lang='lat' dir='ltr'><strong>sacramem</strong></span> 
     </span>
    </p>
   </div>
   <div class='ocr_carea' id='block_1_47' title="bbox 1988 2113 3588 2195">
    <p class='ocr_par' dir='ltr' id='par_1_47' title="bbox 1988 2113 3588 2195">
     <span class='ocr_line' id='line_1_47' title="bbox 1988 2113 3588 2195; baseline 0.008 -26"><span class='ocrx_word' id='word_1_358' title='bbox 1988 2123 2187 2182; x_wconf 89' lang='lat' dir='ltr'><strong>torum,</strong></span> <span class='ocrx_word' id='word_1_359' title='bbox 2214 2113 2546 2172; x_wconf 77' lang='lat' dir='ltr'><strong>adsalutem</strong></span> <span class='ocrx_word' id='word_1_360' title='bbox 2593 2119 2830 2174; x_wconf 81' lang='lat' dir='ltr'><strong>maxime</strong></span> <span class='ocrx_word' id='word_1_361' title='bbox 2880 2121 3308 2178; x_wconf 89' lang='lat' dir='ltr'><strong>necessariorum</strong></span> <span class='ocrx_word' id='word_1_362' title='bbox 3331 2165 3348 2191; x_wconf 95' lang='lat'><strong>,</strong></span> <span class='ocrx_word' id='word_1_363' title='bbox 3390 2123 3445 2179; x_wconf 91' lang='lat' dir='ltr'><strong>in</strong></span> <span class='ocrx_word' id='word_1_364' title='bbox 3478 2124 3588 2195; x_wconf 88' lang='lat' dir='ltr'><strong>pri-</strong></span> 
     </span>
    </p>
   </div>
   <div class='ocr_carea' id='block_1_48' title="bbox 1988 2178 3845 2283">
    <p class='ocr_par' dir='ltr' id='par_1_48' title="bbox 1988 2178 3845 2283">
     <span class='ocr_line' id='line_1_48' title="bbox 1988 2178 3845 2283; baseline 0.003 -20"><span class='ocrx_word' id='word_1_365' title='bbox 1988 2207 2172 2263; x_wconf 87' lang='lat' dir='ltr'><strong>mitiva</strong></span> <span class='ocrx_word' id='word_1_366' title='bbox 2213 2205 2456 2264; x_wconf 89' lang='lat' dir='ltr'><strong>Ecclesia</strong></span> <span class='ocrx_word' id='word_1_367' title='bbox 2501 2208 2726 2281; x_wconf 88' lang='lat' dir='ltr'><strong>ejusque</strong></span> <span class='ocrx_word' id='word_1_368' title='bbox 2779 2211 2951 2269; x_wconf 90' lang='lat' dir='ltr'><strong>altero</strong></span> <span class='ocrx_word' id='word_1_369' title='bbox 2994 2229 3118 2271; x_wconf 80' lang='lat' dir='ltr'><strong>mox</strong></span> <span class='ocrx_word' id='word_1_370' title='bbox 3172 2216 3406 2283; x_wconf 86' lang='lat' dir='ltr'><strong>saeculo,</strong></span> <span class='ocrx_word' id='word_1_371' title='bbox 3460 2178 3585 2273; x_wconf 68' lang='lat' dir='ltr'><strong>cum</strong></span> <span class='ocrx_word' id='word_1_372' title='bbox 3621 2178 3845 2243; x_wconf 51' lang='grc' dir='ltr'><strong>’,ι’ωηίε</strong></span> 
     </span>
    </p>
   </div>
   <div class='ocr_carea' id='block_1_49' title="bbox 1989 2300 3588 2382">
    <p class='ocr_par' dir='ltr' id='par_1_49' title="bbox 1989 2300 3588 2382">
     <span class='ocr_line' id='line_1_49' title="bbox 1989 2300 3588 2382; baseline 0.008 -26"><span class='ocrx_word' id='word_1_373' title='bbox 1989 2300 2308 2358; x_wconf 89' lang='lat' dir='ltr'><strong>traditiones</strong></span> <span class='ocrx_word' id='word_1_374' title='bbox 2360 2302 2538 2359; x_wconf 90' lang='lat' dir='ltr'><strong>adhuc</strong></span> <span class='ocrx_word' id='word_1_375' title='bbox 2585 2313 2833 2363; x_wconf 87' lang='lat' dir='ltr'><strong>recentes</strong></span> <span class='ocrx_word' id='word_1_376' title='bbox 2887 2317 3042 2365; x_wconf 87' lang='lat' dir='ltr'><strong>erant</strong></span> <span class='ocrx_word' id='word_1_377' title='bbox 3087 2309 3413 2382; x_wconf 87' lang='lat' dir='ltr'><strong>minimeque</strong></span> <span class='ocrx_word' id='word_1_378' title='bbox 3468 2328 3588 2368; x_wconf 86' lang='lat' dir='ltr'><strong>sus-</strong></span> 
     </span>
    </p>
   </div>
   <div class='ocr_carea' id='block_1_50' title="bbox 1987 2395 3589 2465">
    <p class='ocr_par' dir='ltr' id='par_1_50' title="bbox 1987 2395 3589 2465">
     <span class='ocr_line' id='line_1_50' title="bbox 1987 2395 3589 2465; baseline 0.006 -17"><span class='ocrx_word' id='word_1_379' title='bbox 1987 2401 2160 2462; x_wconf 85' lang='lat' dir='ltr'><strong>pectae</strong></span> <span class='ocrx_word' id='word_1_380' title='bbox 2189 2407 2309 2449; x_wconf 89' lang='lat' dir='ltr'><strong>esse</strong></span> <span class='ocrx_word' id='word_1_381' title='bbox 2329 2402 2602 2464; x_wconf 87' lang='lat' dir='ltr'><strong>poterant,</strong></span> <span class='ocrx_word' id='word_1_382' title='bbox 2637 2410 2766 2451; x_wconf 90' lang='lat' dir='ltr'><strong>usus</strong></span> <span class='ocrx_word' id='word_1_383' title='bbox 2793 2395 2970 2465; x_wconf 79' lang='lat' dir='ltr'><strong>fuerit,</strong></span> <span class='ocrx_word' id='word_1_384' title='bbox 3016 2401 3259 2458; x_wconf 87' lang='lat' dir='ltr'><strong>nonnihil</strong></span> <span class='ocrx_word' id='word_1_385' title='bbox 3286 2405 3589 2459; x_wconf 84' lang='lat' dir='ltr'><strong>accuratius</strong></span> 
     </span>
    </p>
   </div>
   <div class='ocr_carea' id='block_1_51' title="bbox 1988 2483 3585 2569">
    <p class='ocr_par' dir='ltr' id='par_1_51' title="bbox 1988 2483 3585 2569">
     <span class='ocr_line' id='line_1_51' title="bbox 1988 2483 3585 2569; baseline 0.006 -29"><span class='ocrx_word' id='word_1_386' title='bbox 1988 2483 2356 2569; x_wconf 68' lang='lat' dir='ltr'><strong>perspiciam;</strong></span> <span class='ocrx_word' id='word_1_387' title='bbox 2386 2495 2497 2540; x_wconf 90' lang='lat' dir='ltr'><strong>tum</strong></span> <span class='ocrx_word' id='word_1_388' title='bbox 2522 2493 2585 2541; x_wconf 90' lang='lat' dir='ltr'><strong>ut</strong></span> <span class='ocrx_word' id='word_1_389' title='bbox 2614 2487 2955 2558; x_wconf 88' lang='lat' dir='ltr'><strong>antiquorum</strong></span> <span class='ocrx_word' id='word_1_390' title='bbox 2986 2491 3206 2547; x_wconf 86' lang='lat' dir='ltr'><strong>Patrum</strong></span> <span class='ocrx_word' id='word_1_391' title='bbox 3238 2494 3436 2565; x_wconf 79' lang='lat' dir='ltr'><strong>scripta</strong></span> <span class='ocrx_word' id='word_1_392' title='bbox 3478 2510 3585 2550; x_wconf 87' lang='lat' dir='ltr'><strong>non</strong></span> 
     </span>
    </p>
   </div>
   <div class='ocr_carea' id='block_1_52' title="bbox 1990 2582 3589 2655">
    <p class='ocr_par' dir='ltr' id='par_1_52' title="bbox 1990 2582 3589 2655">
     <span class='ocr_line' id='line_1_52' title="bbox 1990 2582 3589 2655; baseline 0.008 -19"><span class='ocrx_word' id='word_1_393' title='bbox 1990 2582 2192 2637; x_wconf 90' lang='lat' dir='ltr'><strong>cursim</strong></span> <span class='ocrx_word' id='word_1_394' title='bbox 2216 2582 2485 2655; x_wconf 89' lang='lat' dir='ltr'><strong>nimisque</strong></span> <span class='ocrx_word' id='word_1_395' title='bbox 2510 2594 2861 2655; x_wconf 85' lang='lat' dir='ltr'><strong>properanter</strong></span> <span class='ocrx_word' id='word_1_396' title='bbox 2883 2590 3265 2655; x_wconf 89' lang='lat' dir='ltr'><strong>transmittere,</strong></span> <span class='ocrx_word' id='word_1_397' title='bbox 3285 2593 3377 2647; x_wconf 90' lang='lat' dir='ltr'><strong>sed</strong></span> <span class='ocrx_word' id='word_1_398' title='bbox 3402 2593 3589 2649; x_wconf 88' lang='lat' dir='ltr'><strong>iisdem</strong></span> 
     </span>
    </p>
   </div>
   <div class='ocr_carea' id='block_1_53' title="bbox 1987 2673 3594 2757">
    <p class='ocr_par' dir='ltr' id='par_1_53' title="bbox 1987 2673 3594 2757">
     <span class='ocr_line' id='line_1_53' title="bbox 1987 2673 3594 2757; baseline 0.01 -30"><span class='ocrx_word' id='word_1_399' title='bbox 1987 2673 2148 2746; x_wconf 84' lang='lat' dir='ltr'><strong>paulo</strong></span> <span class='ocrx_word' id='word_1_400' title='bbox 2196 2676 2366 2747; x_wconf 80' lang='lat' dir='ltr'><strong>magis</strong></span> <span class='ocrx_word' id='word_1_401' title='bbox 2425 2677 2737 2745; x_wconf 86' lang='lat' dir='ltr'><strong>immorari,</strong></span> <span class='ocrx_word' id='word_1_402' title='bbox 2786 2694 2892 2737; x_wconf 90' lang='lat' dir='ltr'><strong>non</strong></span> <span class='ocrx_word' id='word_1_403' title='bbox 2946 2690 3122 2738; x_wconf 91' lang='lat' dir='ltr'><strong>tamen</strong></span> <span class='ocrx_word' id='word_1_404' title='bbox 3169 2684 3261 2739; x_wconf 88' lang='lat' dir='ltr'><strong>uni</strong></span> <span class='ocrx_word' id='word_1_405' title='bbox 3308 2685 3594 2757; x_wconf 89' lang='lat' dir='ltr'><strong>eidemque</strong></span> 
     </span>
    </p>
   </div>
   <div class='ocr_carea' id='block_1_54' title="bbox 1985 2765 3593 2857">
    <p class='ocr_par' dir='ltr' id='par_1_54' title="bbox 1985 2765 3593 2857">
     <span class='ocr_line' id='line_1_54' title="bbox 1985 2765 3593 2857; baseline 0.01 -38"><span class='ocrx_word' id='word_1_406' title='bbox 1985 2765 2199 2837; x_wconf 90' lang='lat' dir='ltr'><strong>penitus</strong></span> <span class='ocrx_word' id='word_1_407' title='bbox 2248 2766 2459 2823; x_wconf 88' lang='lat' dir='ltr'><strong>immori</strong></span> <span class='ocrx_word' id='word_1_408' title='bbox 2488 2810 2503 2835; x_wconf 95' lang='lat'><strong>,</strong></span> <span class='ocrx_word' id='word_1_409' title='bbox 2553 2768 2801 2857; x_wconf 53' lang='lat' dir='ltr'><strong>dis/cant;</strong></span> <span class='ocrx_word' id='word_1_410' title='bbox 2833 2772 2913 2827; x_wconf 90' lang='lat' dir='ltr'><strong>sic</strong></span> <span class='ocrx_word' id='word_1_411' title='bbox 2956 2774 3099 2829; x_wconf 90' lang='lat' dir='ltr'><strong>enim</strong></span> <span class='ocrx_word' id='word_1_412' title='bbox 3149 2775 3256 2831; x_wconf 90' lang='lat' dir='ltr'><strong>illis</strong></span> <span class='ocrx_word' id='word_1_413' title='bbox 3283 2776 3461 2833; x_wconf 88' lang='lat' dir='ltr'><strong>debita</strong></span> <span class='ocrx_word' id='word_1_414' title='bbox 3489 2794 3593 2834; x_wconf 67' lang='lat' dir='ltr'><strong>aes-</strong></span> 
     </span>
    </p>
   </div>
   <div class='ocr_carea' id='block_1_55' title="bbox 1990 2856 3591 2941">
    <p class='ocr_par' dir='ltr' id='par_1_55' title="bbox 1990 2856 3591 2941">
     <span class='ocr_line' id='line_1_55' title="bbox 1990 2856 3591 2941; baseline 0.009 -29"><span class='ocrx_word' id='word_1_415' title='bbox 1990 2856 2222 2927; x_wconf 88' lang='lat' dir='ltr'><strong>timatio,</strong></span> <span class='ocrx_word' id='word_1_416' title='bbox 2252 2858 2441 2930; x_wconf 89' lang='lat' dir='ltr'><strong>hisque</strong></span> <span class='ocrx_word' id='word_1_417' title='bbox 2466 2860 2597 2933; x_wconf 86' lang='lat' dir='ltr'><strong>ipsis</strong></span> <span class='ocrx_word' id='word_1_418' title='bbox 2628 2856 2830 2933; x_wconf 79' lang='lat' dir='ltr'><strong>ingens</strong></span> <span class='ocrx_word' id='word_1_419' title='bbox 2858 2864 3059 2921; x_wconf 89' lang='lat' dir='ltr'><strong>utilitas</strong></span> <span class='ocrx_word' id='word_1_420' title='bbox 3103 2867 3454 2941; x_wconf 89' lang='lat' dir='ltr'><strong>voluptasque</strong></span> <span class='ocrx_word' id='word_1_421' title='bbox 3494 2884 3591 2926; x_wconf 90' lang='lat' dir='ltr'><strong>ac-</strong></span> 
     </span>
    </p>
   </div>
   <div class='ocr_carea' id='block_1_56' title="bbox 1992 2951 3191 3010">
    <p class='ocr_par' dir='ltr' id='par_1_56' title="bbox 1992 2951 3191 3010">
     <span class='ocr_line' id='line_1_56' title="bbox 1992 2951 3191 3010; baseline 0.002 -2"><span class='ocrx_word' id='word_1_422' title='bbox 1992 2951 2167 3008; x_wconf 90' lang='lat' dir='ltr'><strong>cedet.</strong></span> <span class='ocrx_word' id='word_1_423' title='bbox 2209 2971 2229 3007; x_wconf 79' lang='lat' dir='ltr'><strong>s</strong></span> <span class='ocrx_word' id='word_1_424' title='bbox 2265 2953 2398 3010; x_wconf 83' lang='lat' dir='ltr'><strong>Enn.</strong></span> <span class='ocrx_word' id='word_1_425' title='bbox 3186 2973 3191 2977; x_wconf 87' lang='grc'>·</span> 
     </span>
    </p>
   </div>
   <div class='ocr_carea' id='block_1_57' title="bbox 288 3078 3566 3120">
    <p class='ocr_par' dir='ltr' id='par_1_57' title="bbox 288 3078 3566 3120">
     <span class='ocr_line' id='line_1_57' title="bbox 288 3078 3566 3120; baseline 0.001 -19"><span class='ocrx_word' id='word_1_426' title='bbox 288 3078 3566 3120; x_wconf 48' lang='grc' dir='ltr'><strong>ῌ--η--η--ῌΜΜ</strong></span> 
     </span>
    </p>
   </div>
   <div class='ocr_carea' id='block_1_58' title="bbox 1467 3178 2430 3317">
    <p class='ocr_par' dir='ltr' id='par_1_58' title="bbox 1467 3178 2430 3317">
     <span class='ocr_line' id='line_1_58' title="bbox 1467 3178 2430 3317; baseline 0.008 -8"><span class='ocrx_word' id='word_1_427' title='bbox 1467 3178 2430 3317; x_wconf 86' lang='lat' dir='ltr'><strong>ELENCHUS</strong></span> 
     </span>
    </p>
   </div>
   <div class='ocr_carea' id='block_1_59' title="bbox 1667 3376 2203 3466">
    <p class='ocr_par' dir='ltr' id='par_1_59' title="bbox 1667 3376 2203 3466">
     <span class='ocr_line' id='line_1_59' title="bbox 1667 3376 2203 3466; baseline 0.009 -5"><span class='ocrx_word' id='word_1_428' title='bbox 1667 3376 2203 3466; x_wconf 87' lang='lat' dir='ltr'><strong>CAPITUM</strong></span> 
     </span>
    </p>
   </div>
   <div class='ocr_carea' id='block_1_60' title="bbox 1018 3528 1882 3653">
    <p class='ocr_par' dir='ltr' id='par_1_60' title="bbox 1018 3528 1854 3645">
     <span class='ocr_line' id='line_1_60' title="bbox 1018 3528 1854 3645; baseline -0.005 0"><span class='ocrx_word' id='word_1_429' title='bbox 1018 3528 1545 3645; x_wconf 73' lang='lat' dir='ltr'><strong>LIBRI</strong></span> <span class='ocrx_word' id='word_1_430' title='bbox 1614 3528 1854 3642; x_wconf 73' lang='lat' dir='ltr'><strong>DE</strong></span> 
     </span>
    </p>
   </div>
   <div class='ocr_carea' id='block_1_61' title="bbox 1989 3528 2938 3653">
    <p class='ocr_par' dir='ltr' id='par_1_61' title="bbox 1989 3531 2938 3653">
     <span class='ocr_line' id='line_1_61' title="bbox 1989 3531 2938 3653; baseline 0.007 -8"><span class='ocrx_word' id='word_1_431' title='bbox 1989 3531 2938 3653; x_wconf 67' lang='lat' dir='ltr'><strong>BAP&#39;I‘ISMO.</strong></span> 
     </span>
    </p>
   </div>
   <div class='ocr_carea' id='block_1_62' title="bbox 276 3698 3593 3792">
    <p class='ocr_par' dir='ltr' id='par_1_62' title="bbox 276 3698 3593 3792">
     <span class='ocr_line' id='line_1_62' title="bbox 276 3698 3593 3792; baseline 0.002 -23"><span class='ocrx_word' id='word_1_432' title='bbox 276 3711 462 3784; x_wconf 88' lang='lat' dir='ltr'><strong>Caput</strong></span> <span class='ocrx_word' id='word_1_433' title='bbox 509 3707 552 3766; x_wconf 90' lang='lat' dir='ltr'><strong>I.</strong></span> <span class='ocrx_word' id='word_1_434' title='bbox 606 3705 891 3763; x_wconf 79' lang='lat' dir='ltr'><strong>Utilitatem</strong></span> <span class='ocrx_word' id='word_1_435' title='bbox 925 3709 972 3759; x_wconf 88' lang='lat' dir='ltr'><strong>et</strong></span> <span class='ocrx_word' id='word_1_436' title='bbox 1017 3701 1333 3757; x_wconf 78' lang='lat' dir='ltr'><strong>occasionem</strong></span> <span class='ocrx_word' id='word_1_437' title='bbox 1379 3699 1535 3767; x_wconf 80' lang='lat' dir='ltr'><strong>huius</strong></span> <span class='ocrx_word' id='word_1_438' title='bbox 1591 3698 1882 3771; x_wconf 82' lang='lat' dir='ltr'><strong>scriptionis</strong></span> <span class='ocrx_word' id='word_1_439' title='bbox 1908 3707 1954 3771; x_wconf 74' lang='grc' dir='ltr'>ο</span> <span class='ocrx_word' id='word_1_440' title='bbox 1988 3700 2057 3757; x_wconf 86' lang='grc' dir='ltr'><strong>Χ.</strong></span> <span class='ocrx_word' id='word_1_441' title='bbox 2113 3703 2380 3772; x_wconf 81' lang='lat' dir='ltr'><strong>Quomodo</strong></span> <span class='ocrx_word' id='word_1_442' title='bbox 2429 3707 2620 3765; x_wconf 79' lang='lat' dir='ltr'><strong>Christi</strong></span> <span class='ocrx_word' id='word_1_443' title='bbox 2655 3710 2950 3784; x_wconf 88' lang='lat' dir='ltr'><strong>Baptismus</strong></span> <span class='ocrx_word' id='word_1_444' title='bbox 2997 3715 3205 3785; x_wconf 78' lang='lat' dir='ltr'><strong>differat</strong></span> <span class='ocrx_word' id='word_1_445' title='bbox 3247 3735 3280 3775; x_wconf 93' lang='lat' dir='ltr'><strong>a</strong></span> <span class='ocrx_word' id='word_1_446' title='bbox 3330 3717 3593 3792; x_wconf 83' lang='lat' dir='ltr'><strong>Baptismo</strong></span> 
     </span>
    </p>
   </div>
   <div class='ocr_carea' id='block_1_63' title="bbox 357 3805 545 3877">
    <p class='ocr_par' dir='ltr' id='par_1_63' title="bbox 357 3805 545 3877">
     <span class='ocr_line' id='line_1_63' title="bbox 357 3805 545 3877; baseline -0.016 -15"><span class='ocrx_word' id='word_1_447' title='bbox 357 3805 545 3877; x_wconf 84' lang='lat' dir='ltr'><strong>aperit.</strong></span> 
     </span>
    </p>
   </div>
   <div class='ocr_carea' id='block_1_64' title="bbox 276 3889 1893 3966">
    <p class='ocr_par' dir='ltr' id='par_1_64' title="bbox 276 3889 1893 3966">
     <span class='ocr_line' id='line_1_64' title="bbox 276 3889 1893 3966; baseline -0.011 -6"><span class='ocrx_word' id='word_1_448' title='bbox 276 3903 349 3960; x_wconf 91' lang='lat' dir='ltr'><strong>II.</strong></span> <span class='ocrx_word' id='word_1_449' title='bbox 394 3897 658 3956; x_wconf 83' lang='lat' dir='ltr'><strong>lncreduli</strong></span> <span class='ocrx_word' id='word_1_450' title='bbox 682 3894 1006 3966; x_wconf 81' lang='lat' dir='ltr'><strong>simplicitate</strong></span> <span class='ocrx_word' id='word_1_451' title='bbox 1034 3892 1286 3964; x_wconf 88' lang='lat' dir='ltr'><strong>Baptismi</strong></span> <span class='ocrx_word' id='word_1_452' title='bbox 1329 3899 1375 3948; x_wconf 90' lang='lat' dir='ltr'><strong>et</strong></span> <span class='ocrx_word' id='word_1_453' title='bbox 1414 3889 1767 3962; x_wconf 85' lang='lat' dir='ltr'><strong>magnitudine</strong></span> <span class='ocrx_word' id='word_1_454' title='bbox 1811 3892 1893 3962; x_wconf 86' lang='lat' dir='ltr'><strong>ef-</strong></span> 
     </span>
    </p>
   </div>
   <div class='ocr_carea' id='block_1_65' title="bbox 359 3982 1896 4070">
    <p class='ocr_par' dir='ltr' id='par_1_65' title="bbox 359 3982 1896 4070">
     <span class='ocr_line' id='line_1_65' title="bbox 359 3982 1896 4070; baseline -0.008 -20"><span class='ocrx_word' id='word_1_455' title='bbox 359 3999 522 4070; x_wconf 81' lang='lat' dir='ltr'><strong>fectus</strong></span> <span class='ocrx_word' id='word_1_456' title='bbox 543 3988 898 4060; x_wconf 79' lang='lat' dir='ltr'><strong>oﬂenduntur,</strong></span> <span class='ocrx_word' id='word_1_457' title='bbox 944 4002 1058 4059; x_wconf 73' lang='lat' dir='ltr'><strong>qua:</strong></span> <span class='ocrx_word' id='word_1_458' title='bbox 1078 3986 1241 4057; x_wconf 88' lang='lat' dir='ltr'><strong>magis</strong></span> <span class='ocrx_word' id='word_1_459' title='bbox 1280 3984 1610 4040; x_wconf 79' lang='lat' dir='ltr'><strong>admirationi</strong></span> <span class='ocrx_word' id='word_1_460' title='bbox 1636 3982 1762 4054; x_wconf 81' lang='lat' dir='ltr'><strong>ipsis</strong></span> <span class='ocrx_word' id='word_1_461' title='bbox 1787 3997 1896 4037; x_wconf 85' lang='lat' dir='ltr'><strong>esse</strong></span> 
     </span>
    </p>
   </div>
   <div class='ocr_carea' id='block_1_66' title="bbox 361 4087 616 4143">
    <p class='ocr_par' dir='ltr' id='par_1_66' title="bbox 361 4087 616 4143">
     <span class='ocr_line' id='line_1_66' title="bbox 361 4087 616 4143; baseline -0.008 0"><span class='ocrx_word' id='word_1_462' title='bbox 361 4087 616 4143; x_wconf 85' lang='lat' dir='ltr'><strong>deberent.</strong></span> 
     </span>
    </p>
   </div>
   <div class='ocr_carea' id='block_1_67' title="bbox 280 4167 1895 4246">
    <p class='ocr_par' dir='ltr' id='par_1_67' title="bbox 280 4167 1895 4246">
     <span class='ocr_line' id='line_1_67' title="bbox 280 4167 1895 4246; baseline -0.009 -9"><span class='ocrx_word' id='word_1_463' title='bbox 280 4177 386 4237; x_wconf 90' lang='lat' dir='ltr'><strong>III.</strong></span> <span class='ocrx_word' id='word_1_464' title='bbox 420 4176 682 4231; x_wconf 87' lang='lat' dir='ltr'><strong>Elemento</strong></span> <span class='ocrx_word' id='word_1_465' title='bbox 700 4187 846 4246; x_wconf 73' lang='lat' dir='ltr'><strong>aqua:</strong></span> <span class='ocrx_word' id='word_1_466' title='bbox 865 4172 979 4244; x_wconf 88' lang='lat' dir='ltr'><strong>jam</strong></span> <span class='ocrx_word' id='word_1_467' title='bbox 1001 4170 1055 4224; x_wconf 91' lang='lat' dir='ltr'><strong>in</strong></span> <span class='ocrx_word' id='word_1_468' title='bbox 1071 4169 1251 4224; x_wconf 88' lang='lat' dir='ltr'><strong>mundi</strong></span> <span class='ocrx_word' id='word_1_469' title='bbox 1272 4168 1566 4242; x_wconf 85' lang='lat' dir='ltr'><strong>primordiis</strong></span> <span class='ocrx_word' id='word_1_470' title='bbox 1582 4167 1895 4240; x_wconf 84' lang='lat' dir='ltr'><strong>singularem</strong></span> 
     </span>
    </p>
   </div>
   <div class='ocr_carea' id='block_1_68' title="bbox 363 4261 1894 4341">
    <p class='ocr_par' dir='ltr' id='par_1_68' title="bbox 363 4261 1894 4341">
     <span class='ocr_line' id='line_1_68' title="bbox 363 4261 1894 4341; baseline -0.006 -17"><span class='ocrx_word' id='word_1_471' title='bbox 363 4271 469 4324; x_wconf 68' lang='lat' dir='ltr'><strong>vin:</strong></span> <span class='ocrx_word' id='word_1_472' title='bbox 495 4277 540 4324; x_wconf 89' lang='lat' dir='ltr'><strong>et</strong></span> <span class='ocrx_word' id='word_1_473' title='bbox 564 4266 847 4341; x_wconf 79' lang='lat' dir='ltr'><strong>efﬁcaciam</strong></span> <span class='ocrx_word' id='word_1_474' title='bbox 871 4262 1146 4319; x_wconf 87' lang='lat' dir='ltr'><strong>animandi</strong></span> <span class='ocrx_word' id='word_1_475' title='bbox 1170 4264 1415 4317; x_wconf 83' lang='lat' dir='ltr'><strong>insertam</strong></span> <span class='ocrx_word' id='word_1_476' title='bbox 1458 4263 1616 4333; x_wconf 84' lang='lat' dir='ltr'><strong>fuisse</strong></span> <span class='ocrx_word' id='word_1_477' title='bbox 1657 4261 1894 4316; x_wconf 86' lang='lat' dir='ltr'><strong>demons-</strong></span> 
     </span>
    </p>
   </div>
   <div class='ocr_carea' id='block_1_69' title="bbox 366 4370 492 4419">
    <p class='ocr_par' dir='ltr' id='par_1_69' title="bbox 366 4370 492 4419">
     <span class='ocr_line' id='line_1_69' title="bbox 366 4370 492 4419; baseline -0.024 0"><span class='ocrx_word' id='word_1_478' title='bbox 366 4370 492 4419; x_wconf 83' lang='lat' dir='ltr'><strong>trat.</strong></span> 
     </span>
    </p>
   </div>
   <div class='ocr_carea' id='block_1_70' title="bbox 2067 3798 2327 3856">
    <p class='ocr_par' dir='ltr' id='par_1_70' title="bbox 2067 3798 2327 3856">
     <span class='ocr_line' id='line_1_70' title="bbox 2067 3798 2327 3856; baseline 0.008 -2"><span class='ocrx_word' id='word_1_479' title='bbox 2067 3798 2287 3856; x_wconf 80' lang='lat' dir='ltr'><strong>Joannis</strong></span> <span class='ocrx_word' id='word_1_480' title='bbox 2300 3801 2327 3855; x_wconf 72' lang='grc' dir='ltr'><strong><em>Ρ</em></strong></span> 
     </span>
    </p>
   </div>
   <div class='ocr_carea' id='block_1_71' title="bbox 1996 3889 3597 3983">
    <p class='ocr_par' dir='ltr' id='par_1_71' title="bbox 1996 3889 3597 3983">
     <span class='ocr_line' id='line_1_71' title="bbox 1996 3889 3597 3983; baseline 0.012 -36"><span class='ocrx_word' id='word_1_481' title='bbox 1996 3889 2088 3947; x_wconf 85' lang='lat' dir='ltr'><strong>XI.</strong></span> <span class='ocrx_word' id='word_1_482' title='bbox 2133 3893 2389 3950; x_wconf 81' lang='lat' dir='ltr'><strong>Christum</strong></span> <span class='ocrx_word' id='word_1_483' title='bbox 2440 3914 2543 3953; x_wconf 89' lang='lat' dir='ltr'><strong>non</strong></span> <span class='ocrx_word' id='word_1_484' title='bbox 2586 3899 2791 3971; x_wconf 86' lang='lat' dir='ltr'><strong>quidem</strong></span> <span class='ocrx_word' id='word_1_485' title='bbox 2846 3920 2937 3974; x_wconf 88' lang='lat' dir='ltr'><strong>per</strong></span> <span class='ocrx_word' id='word_1_486' title='bbox 2992 3914 3189 3974; x_wconf 88' lang='lat' dir='ltr'><strong>semet,</strong></span> <span class='ocrx_word' id='word_1_487' title='bbox 3235 3916 3460 3966; x_wconf 84' lang='lat' dir='ltr'><strong>attamen</strong></span> <span class='ocrx_word' id='word_1_488' title='bbox 3505 3928 3597 3983; x_wconf 83' lang='lat' dir='ltr'><strong>per</strong></span> 
     </span>
    </p>
   </div>
   <div class='ocr_carea' id='block_1_72' title="bbox 2067 3985 2670 4059">
    <p class='ocr_par' dir='ltr' id='par_1_72' title="bbox 2067 3985 2670 4059">
     <span class='ocr_line' id='line_1_72' title="bbox 2067 3985 2670 4059; baseline 0.012 -23"><span class='ocrx_word' id='word_1_489' title='bbox 2067 3985 2340 4052; x_wconf 84' lang='lat' dir='ltr'><strong>Apostolos</strong></span> <span class='ocrx_word' id='word_1_490' title='bbox 2367 3988 2670 4059; x_wconf 73' lang='lat' dir='ltr'><strong>baptizasse.</strong></span> 
     </span>
    </p>
   </div>
   <div class='ocr_carea' id='block_1_73' title="bbox 2000 4074 3601 4164">
    <p class='ocr_par' dir='ltr' id='par_1_73' title="bbox 2000 4074 3601 4164">
     <span class='ocr_line' id='line_1_73' title="bbox 2000 4074 3601 4164; baseline 0.014 -33"><span class='ocrx_word' id='word_1_491' title='bbox 2000 4074 2114 4132; x_wconf 83' lang='lat' dir='ltr'><strong>XII.</strong></span> <span class='ocrx_word' id='word_1_492' title='bbox 2147 4079 2228 4133; x_wconf 81' lang='lat' dir='ltr'><strong>An</strong></span> <span class='ocrx_word' id='word_1_493' title='bbox 2279 4080 2509 4152; x_wconf 84' lang='lat' dir='ltr'><strong>Apostoli</strong></span> <span class='ocrx_word' id='word_1_494' title='bbox 2555 4084 2708 4138; x_wconf 86' lang='lat' dir='ltr'><strong>etiam</strong></span> <span class='ocrx_word' id='word_1_495' title='bbox 2754 4085 2889 4158; x_wconf 89' lang='lat' dir='ltr'><strong>ipsi,</strong></span> <span class='ocrx_word' id='word_1_496' title='bbox 2917 4097 2966 4142; x_wconf 92' lang='lat' dir='ltr'><strong>et</strong></span> <span class='ocrx_word' id='word_1_497' title='bbox 3003 4105 3103 4161; x_wconf 88' lang='lat' dir='ltr'><strong>quo</strong></span> <span class='ocrx_word' id='word_1_498' title='bbox 3129 4088 3395 4164; x_wconf 87' lang='lat' dir='ltr'><strong>Baptismo</strong></span> <span class='ocrx_word' id='word_1_499' title='bbox 3439 4096 3601 4152; x_wconf 86' lang='lat' dir='ltr'><strong>abluti</strong></span> 
     </span>
    </p>
   </div>
   <div class='ocr_carea' id='block_1_74' title="bbox 2071 4172 2304 4243">
    <p class='ocr_par' dir='ltr' id='par_1_74' title="bbox 2071 4172 2304 4243">
     <span class='ocr_line' id='line_1_74' title="bbox 2071 4172 2304 4243; baseline 0.004 -18"><span class='ocrx_word' id='word_1_500' title='bbox 2071 4172 2260 4243; x_wconf 79' lang='lat' dir='ltr'><strong>fuerint</strong></span> <span class='ocrx_word' id='word_1_501' title='bbox 2281 4173 2304 4226; x_wconf 86' lang='lat'><strong>?</strong></span> 
     </span>
    </p>
   </div>
   <div class='ocr_carea' id='block_1_75' title="bbox 1999 4264 3595 4343">
    <p class='ocr_par' dir='ltr' id='par_1_75' title="bbox 1999 4264 3595 4343">
     <span class='ocr_line' id='line_1_75' title="bbox 1999 4264 3595 4343; baseline 0.01 -24"><span class='ocrx_word' id='word_1_502' title='bbox 1999 4264 2139 4322; x_wconf 82' lang='lat' dir='ltr'><strong>XIII.</strong></span> <span class='ocrx_word' id='word_1_503' title='bbox 2186 4265 2264 4324; x_wconf 89' lang='lat' dir='ltr'><strong>De</strong></span> <span class='ocrx_word' id='word_1_504' title='bbox 2308 4268 2605 4325; x_wconf 81' lang='lat' dir='ltr'><strong>necessitate</strong></span> <span class='ocrx_word' id='word_1_505' title='bbox 2627 4268 2889 4343; x_wconf 86' lang='lat' dir='ltr'><strong>Baptismi</strong></span> <span class='ocrx_word' id='word_1_506' title='bbox 2918 4274 3150 4332; x_wconf 86' lang='lat' dir='ltr'><strong>omnibus</strong></span> <span class='ocrx_word' id='word_1_507' title='bbox 3180 4276 3468 4335; x_wconf 70' lang='lat' dir='ltr'><strong>horninibus</strong></span> <span class='ocrx_word' id='word_1_508' title='bbox 3510 4280 3595 4335; x_wconf 86' lang='lat' dir='ltr'><strong>in-</strong></span> 
     </span>
    </p>
   </div>
   <div class='ocr_carea' id='block_1_76' title="bbox 2072 4357 2244 4414">
    <p class='ocr_par' dir='ltr' id='par_1_76' title="bbox 2072 4357 2244 4414">
     <span class='ocr_line' id='line_1_76' title="bbox 2072 4357 2244 4414; baseline 0.012 -2"><span class='ocrx_word' id='word_1_509' title='bbox 2072 4357 2244 4414; x_wconf 89' lang='lat' dir='ltr'><strong>ducta.</strong></span> 
     </span>
    </p>
   </div>
   <div class='ocr_carea' id='block_1_77' title="bbox 281 4414 3597 4530">
    <p class='ocr_par' dir='ltr' id='par_1_77' title="bbox 281 4414 3597 4530">
     <span class='ocr_line' id='line_1_77' title="bbox 281 4414 3597 4530; baseline -0.005 -16"><span class='ocrx_word' id='word_1_510' title='bbox 281 4414 736 4514; x_wconf 34' lang='lat' dir='ltr'><strong>IV&#39;.—Iilementum</strong></span> <span class='ocrx_word' id='word_1_511' title='bbox 756 4465 906 4522; x_wconf 75' lang='lat' dir='ltr'><strong>aqua:</strong></span> <span class='ocrx_word' id='word_1_512' title='bbox 932 4464 1042 4521; x_wconf 77' lang='lat' dir='ltr'><strong>pra:</strong></span> <span class='ocrx_word' id='word_1_513' title='bbox 1062 4448 1279 4516; x_wconf 65' lang='lat' dir='ltr'><strong>cateris,</strong></span> <span class='ocrx_word' id='word_1_514' title='bbox 1303 4454 1359 4501; x_wconf 88' lang='lat' dir='ltr'><strong>ut</strong></span> <span class='ocrx_word' id='word_1_515' title='bbox 1379 4445 1449 4501; x_wconf 90' lang='lat' dir='ltr'><strong>ad</strong></span> <span class='ocrx_word' id='word_1_516' title='bbox 1476 4444 1898 4513; x_wconf 76' lang='lat' dir='ltr'><strong>sanctificandam</strong></span> <span class='ocrx_word' id='word_1_517' title='bbox 2002 4450 2140 4511; x_wconf 77' lang='lat' dir='ltr'><strong>XIV.</strong></span> <span class='ocrx_word' id='word_1_518' title='bbox 2175 4414 2444 4518; x_wconf 80' lang='lat' dir='ltr'><strong>Quomodo</strong></span> <span class='ocrx_word' id='word_1_519' title='bbox 2468 4457 2853 4530; x_wconf 80' lang='lat' dir='ltr'><strong>intelligendum</strong></span> <span class='ocrx_word' id='word_1_520' title='bbox 2882 4457 2945 4514; x_wconf 76' lang='lat' dir='ltr'><strong>sit</strong></span> <span class='ocrx_word' id='word_1_521' title='bbox 2975 4457 3106 4513; x_wconf 75' lang='lat' dir='ltr'><strong>illud</strong></span> <span class='ocrx_word' id='word_1_522' title='bbox 3130 4458 3194 4515; x_wconf 73' lang='lat' dir='ltr'><strong>s,</strong></span> <span class='ocrx_word' id='word_1_523' title='bbox 3237 4458 3397 4517; x_wconf 72' lang='grc' dir='ltr'><strong>Ραιιιί</strong></span> <span class='ocrx_word' id='word_1_524' title='bbox 3424 4461 3441 4517; x_wconf 78' lang='grc' dir='ltr'>ι</span> <span class='ocrx_word' id='word_1_525' title='bbox 3476 4463 3597 4519; x_wconf 59' lang='grc' dir='ltr'><strong>σον,</strong></span> 
     </span>
    </p>
   </div>
   <div class='ocr_carea' id='block_1_78' title="bbox 361 4538 1717 4609">
    <p class='ocr_par' dir='ltr' id='par_1_78' title="bbox 361 4538 1717 4609">
     <span class='ocr_line' id='line_1_78' title="bbox 361 4538 1717 4609; baseline -0.007 -9"><span class='ocrx_word' id='word_1_526' title='bbox 361 4546 592 4602; x_wconf 83' lang='lat' dir='ltr'><strong>animum</strong></span> <span class='ocrx_word' id='word_1_527' title='bbox 622 4552 983 4609; x_wconf 84' lang='lat' dir='ltr'><strong>assumeretur,</strong></span> <span class='ocrx_word' id='word_1_528' title='bbox 1025 4539 1264 4595; x_wconf 90' lang='lat' dir='ltr'><strong>idoneum</strong></span> <span class='ocrx_word' id='word_1_529' title='bbox 1295 4540 1454 4609; x_wconf 81' lang='lat' dir='ltr'><strong>fuisse</strong></span> <span class='ocrx_word' id='word_1_530' title='bbox 1482 4538 1717 4594; x_wconf 89' lang='lat' dir='ltr'><strong>ostendit.</strong></span> 
     </span>
    </p>
   </div>
   <div class='ocr_carea' id='block_1_79' title="bbox 2074 4547 3604 4622">
    <p class='ocr_par' dir='ltr' id='par_1_79' title="bbox 2074 4547 3604 4622">
     <span class='ocr_line' id='line_1_79' title="bbox 2074 4547 3604 4622; baseline 0.003 -17"><span class='ocrx_word' id='word_1_531' title='bbox 2074 4567 2121 4606; x_wconf 92' lang='lat' dir='ltr'><strong>c.</strong></span> <span class='ocrx_word' id='word_1_532' title='bbox 2147 4548 2200 4619; x_wconf 90' lang='grc'><strong>1,</strong></span> <span class='ocrx_word' id='word_1_533' title='bbox 2235 4552 2325 4618; x_wconf 77' lang='lat' dir='ltr'><strong>I7,</strong></span> <span class='ocrx_word' id='word_1_534' title='bbox 2364 4551 2480 4609; x_wconf 87' lang='lat' dir='ltr'><strong>Non</strong></span> <span class='ocrx_word' id='word_1_535' title='bbox 2521 4551 2666 4607; x_wconf 89' lang='lat' dir='ltr'><strong>misit</strong></span> <span class='ocrx_word' id='word_1_536' title='bbox 2692 4565 2780 4607; x_wconf 92' lang='lat' dir='ltr'><strong>me</strong></span> <span class='ocrx_word' id='word_1_537' title='bbox 2798 4547 3044 4607; x_wconf 90' lang='lat' dir='ltr'><strong>Christus</strong></span> <span class='ocrx_word' id='word_1_538' title='bbox 3071 4550 3360 4622; x_wconf 86' lang='lat' dir='ltr'><strong>baptizare,</strong></span> <span class='ocrx_word' id='word_1_539' title='bbox 3384 4564 3479 4612; x_wconf 88' lang='lat' dir='ltr'><strong>etc.</strong></span> <span class='ocrx_word' id='word_1_540' title='bbox 3503 4555 3530 4610; x_wconf 80' lang='lat'><strong><em>?</em></strong></span> <span class='ocrx_word' id='word_1_541' title='bbox 3580 4566 3604 4622; x_wconf 67' lang='grc' dir='ltr'><strong>,ε</strong></span> 
     </span>
    </p>
   </div>
   <div class='ocr_carea' id='block_1_80' title="bbox 279 4629 3603 4737">
    <p class='ocr_par' dir='ltr' id='par_1_80' title="bbox 279 4629 3603 4737">
     <span class='ocr_line' id='line_1_80' title="bbox 279 4629 3603 4737; baseline -0.005 -39"><span class='ocrx_word' id='word_1_542' title='bbox 279 4642 360 4699; x_wconf 77' lang='grc' dir='ltr'><strong>ν.</strong></span> <span class='ocrx_word' id='word_1_543' title='bbox 408 4637 612 4737; x_wconf 45' lang='lat' dir='ltr'><strong>Majori-</strong></span> <span class='ocrx_word' id='word_1_544' title='bbox 634 4636 804 4737; x_wconf 75' lang='lat' dir='ltr'><strong>utique</strong></span> <span class='ocrx_word' id='word_1_545' title='bbox 814 4635 935 4705; x_wconf 86' lang='lat' dir='ltr'><strong>jure</strong></span> <span class='ocrx_word' id='word_1_546' title='bbox 975 4649 1007 4687; x_wconf 91' lang='lat' dir='ltr'><strong>a</strong></span> <span class='ocrx_word' id='word_1_547' title='bbox 1036 4631 1372 4737; x_wconf 44' lang='lat' dir='ltr'><strong>.Christianis,</strong></span> <span class='ocrx_word' id='word_1_548' title='bbox 1419 4646 1577 4737; x_wconf 52' lang='lat' dir='ltr'><strong>quam.</strong></span> <span class='ocrx_word' id='word_1_549' title='bbox 1593 4629 1898 4737; x_wconf 77' lang='lat' dir='ltr'><strong>gentilibus,</strong></span> <span class='ocrx_word' id='word_1_550' title='bbox 2004 4646 2121 4705; x_wconf 49' lang='lat' dir='ltr'><strong>xv.</strong></span> <span class='ocrx_word' id='word_1_551' title='bbox 2168 4646 2338 4703; x_wconf 69' lang='lat' dir='ltr'><strong>Unum</strong></span> <span class='ocrx_word' id='word_1_552' title='bbox 2363 4662 2510 4720; x_wconf 56' lang='lat' dir='ltr'><strong>aqua,</strong></span> <span class='ocrx_word' id='word_1_553' title='bbox 2553 4646 2874 4737; x_wconf 55' lang='lat' dir='ltr'><strong>Baptismum</strong></span> <span class='ocrx_word' id='word_1_554' title='bbox 2907 4661 3042 4715; x_wconf 52' lang='lat' dir='ltr'><strong>“se,</strong></span> <span class='ocrx_word' id='word_1_555' title='bbox 3073 4662 3134 4702; x_wconf 66' lang='grc' dir='ltr'><strong>ηε</strong></span> <span class='ocrx_word' id='word_1_556' title='bbox 3177 4648 3391 4718; x_wconf 63' lang='lat' dir='ltr'><strong>proinde</strong></span> <span class='ocrx_word' id='word_1_557' title='bbox 3425 4652 3603 4706; x_wconf 61' lang='lat' dir='ltr'><strong>mmr;</strong></span> 
     </span>
    </p>
   </div>
   <div class='ocr_carea' id='block_1_81' title="bbox 362 4721 1708 4816">
    <p class='ocr_par' dir='ltr' id='par_1_81' title="bbox 362 4721 1708 4816">
     <span class='ocr_line' id='line_1_81' title="bbox 362 4721 1708 4816; baseline -0.008 -30"><span class='ocrx_word' id='word_1_558' title='bbox 362 4731 471 4788; x_wconf 75' lang='lat' dir='ltr'><strong>vim</strong></span> <span class='ocrx_word' id='word_1_559' title='bbox 497 4727 736 4816; x_wconf 57' lang='lat' dir='ltr'><strong>eagpiandi</strong></span> <span class='ocrx_word' id='word_1_560' title='bbox 765 4735 970 4798; x_wconf 88' lang='lat' dir='ltr'><strong>peccata</strong></span> <span class='ocrx_word' id='word_1_561' title='bbox 987 4766 1001 4791; x_wconf 94' lang='lat'><strong>,</strong></span> <span class='ocrx_word' id='word_1_562' title='bbox 1030 4726 1082 4780; x_wconf 88' lang='lat' dir='ltr'><strong>in</strong></span> <span class='ocrx_word' id='word_1_563' title='bbox 1107 4740 1240 4795; x_wconf 86' lang='lat' dir='ltr'><strong>aqua</strong></span> <span class='ocrx_word' id='word_1_564' title='bbox 1268 4721 1508 4778; x_wconf 82' lang='lat' dir='ltr'><strong>constitui</strong></span> <span class='ocrx_word' id='word_1_565' title='bbox 1542 4722 1708 4776; x_wconf 89' lang='lat' dir='ltr'><strong>docet.</strong></span> 
     </span>
    </p>
   </div>
   <div class='ocr_carea' id='block_1_82' title="bbox 2077 4757 2386 4811">
    <p class='ocr_par' dir='ltr' id='par_1_82' title="bbox 2077 4757 2386 4811">
     <span class='ocr_line' id='line_1_82' title="bbox 2077 4757 2386 4811; baseline 0.006 -17"><span class='ocrx_word' id='word_1_566' title='bbox 2077 4757 2179 4795; x_wconf 88' lang='lat' dir='ltr'><strong>non</strong></span> <span class='ocrx_word' id='word_1_567' title='bbox 2219 4757 2386 4811; x_wconf 86' lang='lat' dir='ltr'><strong>posse.</strong></span> 
     </span>
    </p>
   </div>
   <div class='ocr_carea' id='block_1_83' title="bbox 278 4814 2901 4905">
    <p class='ocr_par' dir='ltr' id='par_1_83' title="bbox 278 4814 2901 4905">
     <span class='ocr_line' id='line_1_83' title="bbox 278 4814 2901 4905; baseline -0.004 -20"><span class='ocrx_word' id='word_1_568' title='bbox 278 4825 385 4885; x_wconf 75' lang='lat' dir='ltr'><strong>Vl.</strong></span> <span class='ocrx_word' id='word_1_569' title='bbox 432 4821 502 4877; x_wconf 86' lang='lat' dir='ltr'><strong>In</strong></span> <span class='ocrx_word' id='word_1_570' title='bbox 548 4814 682 4893; x_wconf 85' lang='lat' dir='ltr'><strong>aqua</strong></span> <span class='ocrx_word' id='word_1_571' title='bbox 731 4836 821 4890; x_wconf 85' lang='lat' dir='ltr'><strong>per</strong></span> <span class='ocrx_word' id='word_1_572' title='bbox 864 4817 1186 4889; x_wconf 87' lang='lat' dir='ltr'><strong>Baptismum</strong></span> <span class='ocrx_word' id='word_1_573' title='bbox 1231 4816 1534 4871; x_wconf 88' lang='lat' dir='ltr'><strong>emundatos</strong></span> <span class='ocrx_word' id='word_1_574' title='bbox 1584 4814 1656 4869; x_wconf 87' lang='lat' dir='ltr'><strong>ad</strong></span> <span class='ocrx_word' id='word_1_575' title='bbox 1705 4815 1903 4886; x_wconf 88' lang='lat' dir='ltr'><strong>majora</strong></span> <span class='ocrx_word' id='word_1_576' title='bbox 2007 4831 2146 4888; x_wconf 58' lang='lat' dir='ltr'><strong>xw,</strong></span> <span class='ocrx_word' id='word_1_577' title='bbox 2190 4831 2270 4888; x_wconf 70' lang='lat' dir='ltr'><strong>De</strong></span> <span class='ocrx_word' id='word_1_578' title='bbox 2295 4830 2558 4905; x_wconf 69' lang='grc' dir='ltr'><strong>Βαριίεηιο</strong></span> <span class='ocrx_word' id='word_1_579' title='bbox 2584 4832 2901 4905; x_wconf 41' lang='lat' dir='ltr'><strong>sanguinis;</strong></span> 
     </span>
    </p>
   </div>
   <div class='ocr_carea' id='block_1_84' title="bbox 364 4908 1595 4989">
    <p class='ocr_par' dir='ltr' id='par_1_84' title="bbox 364 4908 1595 4989">
     <span class='ocr_line' id='line_1_84' title="bbox 364 4908 1595 4989; baseline -0.009 -17"><span class='ocrx_word' id='word_1_580' title='bbox 364 4914 609 4989; x_wconf 84' lang='lat' dir='ltr'><strong>Spiritus</strong></span> <span class='ocrx_word' id='word_1_581' title='bbox 625 4911 806 4967; x_wconf 85' lang='lat' dir='ltr'><strong>Sancti</strong></span> <span class='ocrx_word' id='word_1_582' title='bbox 835 4910 972 4965; x_wconf 87' lang='lat' dir='ltr'><strong>dona</strong></span> <span class='ocrx_word' id='word_1_583' title='bbox 1000 4926 1092 4965; x_wconf 90' lang='lat' dir='ltr'><strong>nos</strong></span> <span class='ocrx_word' id='word_1_584' title='bbox 1125 4909 1409 4982; x_wconf 79' lang='lat' dir='ltr'><strong>prteparari</strong></span> <span class='ocrx_word' id='word_1_585' title='bbox 1433 4908 1595 4965; x_wconf 87' lang='lat' dir='ltr'><strong>docet.</strong></span> 
     </span>
    </p>
   </div>
   <div class='ocr_carea' id='block_1_85' title="bbox 282 5000 1844 5074">
    <p class='ocr_par' dir='ltr' id='par_1_85' title="bbox 282 5000 1844 5074">
     <span class='ocr_line' id='line_1_85' title="bbox 282 5000 1844 5074; baseline -0.01 -6"><span class='ocrx_word' id='word_1_586' title='bbox 282 5007 413 5068; x_wconf 76' lang='lat' dir='ltr'><strong>VII.</strong></span> <span class='ocrx_word' id='word_1_587' title='bbox 461 5004 543 5060; x_wconf 88' lang='lat' dir='ltr'><strong>De</strong></span> <span class='ocrx_word' id='word_1_588' title='bbox 562 5003 803 5060; x_wconf 88' lang='lat' dir='ltr'><strong>unctione</strong></span> <span class='ocrx_word' id='word_1_589' title='bbox 838 5013 950 5074; x_wconf 88' lang='lat' dir='ltr'><strong>post</strong></span> <span class='ocrx_word' id='word_1_590' title='bbox 979 5000 1299 5072; x_wconf 85' lang='lat' dir='ltr'><strong>Baptismum</strong></span> <span class='ocrx_word' id='word_1_591' title='bbox 1327 5001 1559 5057; x_wconf 79' lang='lat' dir='ltr'><strong>adhiberi</strong></span> <span class='ocrx_word' id='word_1_592' title='bbox 1586 5007 1844 5056; x_wconf 84' lang='lat' dir='ltr'><strong>consueta.</strong></span> 
     </span>
    </p>
   </div>
   <div class='ocr_carea' id='block_1_86' title="bbox 283 5092 1904 5167">
    <p class='ocr_par' dir='ltr' id='par_1_86' title="bbox 283 5092 1904 5167">
     <span class='ocr_line' id='line_1_86' title="bbox 283 5092 1904 5167; baseline -0.007 -9"><span class='ocrx_word' id='word_1_593' title='bbox 283 5098 438 5158; x_wconf 78' lang='lat' dir='ltr'><strong>VIII.</strong></span> <span class='ocrx_word' id='word_1_594' title='bbox 472 5096 552 5151; x_wconf 86' lang='lat' dir='ltr'><strong>De</strong></span> <span class='ocrx_word' id='word_1_595' title='bbox 586 5095 911 5167; x_wconf 86' lang='lat' dir='ltr'><strong>impositione</strong></span> <span class='ocrx_word' id='word_1_596' title='bbox 935 5110 1176 5148; x_wconf 89' lang='lat' dir='ltr'><strong>manuum</strong></span> <span class='ocrx_word' id='word_1_597' title='bbox 1215 5104 1326 5165; x_wconf 84' lang='lat' dir='ltr'><strong>post</strong></span> <span class='ocrx_word' id='word_1_598' title='bbox 1352 5092 1705 5165; x_wconf 85' lang='lat' dir='ltr'><strong>Baptismum,</strong></span> <span class='ocrx_word' id='word_1_599' title='bbox 1738 5092 1904 5148; x_wconf 83' lang='lat' dir='ltr'><strong>illius-</strong></span> 
     </span>
    </p>
   </div>
   <div class='ocr_carea' id='block_1_87' title="bbox 364 5188 884 5262">
    <p class='ocr_par' dir='ltr' id='par_1_87' title="bbox 364 5188 884 5262">
     <span class='ocr_line' id='line_1_87' title="bbox 364 5188 884 5262; baseline -0.008 -17"><span class='ocrx_word' id='word_1_600' title='bbox 364 5206 470 5262; x_wconf 89' lang='lat' dir='ltr'><strong>que</strong></span> <span class='ocrx_word' id='word_1_601' title='bbox 492 5188 884 5259; x_wconf 77' lang='lat' dir='ltr'><strong>significatione.</strong></span> 
     </span>
    </p>
   </div>
   <div class='ocr_carea' id='block_1_88' title="bbox 2005 4924 3602 4998">
    <p class='ocr_par' dir='ltr' id='par_1_88' title="bbox 2005 4924 3602 4998">
     <span class='ocr_line' id='line_1_88' title="bbox 2005 4924 3602 4998; baseline -0.001 -14"><span class='ocrx_word' id='word_1_602' title='bbox 2005 4925 2168 4984; x_wconf 78' lang='lat' dir='ltr'><strong>XVII.</strong></span> <span class='ocrx_word' id='word_1_603' title='bbox 2200 4924 2279 4982; x_wconf 89' lang='lat' dir='ltr'><strong>De</strong></span> <span class='ocrx_word' id='word_1_604' title='bbox 2327 4926 2556 4981; x_wconf 83' lang='lat' dir='ltr'><strong>ministro</strong></span> <span class='ocrx_word' id='word_1_605' title='bbox 2581 4925 2858 4998; x_wconf 86' lang='lat' dir='ltr'><strong>Baptismi,</strong></span> <span class='ocrx_word' id='word_1_606' title='bbox 2904 4924 3165 4982; x_wconf 88' lang='lat' dir='ltr'><strong>ordinario</strong></span> <span class='ocrx_word' id='word_1_607' title='bbox 3208 4932 3257 4981; x_wconf 90' lang='lat' dir='ltr'><strong>et</strong></span> <span class='ocrx_word' id='word_1_608' title='bbox 3301 4924 3602 4983; x_wconf 75' lang='lat' dir='ltr'><strong>extraordi-</strong></span> 
     </span>
    </p>
   </div>
   <div class='ocr_carea' id='block_1_89' title="bbox 2080 5038 2247 5076">
    <p class='ocr_par' dir='ltr' id='par_1_89' title="bbox 2080 5038 2247 5076">
     <span class='ocr_line' id='line_1_89' title="bbox 2080 5038 2247 5076; baseline -0.006 0"><span class='ocrx_word' id='word_1_609' title='bbox 2080 5038 2247 5076; x_wconf 79' lang='lat' dir='ltr'><strong>narro.</strong></span> 
     </span>
    </p>
   </div>
   <div class='ocr_carea' id='block_1_90' title="bbox 2011 5112 2866 5187">
    <p class='ocr_par' dir='ltr' id='par_1_90' title="bbox 2011 5112 2866 5187">
     <span class='ocr_line' id='line_1_90' title="bbox 2011 5112 2866 5187; baseline -0.007 -12"><span class='ocrx_word' id='word_1_610' title='bbox 2011 5115 2200 5175; x_wconf 80' lang='lat' dir='ltr'><strong>XVIII.</strong></span> <span class='ocrx_word' id='word_1_611' title='bbox 2240 5113 2320 5171; x_wconf 91' lang='lat' dir='ltr'><strong>De</strong></span> <span class='ocrx_word' id='word_1_612' title='bbox 2347 5113 2572 5182; x_wconf 84' lang='lat' dir='ltr'><strong>subiecto</strong></span> <span class='ocrx_word' id='word_1_613' title='bbox 2595 5112 2866 5187; x_wconf 84' lang='lat' dir='ltr'><strong>Baptismi.</strong></span> 
     </span>
    </p>
   </div>
   <div class='ocr_carea' id='block_1_91' title="bbox 2012 5204 3147 5277">
    <p class='ocr_par' dir='ltr' id='par_1_91' title="bbox 2012 5204 3147 5277">
     <span class='ocr_line' id='line_1_91' title="bbox 2012 5204 3147 5277; baseline -0.001 -12"><span class='ocrx_word' id='word_1_614' title='bbox 2012 5208 2158 5266; x_wconf 80' lang='lat' dir='ltr'><strong>XIX.</strong></span> <span class='ocrx_word' id='word_1_615' title='bbox 2206 5205 2286 5262; x_wconf 87' lang='lat' dir='ltr'><strong>De</strong></span> <span class='ocrx_word' id='word_1_616' title='bbox 2311 5215 2531 5277; x_wconf 86' lang='lat' dir='ltr'><strong>tempore</strong></span> <span class='ocrx_word' id='word_1_617' title='bbox 2554 5204 2809 5276; x_wconf 86' lang='lat' dir='ltr'><strong>Baptismi</strong></span> <span class='ocrx_word' id='word_1_618' title='bbox 2835 5207 3147 5277; x_wconf 79' lang='lat' dir='ltr'><strong>conferendi.</strong></span> 
     </span>
    </p>
   </div>
   <div class='ocr_carea' id='block_1_92' title="bbox 283 5280 1882 5371">
    <p class='ocr_par' dir='ltr' id='par_1_92' title="bbox 283 5280 1882 5371">
     <span class='ocr_line' id='line_1_92' title="bbox 283 5280 1882 5371; baseline -0.009 -25"><span class='ocrx_word' id='word_1_619' title='bbox 283 5286 395 5346; x_wconf 81' lang='lat' dir='ltr'><strong>IX.</strong></span> <span class='ocrx_word' id='word_1_620' title='bbox 471 5283 653 5371; x_wconf 40' lang='lat' dir='ltr'><strong>Variis‘</strong></span> <span class='ocrx_word' id='word_1_621' title='bbox 686 5281 985 5355; x_wconf 82' lang='lat' dir='ltr'><strong>Baptisrnus</strong></span> <span class='ocrx_word' id='word_1_622' title='bbox 1036 5280 1213 5353; x_wconf 83' lang='lat' dir='ltr'><strong>figuris</strong></span> <span class='ocrx_word' id='word_1_623' title='bbox 1259 5282 1313 5335; x_wconf 90' lang='lat' dir='ltr'><strong>in</strong></span> <span class='ocrx_word' id='word_1_624' title='bbox 1376 5280 1544 5336; x_wconf 87' lang='lat' dir='ltr'><strong>Veteri</strong></span> <span class='ocrx_word' id='word_1_625' title='bbox 1584 5280 1882 5337; x_wconf 55' lang='lat' dir='ltr'><strong>Testamentt</strong></span> 
     </span>
    </p>
   </div>
   <div class='ocr_carea' id='block_1_93' title="bbox 1989 5280 3426 5371">
    <p class='ocr_par' dir='ltr' id='par_1_93' title="bbox 2012 5294 3426 5371">
     <span class='ocr_line' id='line_1_93' title="bbox 2012 5294 3426 5371; baseline -0.004 -12"><span class='ocrx_word' id='word_1_626' title='bbox 2012 5299 2135 5359; x_wconf 78' lang='lat' dir='ltr'><strong>XX.</strong></span> <span class='ocrx_word' id='word_1_627' title='bbox 2169 5296 2249 5354; x_wconf 88' lang='lat' dir='ltr'><strong>De</strong></span> <span class='ocrx_word' id='word_1_628' title='bbox 2288 5297 2660 5371; x_wconf 68' lang='lat' dir='ltr'><strong>praeparatione</strong></span> <span class='ocrx_word' id='word_1_629' title='bbox 2685 5295 2755 5352; x_wconf 90' lang='lat' dir='ltr'><strong>ad</strong></span> <span class='ocrx_word' id='word_1_630' title='bbox 2782 5294 3102 5369; x_wconf 86' lang='lat' dir='ltr'><strong>Baptismum</strong></span> <span class='ocrx_word' id='word_1_631' title='bbox 3123 5299 3426 5358; x_wconf 82' lang='lat' dir='ltr'><strong>necessaria.</strong></span> 
     </span>
    </p>
   </div>
   <div class='ocr_carea' id='block_1_94' title="bbox 368 5359 1544 5456">
    <p class='ocr_par' dir='ltr' id='par_1_94' title="bbox 368 5359 1544 5456">
     <span class='ocr_line' id='line_1_94' title="bbox 368 5359 1544 5456; baseline -0.005 -20"><span class='ocrx_word' id='word_1_632' title='bbox 368 5359 823 5456; x_wconf 69' lang='lat' dir='ltr'><strong>prazmonslratur,</strong></span> <span class='ocrx_word' id='word_1_633' title='bbox 853 5384 898 5432; x_wconf 90' lang='lat' dir='ltr'><strong>et</strong></span> <span class='ocrx_word' id='word_1_634' title='bbox 921 5377 977 5431; x_wconf 91' lang='lat' dir='ltr'><strong>in</strong></span> <span class='ocrx_word' id='word_1_635' title='bbox 1013 5375 1163 5432; x_wconf 79' lang='lat' dir='ltr'><strong>Novo</strong></span> <span class='ocrx_word' id='word_1_636' title='bbox 1188 5375 1544 5446; x_wconf 77' lang='lat' dir='ltr'><strong>confirmatur.</strong></span> 
     </span>
    </p>
   </div>
   <div class='ocr_carea' id='block_1_95' title="bbox 1782 5462 3398 5520">
    <p class='ocr_par' dir='ltr' id='par_1_95' title="bbox 1782 5462 3398 5520">
     <span class='ocr_line' id='line_1_95' title="bbox 1782 5462 3398 5520; baseline -0.009 0"><span class='ocrx_word' id='word_1_637' title='bbox 1782 5466 1850 5520; x_wconf 90' lang='lat' dir='ltr'><strong>ad</strong></span> <span class='ocrx_word' id='word_1_638' title='bbox 1891 5471 2046 5520; x_wconf 72' lang='lat' dir='ltr'><strong>caput</strong></span> <span class='ocrx_word' id='word_1_639' title='bbox 2084 5462 2327 5520; x_wconf 73' lang='lat' dir='ltr'><strong>primum.</strong></span> <span class='ocrx_word' id='word_1_640' title='bbox 3393 5501 3398 5505; x_wconf 90' lang='lat'><strong>.</strong></span> 
     </span>
    </p>
   </div>
   <div class='ocr_carea' id='block_1_96' title="bbox 373 5464 3599 5636">
    <p class='ocr_par' dir='ltr' id='par_1_96' title="bbox 373 5464 3599 5636">
     <span class='ocr_line' id='line_1_96' title="bbox 1782 5464 3398 5521; baseline -0.01 0"><span class='ocrx_word' id='word_1_641' title='bbox 1782 5466 1850 5521; x_wconf 88' lang='lat' dir='ltr'><strong>ad</strong></span> <span class='ocrx_word' id='word_1_642' title='bbox 1891 5481 1952 5520; x_wconf 90' lang='lat' dir='ltr'><strong>ca</strong></span> <span class='ocrx_word' id='word_1_643' title='bbox 2028 5471 2046 5520; x_wconf 91' lang='lat' dir='ltr'><strong>t</strong></span> <span class='ocrx_word' id='word_1_644' title='bbox 2120 5464 2327 5517; x_wconf 79' lang='lat' dir='ltr'><strong>rimam.</strong></span> <span class='ocrx_word' id='word_1_645' title='bbox 3393 5501 3398 5505; x_wconf 91' lang='lat'><strong>.</strong></span> 
     </span>
     <span class='ocr_line' id='line_1_97' title="bbox 373 5464 3599 5636; baseline -0.005 -15"><span class='ocrx_word' id='word_1_646' title='bbox 373 5567 543 5636; x_wconf 66' lang='lat' dir='ltr'><strong>Aquae</strong></span> <span class='ocrx_word' id='word_1_647' title='bbox 565 5571 772 5636; x_wconf 66' lang='lat' dir='ltr'><strong>nostra.</strong></span> <span class='ocrx_word' id='word_1_648' title='bbox 789 5561 1035 5636; x_wconf 61' lang='lat' dir='ltr'><strong>Vulgaris</strong></span> <span class='ocrx_word' id='word_1_649' title='bbox 1056 5560 1310 5636; x_wconf 73' lang='lat' dir='ltr'><strong>nimirum</strong></span> <span class='ocrx_word' id='word_1_650' title='bbox 1322 5572 1396 5636; x_wconf 84' lang='lat' dir='ltr'><strong>_ac</strong></span> <span class='ocrx_word' id='word_1_651' title='bbox 1415 5464 1778 5636; x_wconf 45' lang='lat' dir='ltr'><strong>demergit-ﬁ,</strong></span> <span class='ocrx_word' id='word_1_652' title='bbox 1800 5571 1902 5613; x_wconf 88' lang='lat' dir='ltr'><strong>ceu</strong></span> <span class='ocrx_word' id='word_1_653' title='bbox 1930 5480 2264 5636; x_wconf 50' lang='lat' dir='ltr'><strong>Iguidgmque</strong></span> <span class='ocrx_word' id='word_1_654' title='bbox 2299 5551 2355 5608; x_wconf 90' lang='lat' dir='ltr'><strong>id</strong></span> <span class='ocrx_word' id='word_1_655' title='bbox 2382 5551 2436 5636; x_wconf 56' lang='lat' dir='ltr'><strong>in</strong></span> <span class='ocrx_word' id='word_1_656' title='bbox 2458 5547 2705 5607; x_wconf 90' lang='lat' dir='ltr'><strong>omnibus</strong></span> <span class='ocrx_word' id='word_1_657' title='bbox 2730 5547 2857 5620; x_wconf 82' lang='lat' dir='ltr'><strong>est),</strong></span> <span class='ocrx_word' id='word_1_658' title='bbox 2880 5548 2976 5606; x_wconf 87' lang='lat' dir='ltr'><strong>sed</strong></span> <span class='ocrx_word' id='word_1_659' title='bbox 3000 5550 3343 5621; x_wconf 83' lang='lat' dir='ltr'><strong>personalium</strong></span> <span class='ocrx_word' id='word_1_660' title='bbox 3367 5565 3599 5625; x_wconf 81' lang='lat' dir='ltr'><strong>quoque,</strong></span> 
     </span>
    </p>
   </div>
   <div class='ocr_carea' id='block_1_97' title="bbox 290 5629 1898 5715">
    <p class='ocr_par' dir='ltr' id='par_1_97' title="bbox 290 5629 1898 5715">
     <span class='ocr_line' id='line_1_98' title="bbox 290 5629 1898 5715; baseline -0.009 -20"><span class='ocrx_word' id='word_1_661' title='bbox 290 5629 632 5715; x_wconf 75' lang='lat' dir='ltr'><strong>quotidianis</strong></span> <span class='ocrx_word' id='word_1_662' title='bbox 646 5629 1015 5715; x_wconf 67' lang='lat' dir='ltr'><strong>nostrisusihus</strong></span> <span class='ocrx_word' id='word_1_663' title='bbox 1029 5632 1203 5687; x_wconf 86' lang='lat' dir='ltr'><strong>ubivis</strong></span> <span class='ocrx_word' id='word_1_664' title='bbox 1215 5630 1407 5714; x_wconf 64' lang='lat' dir='ltr'><strong>obviae,</strong></span> <span class='ocrx_word' id='word_1_665' title='bbox 1425 5637 1480 5685; x_wconf 87' lang='lat' dir='ltr'><strong>et</strong></span> <span class='ocrx_word' id='word_1_666' title='bbox 1497 5643 1592 5715; x_wconf 76' lang='lat' dir='ltr'><strong>pt‘o</strong></span> <span class='ocrx_word' id='word_1_667' title='bbox 1604 5629 1898 5715; x_wconf 36' lang='lat' dir='ltr'><strong>{iapti‘smm</strong></span> 
     </span>
    </p>
   </div>
   <div class='ocr_carea' id='block_1_98' title="bbox 291 5698 1892 5770">
    <p class='ocr_par' dir='ltr' id='par_1_98' title="bbox 291 5698 1892 5770">
     <span class='ocr_line' id='line_1_99' title="bbox 291 5698 1892 5770; baseline -0.007 -4"><span class='ocrx_word' id='word_1_668' title='bbox 291 5698 370 5770; x_wconf 70' lang='grc' dir='ltr'><strong>εἶά</strong></span> <span class='ocrx_word' id='word_1_669' title='bbox 395 5705 630 5765; x_wconf 86' lang='lat' dir='ltr'><strong>salutem</strong></span> <span class='ocrx_word' id='word_1_670' title='bbox 654 5714 896 5760; x_wconf 87' lang='lat' dir='ltr'><strong>nostram</strong></span> <span class='ocrx_word' id='word_1_671' title='bbox 922 5713 1028 5758; x_wconf 90' lang='lat' dir='ltr'><strong>tam</strong></span> <span class='ocrx_word' id='word_1_672' title='bbox 1048 5702 1372 5765; x_wconf 86' lang='lat' dir='ltr'><strong>necessario,</strong></span> <span class='ocrx_word' id='word_1_673' title='bbox 1398 5708 1582 5770; x_wconf 87' lang='lat' dir='ltr'><strong>paratu</strong></span> <span class='ocrx_word' id='word_1_674' title='bbox 1608 5698 1892 5755; x_wconf 77' lang='lat' dir='ltr'><strong>facillume.</strong></span> 
     </span>
    </p>
   </div>
   <div class='ocr_carea' id='block_1_99' title="bbox 274 5771 1728 5848">
    <p class='ocr_par' dir='ltr' id='par_1_99' title="bbox 274 5771 1728 5848">
     <span class='ocr_line' id='line_1_100' title="bbox 274 5771 1728 5848; baseline -0.005 -17"><span class='ocrx_word' id='word_1_675' title='bbox 274 5814 283 5831; x_wconf 65' lang='grc' dir='ltr'>ι</span> <span class='ocrx_word' id='word_1_676' title='bbox 381 5777 545 5848; x_wconf 81' lang='lat' dir='ltr'><strong>Quia.</strong></span> <span class='ocrx_word' id='word_1_677' title='bbox 579 5777 752 5848; x_wconf 86' lang='lat' dir='ltr'><strong>Prope</strong></span> <span class='ocrx_word' id='word_1_678' title='bbox 771 5784 925 5831; x_wconf 88' lang='lat' dir='ltr'><strong>estut</strong></span> <span class='ocrx_word' id='word_1_679' title='bbox 946 5773 1125 5848; x_wconf 86' lang='lat' dir='ltr'><strong>malim</strong></span> <span class='ocrx_word' id='word_1_680' title='bbox 1144 5790 1278 5843; x_wconf 76' lang='lat' dir='ltr'><strong>qum,</strong></span> <span class='ocrx_word' id='word_1_681' title='bbox 1293 5771 1548 5848; x_wconf 70' lang='lat' dir='ltr'><strong>videlicet</strong></span> <span class='ocrx_word' id='word_1_682' title='bbox 1562 5786 1728 5843; x_wconf 74' lang='lat' dir='ltr'><strong>aqum.</strong></span> 
     </span>
    </p>
   </div>
   <div class='ocr_carea' id='block_1_100' title="bbox 374 5842 1903 5918">
    <p class='ocr_par' dir='ltr' id='par_1_100' title="bbox 374 5842 1903 5918">
     <span class='ocr_line' id='line_1_101' title="bbox 374 5842 1903 5918; baseline -0.006 -10"><span class='ocrx_word' id='word_1_683' title='bbox 374 5842 620 5908; x_wconf 74' lang='lat' dir='ltr'><strong>Delictis.</strong></span> <span class='ocrx_word' id='word_1_684' title='bbox 638 5842 756 5907; x_wconf 81' lang='lat' dir='ltr'><strong>Non</strong></span> <span class='ocrx_word' id='word_1_685' title='bbox 780 5847 983 5918; x_wconf 84' lang='lat' dir='ltr'><strong>peccati</strong></span> <span class='ocrx_word' id='word_1_686' title='bbox 1003 5842 1204 5904; x_wconf 86' lang='lat' dir='ltr'><strong>tantum</strong></span> <span class='ocrx_word' id='word_1_687' title='bbox 1226 5842 1490 5916; x_wconf 86' lang='lat' dir='ltr'><strong>originalis</strong></span> <span class='ocrx_word' id='word_1_688' title='bbox 1528 5843 1716 5915; x_wconf 86' lang='lat' dir='ltr'><strong>(unum</strong></span> <span class='ocrx_word' id='word_1_689' title='bbox 1756 5842 1903 5901; x_wconf 86' lang='lat' dir='ltr'><strong>enim</strong></span> 
     </span>
    </p>
   </div>
   <div class='ocr_carea' id='block_1_101' title="bbox 2012 5621 2835 5699">
    <p class='ocr_par' dir='ltr' id='par_1_101' title="bbox 2012 5621 2835 5699">
     <span class='ocr_line' id='line_1_102' title="bbox 2012 5621 2835 5699; baseline -0.009 -16"><span class='ocrx_word' id='word_1_690' title='bbox 2012 5635 2069 5683; x_wconf 89' lang='lat' dir='ltr'><strong>ut</strong></span> <span class='ocrx_word' id='word_1_691' title='bbox 2095 5621 2229 5699; x_wconf 71' lang='lat' dir='ltr'><strong>infra</strong></span> <span class='ocrx_word' id='word_1_692' title='bbox 2259 5640 2372 5699; x_wconf 81' lang='lat' dir='ltr'><strong>cap.</strong></span> <span class='ocrx_word' id='word_1_693' title='bbox 2622 5691 2634 5699; x_wconf 91' lang='lat'><em>_</em></span> <span class='ocrx_word' id='word_1_694' title='bbox 2822 5686 2835 5699; x_wconf 42' lang='grc' dir='ltr'><strong>ο</strong></span> 
     </span>
    </p>
   </div>
   <div class='ocr_carea' id='block_1_102' title="bbox 2080 5690 3614 5760">
    <p class='ocr_par' dir='ltr' id='par_1_102' title="bbox 2080 5690 3614 5760">
     <span class='ocr_line' id='line_1_103' title="bbox 2080 5690 3614 5760; baseline -0.003 -8"><span class='ocrx_word' id='word_1_695' title='bbox 2080 5690 2352 5752; x_wconf 78' lang='lat' dir='ltr'><strong>chitatis.</strong></span> <span class='ocrx_word' id='word_1_696' title='bbox 2384 5695 2531 5750; x_wconf 87' lang='lat' dir='ltr'><strong>Sicut</strong></span> <span class='ocrx_word' id='word_1_697' title='bbox 2551 5691 2691 5746; x_wconf 88' lang='lat' dir='ltr'><strong>enim</strong></span> <span class='ocrx_word' id='word_1_698' title='bbox 2714 5690 2915 5760; x_wconf 78' lang='lat' dir='ltr'><strong>ctecitas</strong></span> <span class='ocrx_word' id='word_1_699' title='bbox 2939 5699 3022 5745; x_wconf 88' lang='lat' dir='ltr'><strong>est</strong></span> <span class='ocrx_word' id='word_1_700' title='bbox 3048 5690 3295 5760; x_wconf 80' lang='lat' dir='ltr'><strong>qmedam</strong></span> <span class='ocrx_word' id='word_1_701' title='bbox 3322 5692 3614 5750; x_wconf 86' lang='lat' dir='ltr'><strong>morsoculi</strong></span> 
     </span>
    </p>
   </div>
   <div class='ocr_carea' id='block_1_103' title="bbox 2000 5757 3613 5835">
    <p class='ocr_par' dir='ltr' id='par_1_103' title="bbox 2000 5757 3613 5835">
     <span class='ocr_line' id='line_1_104' title="bbox 2000 5757 3613 5835; baseline -0.005 -10"><span class='ocrx_word' id='word_1_702' title='bbox 2000 5768 2249 5835; x_wconf 89' lang='lat' dir='ltr'><strong>carnalis,</strong></span> <span class='ocrx_word' id='word_1_703' title='bbox 2263 5765 2509 5821; x_wconf 90' lang='lat' dir='ltr'><strong>eumdem</strong></span> <span class='ocrx_word' id='word_1_704' title='bbox 2524 5762 2668 5835; x_wconf 73' lang='lat' dir='ltr'><strong>omni</strong></span> <span class='ocrx_word' id='word_1_705' title='bbox 2690 5773 2790 5835; x_wconf 81' lang='lat' dir='ltr'><strong>suo</strong></span> <span class='ocrx_word' id='word_1_706' title='bbox 2812 5757 2992 5829; x_wconf 80' lang='lat' dir='ltr'><strong>vigore</strong></span> <span class='ocrx_word' id='word_1_707' title='bbox 3010 5757 3080 5835; x_wconf 71' lang='lat' dir='ltr'><strong>ac</strong></span> <span class='ocrx_word' id='word_1_708' title='bbox 3100 5761 3374 5835; x_wconf 83' lang='lat' dir='ltr'><strong>velut_vita</strong></span> <span class='ocrx_word' id='word_1_709' title='bbox 3392 5765 3613 5829; x_wconf 88' lang='lat' dir='ltr'><strong>orbans,</strong></span> 
     </span>
    </p>
   </div>
   <div class='ocr_carea' id='block_1_104' title="bbox 2013 5830 3605 5911">
    <p class='ocr_par' dir='ltr' id='par_1_104' title="bbox 2013 5830 3605 5911">
     <span class='ocr_line' id='line_1_105' title="bbox 2013 5830 3605 5911; baseline -0.006 -12"><span class='ocrx_word' id='word_1_710' title='bbox 2013 5840 2091 5899; x_wconf 88' lang='lat' dir='ltr'><strong>sic</strong></span> <span class='ocrx_word' id='word_1_711' title='bbox 2112 5855 2143 5898; x_wconf 88' lang='lat' dir='ltr'><strong>c</strong></span> <span class='ocrx_word' id='word_1_712' title='bbox 2162 5830 2430 5897; x_wconf 86' lang='lat' dir='ltr'><strong>contrario</strong></span> <span class='ocrx_word' id='word_1_713' title='bbox 2459 5850 2557 5908; x_wconf 89' lang='lat' dir='ltr'><strong>per</strong></span> <span class='ocrx_word' id='word_1_714' title='bbox 2586 5831 2916 5904; x_wconf 84' lang='lat' dir='ltr'><strong>Baptismum</strong></span> <span class='ocrx_word' id='word_1_715' title='bbox 2942 5830 3134 5888; x_wconf 77' lang='lat' dir='ltr'><strong>anima:</strong></span> <span class='ocrx_word' id='word_1_716' title='bbox 3150 5831 3331 5901; x_wconf 74' lang='lat' dir='ltr'><strong>oculo,</strong></span> <span class='ocrx_word' id='word_1_717' title='bbox 3360 5848 3457 5904; x_wconf 89' lang='lat' dir='ltr'><strong>per</strong></span> <span class='ocrx_word' id='word_1_718' title='bbox 3478 5848 3605 5911; x_wconf 85' lang='lat' dir='ltr'><strong>pec-</strong></span> 
     </span>
    </p>
   </div>
  </div>
