3940 6288
295 348 436 411 ’1149

1140 348 1486 412 APPENDIX
1522 346 1803 421 QUINTA,
1844 346 2210 410 Illi-LIBRUM
2248 348 2338 410 DE
2377 348 2734 410 BAPTISMO.

3445 350 3586 414 H50

292 465 555 542 probabili
585 465 783 526 saltem
802 463 989 542 notitia
1018 467 1386 542 designentur,
1428 468 1480 542 in
1513 467 1769 542 Romanae
1792 483 1890 523 au-
1915 464 1969 526 A
1995 468 2238 536 quaedam
2267 468 2466 542 ﬁgura,
2485 476 2540 524 et
2560 467 2712 537 quasi
2735 463 3012 542 prtecursio
3043 462 3238 542 fuerat,
3263 465 3470 542 penitus
3493 482 3587 524 ex-

289 540 598 666 ἑὲἓῖἰιίἐιὶυδ
644 550 764 597 ortu
807 538 1290 612 assignando'tota
1339 540 1628 612 antiquitas
1663 538 1885 611 decepta

316 620 453 666 uerit
464 620 481 664 ’ἐ

362 681 710 756 Ιωριιᾳηιπωο
742 681 1182 756 Cartliaginensis
1227 682 1480 756 Ecclesiae
1521 680 1735 756 traditio
1756 695 1882 756 _non

290 752 496 811 temere
525 754 631 810 illic
659 763 867 821 exorta,
917 752 1007 809 aut
1050 755 1273 812 subdole
1301 754 1552 819 conﬁcta,
1602 753 1697 809 sed
1723 752 1791 808 ab
1820 753 1884 808 iis

289 823 538 880 omnibus
568 825 673 894 ‘qui
703 822 914 879 Petrum
944 824 1123 880 Roma:
1166 826 1410 880 viderant
1435 866 1449 890 ,
1499 824 1882 894 praedicantem

290 895 587 960 audierant,
622 895 884 966 martyrio
923 896 1163 966 ejusdem
1194 896 1388 951 oculati
1426 904 1589 950 testes
1622 894 1882 966 interfue-

290 977 433 1033 rant,
462 966 531 1022 ad
567 964 1144 1037 posterospropagata,
1173 966 1471 1037 Carthagini
1498 966 1730 1036 indeque
1757 964 1882 1037 reli-

288 1038 409 1109 quis
434 1038 678 1109 africanis
708 1036 984 1104 Ecelesiis,
1014 1036 1114 1092 ima
1143 1052 1263 1093 cum
1296 1037 1594 1109 Euangelio,
1627 1036 1770 1106 quod
1802 1038 1883 1093 ha:

286 1107 320 1165 εἰ
347 1107 579 1164 Romana
607 1107 856 1168 Ecclesia.
887 1116 947 1163 ut
971 1109 1029 1164 S.
1065 1109 1203 1178 Aug.
1250 1108 1303 1163 in
1348 1107 1454 1177 Ep.
1488 1107 1593 1163 162
1636 1116 1878 1173 testatur,

287 1190 626 1251 acceperant,
655 1179 800 1235 illata
829 1177 1013 1251 fuisse,
1045 1177 1343 1235 indubitate
1370 1178 1525 1251 credi
1546 1178 1880 1251 debeti,__tam

286 1248 498 1306 fortiter
520 1267 613 1321 per
633 1265 819 1305 omnes
846 1250 1018 1305 ubivis
1040 1259 1302 1307 terrarum
1325 1249 1593 1306 Ecelesias
1621 1248 1878 1315 stabilita,

286 1330 555 1378 utcontra
580 1329 657 1378 tot
684 1321 918 1388 testium,
945 1330 1000 1377 et
1026 1321 1361 1391 publicorum
1386 1332 1879 1387 monumentorum,

286 1392 548 1463 lapidum,
582 1393 924 1464 templorum,
956 1401 1087 1463 elc.,
1120 1392 1280 1451 fidem
1322 1407 1593 1464 nunquam
1628 1391 1883 1464 deinceps

283 1464 538 1520 vacillare
567 1464 821 1535 potuerit.

358 1535 520 1619 Yides
548 1534 695 1619 ergo,
729 1537 824 1619 veil.
848 1536 1025 1619 solum
1051 1535 1491 1619 boeTertulliani
1515 1534 1881 1618 testimonium

286 1605 398 1678 (nil
428 1606 572 1663 enim
615 1605 725 1678 iam
772 1607 946 1664 dicam
994 1607 1061 1664 de
1107 1608 1335 1663 aliorum
1382 1606 1880 1678 antiquissimorum

281 1676 519 1751 Patrum,
550 1676 837 1749 et'partim
869 1694 1083 1751 quoque
1116 1678 1217 1750 ipsi
1246 1680 1406 1751 Petro
1433 1676 1761 1751 coaevorum,
1792 1692 1881 1732 ac-

280 1748 504 1804 cedente
536 1747 771 1820 ‘pro‘rsus
815 1747 1051 1806 unanimi
1083 1747 1389 1875 consenqu
1422 1749 1488 1805 ad
1533 1748 1879 1804 traditionem

280 1819 418 1875 hanc
447 1819 575 1875 ipsis
605 1836 636 1875 a
675 1821 786 1875 suis
831 1821 1063 1875 fontibus
1098 1836 1350 1875 accersen
1392 1836 1498 1875 am.
1529 1829 1584 1875 et
1622 1821 1878 1875 sectario-

280 1819 418 1875 hauc
447 1819 575 1890 ipsis
605 1836 636 1875 a
675 1821 786 1876 suis
831 1821 1063 1877 fontibus
1098 1819 1498 1886 accersendam,
1529 1829 1584 1876 et
1622 1821 1878 1875 sectario-

278 1906 405 1967 rut_n_
435 1891 735 1967 audaciam,
758 1907 860 1962 qua
889 1908 1001 1947 rem
1031 1901 1142 1967 tam
1165 1896 1425 1967 apertam,
1455 1900 1510 1947 et
1536 1891 1714 1967 cui__ne
1745 1890 1878 1946 alias

280 1960 495 2030 quidem
542 1960 915 2020 lnereticorum
947 1972 1038 2018 aut
1074 1960 1539 2018 schismaticorum
1586 1961 1727 2017 ullus
1754 1969 1879 2017 ante

279 2031 400 2088 XVI
432 2030 690 2090 Ecclesia:
721 2031 861 2091 Srec.
890 2034 974 2090 vel
1014 2034 1291 2089 minimum
1313 2031 1692 2089 contradicere
1717 2047 1879 2089 ausus

280 2105 488 2178 usuin
532 2105 953 2178 controversiam
981 2105 1090 2176 jam
1138 2104 1459 2178 pertrahunt
1504 2102 1873 2178 frangendum.

278 2174 539 2231 Nimirum
572 2174 818 2232 moderni
845 2174 1059 2235 demum
1090 2176 1254 2233 nostri
1289 2175 1621 2240 tammasuti,
1652 2184 1745 2230 aut
1786 2190 1880 2230 na-

279 2247 438 2301 sutuli
464 2247 637 2315 potius
663 2255 809 2312 sunt,
845 2256 921 2319 ut,
953 2262 1074 2319 quae
1086 2257 1307 2319 veteres
1332 2262 1523 2319 omnes
1545 2245 1878 2319 subolfacere

280 2331 385 2390 non
412 2324 715 2390 potuerant,
746 2319 846 2389 ipsi
886 2317 998 2390 jam
1028 2317 1262 2390 odorari
1288 2317 1566 2390 incipiant.
1617 2318 1810 2390 Atque
1831 2317 1877 2390 si

281 2387 652 2459 mihiquidem
684 2387 869 2444 contra
888 2387 1007 2444 'hos
1051 2390 1187 2445 tales
1218 2389 1456 2459 pluribus
1485 2402 1645 2457 agere
1673 2387 1880 2459 collibi-

280 2457 541 2531 tum,aut
565 2475 742 2529 operae
786 2462 1014 2531 pretium
1055 2457 1226 2527 esset,
1264 2474 1361 2515 eos
1389 2457 1714 2531 etiam,qui,
1762 2469 1819 2531 ut
1845 2473 1877 2513 a

278 2530 476 2585 nostris
524 2528 692 2601 sacris
746 2528 975 2588 maxime
1024 2531 1219 2601 alieni,
1256 2530 1325 2586 ita
1378 2529 1518 2601 apud
1575 2529 1697 2584 illos
1744 2528 1878 2601 aiias

279 2602 510 2656 maxima
548 2600 873 2657 authoritate
902 2611 1046 2668 sunt,
1080 2598 1440 2667 Pearsonium',
1472 2599 1725 2665 Gratiam,
1773 2598 1876 2655 Us-

278 2672 486 2738 serium,
513 2671 882 2738 Chamierium,
913 2671 1275 2740 Blondellum,
1308 2671 1519 2726 Petrum
1551 2670 1873 2736 Molinteum,

280 2742 540 2811 aliosque,
573 2757 799 2815 quorum
829 2745 914 2799 vel
940 2745 1068 2799 solis
1106 2743 1411 2815 nominibus
1440 2741 1652 2815 pauculi
1676 2742 1794 2815 alii,
1823 2749 1878 2815 et

279 2827 455 2885 nuper
483 2812 615 2885 nati,
645 2812 797 2868 facile
828 2814 1053 2885 opprimi
1088 2822 1328 2885 possent,
1360 2812 1520 2885 longo
1544 2814 1759 2885 agmine
1782 2812 1877 2868 ad-

279 2883 555 2955 ducerem.
570 2882 721 2955 Hunc
743 2882 932 2940 exiliis
953 2884 1037 2940 vel
1061 2882 1213 2951 duos,
1233 2882 1520 2941 Samuclém
1539 2882 1873 2955 Bosuagium,

278 2964 334 3009 et
381 2953 791 3025 Guil.7(}avcum,
837 2956 1082 3011 attulisse
1125 2956 1356 3011 sufficiat
1391 2971 1406 3013 :
1436 2970 1663 3025 quorum
1706 2953 1874 3025 prior,

278 3026 407 3082 licet
433 3026 486 3080 in
508 3024 698 3080 Annal.
742 3026 853 3082 suis
885 3026 1353 3091 Politico—Eccles.,
1397 3024 1466 3080 ad
1499 3043 1586 3081 an.
1614 3025 1705 3090 42,
1736 3044 1791 3081 n.
1820 3027 1871 3093 8,

276 3097 624 3170 pertinaciter
654 3108 828 3170 neget,
864 3098 1079 3153 Petrum
1113 3098 1306 3170 Romae
1330 3095 1655 3170 Episcopum
1685 3098 1871 3170 fuisse,

276 3167 511 3240 attamen
547 3167 929 3240 Romazifuisse,
977 3169 1043 3224 ad
1089 3169 1152 3222 Α.
1182 3168 1240 3240 C.
1280 3167 1541 3224 64.7mm.
1576 3168 1628 3235 9,
1682 3168 1732 3223 in
1762 3168 1876 3225 hinc

1994 553 2206 608 aequare
2256 537 2632 613 (manifestam
2689 540 2830 613 enim
2852 582 2880 613 ,Α
2920 553 3093 613 neque
3150 537 3393 613 unicam,
3427 541 3587 613 inter

1989 607 2275 682 utrumque
2307 610 2454 665 illum
2484 607 3143 682 differentiam’infra‘cap.
3165 608 3253 672 10.
3275 607 3471 681 ponit);
3491 610 3586 666 sed

1989 680 2041 736 id
2069 680 2336 752 duntaxat
2370 681 2690 737 confirmare
2715 680 2904 752 voluit,
2942 694 3315 752 quamcunque
3364 680 3580 750 aquam,

1988 766 2089 823 per
2112 754 2295 808 orbem
2326 751 2467 807 hunc
2512 761 2757 823 nostrum
2785 750 3055 810 diffusam.
3099 760 3283 823 utpote
3313 766 3434 823 cum
3471 752 3582 823 pri-

1988 820 2219 892 migenia
2246 824 2333 879 illa
2363 838 2583 892 prorsus
2608 822 2873 887 eamdem,
2905 837 3060 891 aeque
3095 838 3124 875 a
3152 822 3357 889 Spiritu
3383 820 3583 877 Sancto

1982 891 2095 962 jam
2143 909 2283 949 nunc
2325 891 2631 964 adaptatam
2673 893 2864 959 fuisse,
2896 892 2965 964 ad
3003 892 3233 964 salutem
3280 892 3586 951 hominibus

1987 978 2326 1036 quocumque
2364 962 2596 1036 demum»
2612 965 2772 1020 modo
2800 962 3182 1020 conferendam
3218 980 3230 1018 :
3276 965 3378 1019 etsi
3407 964 3586 1036 utique

1986 1034 2291 1106 negandum
2330 1037 2552 1106 nonisit,
2584 1034 2918 1104 Baptismum
2964 1043 3231 1106 nostrum,
3265 1043 3455 1106 utpote
3487 1034 3586 1090 Sa-

1986 1103 2321 1161 cramentum
2366 1122 2393 1159 a
2436 1103 2796 1174 Christo’ipso
2839 1103 3353 1177 institutum‘,lo_uge
3399 1104 3585 1162 effica-

1986 1177 2148 1231 cioris
2188 1177 2402 1233 virtutis
2449 1177 2636 1249 fuisse,
2668 1191 2828 1249 quam
2872 1175 3196 1247 Baptismum
3224 1174 3465 1243 Joannis,
3495 1178 3585 1249 qui

1985 1261 2092 1302 non
2122 1265 2212 1318 per
2236 1266 2290 1304 se
2329 1248 2643 1304 conferebat
2680 1246 3053 1303 remissionem
3082 1257 3424 1318 peceatorum
3447 1290 3460 1312 ,
3489 1246 3586 1306 sed

1986 1317 2159 1374 solum
2187 1318 2254 1374 ad
2282 1329 2434 1376 actus
2481 1319 2832 1390 poenitentiae,
2870 1334 2965 1442 per
2999 1317 3134 1389 ques
3181 1318 3268 1375 illa
3302 1317 3465 1373 fiebat
3504 1334 3588 1375 re-

1986 1390 2192 1442 missio.
2226 1389 2530 1442 excitabat:
2562 1404 2662 1442 una
2692 1388 2759 1442 de
2796 1405 2855 1442 rc
2908 1396 3209 1442 nternretes
3236 1404 3298 1442 ac
3325 1388 3585 1442 Theoloszi

1983 1390 2193 1456 missio,
2226 1388 2530 1446 excitabat:
2562 1404 2662 1461 qua
2692 1388 2759 1445 de
2796 1405 2855 1445 rc
2874 1388 3209 1459 Interpretes
3225 1404 3298 1461 ac
3325 1388 3585 1461 Theologi

1984 1462 2154 1533 nostri
2182 1463 2381 1533 passim
2404 1459 2841 1532 videri'possunt,
2870 1475 3075 1533 nosque
3096 1474 3195 1517 suo
3224 1459 3345 1517 loco
3366 1459 3584 1518 uberius

1982 1532 2446 1589 confirmabimus.

2058 1601 2431 1676 Praerogativa.
2479 1601 2869 1676 Participantes
2916 1602 3196 1676 nimirum,
3229 1601 3416 1676 “velut
3468 1615 3584 1676 per

1985 1673 2425 1747 transfusiouem,
2452 1674 2788 1747 privilegium
2805 1673 2955 1744 illud,
2982 1682 3036 1731 et
3055 1688 3208 1747 aquae
3228 1673 3371 1732 illius
3401 1673 3588 1746 primi-

1985 1744 2110 1799 tivaa
2133 1746 2395 1802 indolem.

2055 1814 2208 1872 Sacr.
2240 1818 2692 1888 sanctiﬁcationis,
2721 1832 2818 1888 seu
2844 1817 3094 1873 occultam
3138 1817 3305 1887 illam,
3346 1830 3410 1873 ac
3435 1817 3587 1888 spiri-

1904 1855 1955 1917 Β
1988 1855 2177 1942 tit/lieni
2196 1855 3139 1946 ζμὖ-ὶιὶῖἓέἔέἑὶῖἔίἴηᾏέπὰΓΞᾮᾶῗὲὶῇέ

2055 1960 2300 2031 Invocato
2328 1959 2458 2021 Deo.
2486 1960 2619 2027 Quae
2640 1959 2963 2031 invocatiofit
2989 1960 3041 2014 in
3060 1957 3401 2015 benedictione
3419 1960 3576 2031 fontis

1983 2029 2302 2113 baptisnialis
2325 2048 2354 2113 :_
2365 2047 2522 2113 quem
2557 2030 2716 2113 ritum
2745 2029 2854 2113 iam
2874 2030 3206 2113 .fi‘ertuliiani
3239 2029 3585 2113 temporibus

1981 2099 2280 2172 adhibitum
2327 2099 2510 2171 fuisse,
2556 2110 2612 2158 et
2650 2099 3012 2172 verisimiliter
3040 2102 3107 2159 ab
3153 2103 3283 2172 ipsis
3316 2099 3588 2171 apostolis

1980 2170 2348 2242 descendisse,
2378 2175 2460 2228 vel
2485 2189 2550 2228 ex
2576 2172 2693 2228 solo
2717 2171 2819 2229 hoc
2843 2172 2963 2228 loco
2989 2173 3120 2228 satis
3146 2170 3438 2245 colligitur.

2052 2245 2208 2315 Aquis
2234 2254 2492 2316 superest,
2524 2258 2619 2301 seu
2650 2260 2802 2315 super
2829 2256 2994 2316 aquas
3016 2253 3110 2315 est,
3134 2242 3306 2316 iisque
3326 2242 3473 2300 velut
3493 2257 3586 2300 su-

1983 2323 2249 2384 pennatat.

2053 2381 2370 2459 gontbibuitt.
2401 2386 2622 2459 Anhtec
2644 2386 2811 2444 virtus
2834 2385 2906 2442 sit
2931 2400 3059 2459 vere
3093 2386 3246 2459 realis
3272 2401 3335 2441 ac
3376 2386 3587 2459 physica

1982 2469 2019 2530 a_
2046 2454 2248 2530 Spiritu
2289 2456 2347 2530 S.
2378 2458 2532 2530 aquis
2572 2458 2855 2530 impressa,
2876 2466 2934 2530 et
2976 2458 3184 2530 physice
3209 2454 3583 2530 causaiLs'gra-

1983 2526 2110 2599 t_iam
2167 2526 2557 2599 baptismalem,
2610 2526 2676 2583 au
2722 2528 2931 2585 moralis
2973 2526 3250 2590 duutaxat.
3309 2529 3361 2585 in
3391 2526 3483 2584 Tr:
3521 2526 3585 2587 de

1980 2595 2250 2667 Baptismo
2274 2599 2620 2655 vehementer
2645 2599 2920 2670 disputant
2950 2599 3292 2654 Scholastici.

2022 2669 2442 2794 .simplicem
2484 2681 2655 2727 actum
2678 2712 2692 2739 ,
2725 2686 2820 2742 pro
2850 2670 3072 2742 simplici
3121 2672 3282 2738 actui,
3312 2670 3586 2726 ablutionis

2022 2756 2037 2794 ι
2077 2756 2106 2794 e
2132 2751 2254 2794 teet.

1983 2751 2254 2796 γιαθιιοθῑ.

2067 2810 2184 2881 Yice
2209 2813 2464 2879 sordium,
2504 2811 2540 2866 ἰ.
2569 2828 2621 2869 e.
2654 2814 2838 2881 instar,-
2871 2812 2950 2869 t'ei
2985 2812 3095 2868 loco
3123 2812 3369 2868 sordium.

2055 2880 2119 2935 In
2147 2883 2349 2953 spiritu,
2386 2896 2479 2938 seu
2507 2884 2559 2938 in
2587 2886 2781 2950 anima;
2800 2894 3074 2954 peccatum
3093 2885 3378 2944 enim,sola
3395 2884 3589 2940 volun-

1981 2960 2092 3026 t_ate
2116 2963 2468 3024 perpetratur,
2493 2965 2544 3008 et
2567 2955 2620 3009 in
2641 2957 2816 3009 anima
2842 2956 3096 3011 maculam
3117 2954 3588 3026 spiritualem,qum

1979 3022 2327 3096 Scholasticis
2359 3035 2618 3096 peccatum
2658 3026 2919 3083 habilnale
2961 3026 3063 3081 dici
3097 3022 3265 3094 solet,
3308 3022 3583 3096 relinquit.

2050 3093 2292 3169 Beatum.
2322 3093 2585 3168 Equidem
2612 3098 2815 3169 nullam
2842 3114 2985 3166 caro,
3013 3111 3107 3152 seu
3133 3093 3338 3169 corpus,
3369 3093 3584 3169 culpam
3675 3165 3678 3167 Α

1978 3168 2197 3238 proprie
2225 3167 2421 3223 dictam
2452 3167 2743 3233 contrahit,
2773 3183 2981 3239 neque“
2998 3171 3157 3238 fomes
3183 3167 3293 3229 ille,
3320 3182 3427 3239 quo
3461 3167 3586 3224 caro

277 3239 439 3312 verba
470 3237 789 3312 inconcusse
814 3238 1047 3296 afﬁrmat
1077 3258 1091 3296 :
1129 3259 1148 3292 ι
1179 3239 1334 3295 Nulla
1378 3256 1613 3310 unquam
1661 3241 1874 3295 traditio
1900 3243 1947 3308 C
1978 3237 2287 3307 concupiscit
2312 3241 2553 3312 adversus
2578 3240 2810 3310 spiritum
2826 3237 3060 3312 (aeral.
3093 3240 3147 3307 5,
3166 3240 3325 3312 v.17)
3343 3237 3583 3309 peccati,

283 3327 302 3361 ι
340 3308 862 3383 [υίῐ,ημζῐὶ--ΙΙ)3]οΓΒ
897 3311 1368 3383 testiumnumero
1408 3308 1684 3383 cingatur;
1715 3320 1772 3365 ut
1807 3313 1875 3383 de

284 3397 303 3431 ι
340 3380 485 3454 Petri
514 3379 584 3454 ’iu
605 3379 819 3454 ‘Urbem
846 3380 1077 3437 adventu
1105 3381 1339 3437 dubitari
1370 3398 1477 3454 non
1505 3379 1710 3454 'possit,
1745 3382 1872 3452 quin

284 3470 303 3503 ι
341 3451 519 3506 omnia
564 3451 802 3506 historiae
848 3461 1191 3507 monumenta
1231 3451 1619 3508 convellauiur.
1658 3474 1676 3506 ι
1725 3451 1876 3508 Alter

275 3536 408 3577 vero
436 3523 487 3576 in
517 3520 717 3593 Script.
749 3521 1123 3589 Ecclesiastic.,
1160 3520 1390 3578 Historia
1419 3524 1711 3588 Litteraria,
1741 3543 1796 3593 p.
1816 3526 1870 3592 5,

275 3595 348 3649 ita
376 3593 451 3648 ait
474 3610 488 3645 :
515 3591 726 3666 Petrum
756 3594 935 3648 Romae
979 3595 1157 3666 fuisse,
1183 3594 1423 3666 sedesque
1450 3598 1502 3650 in
1539 3614 1598 3651 ea
1621 3591 1873 3665 aliquam-

275 3666 366 3719 ditt
396 3665 634 3739 tenuisse,
676 3681 792 3720 cum
820 3674 924 3739 toto
954 3665 1266 3739 antiquitatis
1300 3665 1431 3721 metu
1457 3668 1705 3739 intrepide
1735 3668 1873 3737 afﬁr-

274 3752 498 3790 mnmus.
544 3736 834 3807 Postquam
883 3736 1081 3793 deinde
1135 3747 1296 3793 testes
1337 3736 1677 3808 produxisset
1725 3736 1870 3793 omni

273 3808 592 3879 exceptione
618 3808 850 3878 majores
870 3850 885 3873 ,
920 3820 973 3862 et
1001 3824 1063 3864 ex
1094 3809 1279 3864 ultima
1307 3810 1625 3879 antiquitate
1656 3810 1868 3879 petitos,

229 3925 237 3933 .
274 3879 337 3952 ξ.
373 3877 635 3952 Ινθηαιξιέηι
655 3879 1042 3952 ΑηιξρεΙιεεῃυηι,
1073 3880 1240 3952 ipsius
1267 3880 1328 3936 S.
1362 3877 1500 3935 Petri
1524 3877 1869 3952 discipulum,

272 3948 495 4022 Papiam
522 3948 863 4022 Hierapolit.,
888 3948 1167 4022 [temetum
1191 3952 1248 4007 S.
1281 3950 1704 4022 Polycarpiﬁiri
1728 3952 1875 4019 Apo-

272 4020 840 4094 stolici,_discipttlum,
878 4021 1186 4094 Dionysium
1219 4020 1555 4085 Corinthium,
1597 4021 1871 4094 Tertullia-

273 4108 419 4165 imm,
464 4090 667 4165 Caium,
702 4090 1078 4165 presbyterum
1126 4093 1448 4157 Romanum,
1498 4103 1554 4165 et
1600 4092 1872 4162 Origencm

273 4162 566 4235 laudasset,
597 4163 668 4235 ita
713 4162 927 4235 pergit:
966 4183 985 4217 ι
1023 4166 1150 4219 Post
1183 4173 1260 4219 tot
1289 4163 1593 4218 veneranda
1625 4166 1867 4230 immitia,

273 4244 385 4288 tam
417 4233 775 4305 claraprimm
805 4233 1087 4290 vetustatis
1140 4244 1486 4290 monmucnta
1508 4277 1522 4301 ,
1574 4237 1692 4305 quis
1731 4250 1867 4301 rem,

270 4314 382 4359 tam
412 4304 693 4374 perspicue
718 4347 733 4371 ,
775 4313 881 4360 tam
908 4316 1220 4362 constanter
1248 4306 1519 4373 traditam,
1562 4304 1616 4361 in
1647 4306 1868 4361 dubium

269 4376 586 4431 revocabit?
632 4376 791 4432 Certe
816 4379 861 4432 si
898 4387 1002 4432 tam
1033 4378 1199 4434 densa
1249 4378 1464 4431 testium
1497 4378 1703 4444 nubes,
1762 4388 1867 4444 tam

267 4461 500 4520 concors
566 4457 808 4520 veterum
857 4449 1165 4520 sententia,
1229 4463 1327 4520 pro
1374 4449 1614 4519 cujusvis
1650 4438 1869 4520 ingenii

270 4518 485 4589 pruritu
533 4521 602 4590 sit
657 4518 986 4587 vellicanda,
1039 4518 1364 4575 actumuerit
1394 4521 1601 4590 penitus
1630 4519 1696 4575 de
1746 4519 1870 4588 pri-

267 4603 483 4644 morum
527 4588 861 4661 Smculorum
904 4592 1206 4656 memoria,
1252 4605 1353 4647 n'ec
1395 4588 1663 4661 cuiquam
1728 4590 1866 4645 ultra

266 4637 1206 4733 gustasse};suasistis.“;
1252 4637 1866 4733 ἱὶὶἠίῖηἲῖἰιῖἰῖὲιυίῖιὶὶὶῆ
1893 4637 1949 4698 Ι)

266 4746 336 4805 εξ
384 4730 724 4787 heterodoxis
754 4730 968 4805 nostris,
988 4750 1124 4805 cum
1155 4734 1367 4805 propria
1395 4748 1490 4787 sua
1514 4730 1713 4805 judicia
1744 4732 1867 4787 ubi-

268 4803 403 4857 hbet
430 4817 526 4872 pro
552 4805 776 4859 veritate
805 4803 1112 4869 obtrudant,
1157 4803 1281 4860 cum
1326 4813 1404 4860 tot
1448 4803 1867 4860 contumeliosas

266 4883 453 4947 contra
508 4874 841 4947 Religionem
871 4883 1111 4930 nostram
1153 4874 1362 4933 fabulas
1393 4874 1627 4947 undique
1665 4889 1868 4947 corra-f

267 4944 423 5028 dant,
458 4944 648 5028 partim
680 4946 781 5028 ipsi
811 4960 1023 5028 qitoque
1050 4944 1569 5028 escogiteutaiidem
1615 4946 1715 5002 sibi
1749 4945 1865 5028 dari

269 5016 726 5089 illicopostuiaut,
755 5016 951 5088 quibus
972 5032 1145 5087 neque
1175 5016 1281 5073 tota
1312 5019 1603 5089 antiquitas
1634 5033 1729 5087 par
1759 5027 1862 5081 est,

269 5086 336 5157 ad
368 5086 529 5141 fidem
559 5087 625 5142 ab
655 5086 785 5143 illis
808 5097 993 5143 mutuo
1037 5086 1455 5157 impetrandam.
1502 5086 1695 5143 Verum
1739 5103 1861 5142 cum

271 5155 529 5213 hactenus
568 5159 738 5214 ferme
763 5168 913 5213 extra
960 5155 1188 5215 instituti
1234 5161 1401 5214 nostri
1435 5160 1633 5214 limites
1659 5159 1869 5227 abrepti

270 5229 546 5296 fuerimus,
575 5229 618 5285 si
645 5229 765 5301 quis
792 5229 1014 5301 insuper
1053 5231 1204 5301 plura
1234 5230 1525 5295 desideret,
1571 5227 1711 5301 apud
1742 5230 1867 5283 Cal-

269 5308 474 5372 metum
511 5299 757 5372 nostrum
787 5300 841 5359 in
873 5301 1008 5357 Diss.
1042 5299 1298 5372 peculiari
1339 5302 1400 5356 de
1424 5301 1601 5356 itinere
1637 5299 1868 5358 Romano

270 5368 336 5424 S.
371 5368 517 5425 Petri
544 5371 757 5431 abunde
787 5368 1056 5429 inveniet;
1154 5378 1159 5381 ⁷

345 5439 622 5514 Philippus
647 5485 661 5509 ,
685 5444 773 5514 qui
811 5443 1160 5514 communitis
1186 5440 1425 5498 creditur
1443 5456 1549 5514 non
1576 5440 1866 5514 Apostolus,

268 5511 365 5567 sed
389 5511 525 5569 unus
543 5530 608 5570 ex
636 5511 845 5584 septem
890 5514 1077 5584 primis
1120 5511 1400 5582 Diaconis,
1428 5512 1545 5568 Act.
1578 5511 1644 5579 6,
1695 5528 1745 5567 υ.
1794 5512 1862 5580 5,

267 5584 454 5639 electis
473 5627 489 5651 ,
520 5585 705 5642 fuisse.

340 5652 671 5728 fortuilaLi.
702 5671 755 5712 e.
784 5656 994 5728 fortuito
1023 5656 1215 5712 oblata.
1563 5723 1567 5727 ν

346 5724 560 5797 Retulit.
587 5722 715 5797 Hice
735 5722 915 5794 utique
941 5728 1206 5784 sententia
1233 5728 1461 5797 ironiani
1505 5723 1663 5797 sapit.
1693 5732 1866 5791 caete.

267 5812 389 5865 rum
412 5812 520 5869 non
540 5796 1001 5869 bieTertulliaiius
1024 5798 1352 5869 Baptismum
1374 5815 1403 5869 a
1427 5795 1583 5852 Petro
1602 5798 1858 5867 collatum

267 5863 390 5927 cum
422 5864 698 5938 ΒιριᾷΜο
723 5863 961 5937 lanuuii,
993 5863 1318 5955 qul'priot'ls
1357 5865 1616 5929 duuiani
1659 5863 1860 5947 prtum

1979 3311 2082 3379 nisi
2116 3312 2406 3381 impmprie
2434 3311 2585 3375 dicti,
2630 3313 2890 3366 rationem
2922 3311 3114 3375 habet;
3143 3311 3263 3379 quia
3297 3320 3495 3376 tamen,
3530 3328 3587 3368 ut

1980 3397 2166 3437 rursus
2196 3386 2246 3437 iu
2279 3384 2482 3439 scholis
2529 3381 2841 3453 loquuntur,
2876 3383 3098 3437 actiones
3127 3393 3245 3437 sunt
3285 3384 3585 3452 supposito-

1978 3469 2111 3520 rum,
2141 3467 2204 3508 ac
2231 3453 2453 3523 proinde
2485 3452 2735 3509 non’sola
2766 3454 2955 3520 anima,
2985 3452 3078 3509 sed
3111 3460 3250 3507 totus
3276 3453 3449 3518 homo,
3487 3468 3585 3510 ceu

1977 3523 2152 3593 ipsum
2195 3526 2555 3594 suppositum,
2597 3539 2662 3581 ex
2692 3542 2906 3594 corpore
2946 3532 3001 3580 et
3026 3525 3201 3579 anima
3227 3533 3502 3589 constans,
3531 3525 3586 3580 in

1980 3611 2154 3667 carne,
2182 3610 2245 3651 ac
2280 3613 2368 3665 per
2392 3613 2595 3650 carnem
2636 3605 2841 3667 peccat,
2877 3595 3011 3665 inde
3028 3596 3212 3667 etiam,
3244 3605 3462 3666 propter
3505 3596 3589 3653 in-

1979 3666 2165 3738 timam
2201 3668 2394 3722 anima:
2424 3683 2544 3722 cum
2594 3666 2821 3738 curpore
2871 3668 3123 3722 unionem
3155 3666 3428 3738 nimirum,
3476 3676 3586 3723 tum

1977 3737 2163 3808 culpae,
2203 3745 2312 3795 tum
2348 3755 2511 3807 parum
2532 3737 2711 3794 reatus
2742 3738 3141 3808 quodammodo
3169 3737 3233 3793 ad
3268 3738 3440 3805 ipsum
3473 3755 3587 3792 cor-

1976 3825 2090 3879 pus,
2126 3823 2220 3865 seu
2270 3827 2496 3873 carnem,
2546 3808 3090 3880 protenditur,iadeo
3123 3819 3178 3862 ut
3224 3824 3329 3863 non
3367 3809 3585 3877 quidem

1975 3894 2174 3951 corpus
2202 3896 2292 3950 per
2319 3896 2390 3946 se,
2422 3891 2474 3937 et
2504 3891 2712 3951 propter
2734 3897 2806 3944 se,
2836 3879 2931 3935 sed
2964 3881 3139 3933 anima
3172 3881 3223 3933 in
3264 3897 3496 3951 corpore,
3535 3890 3589 3935 et

1977 3966 2301 4022 percorpus,
2328 3952 2508 4019 itaque
2542 3961 2683 4022 tutus
2714 3951 2886 4013 homo,
2912 3951 3286 4022 quipeccavit,
3313 3950 3584 4020 puniatur.

2051 4021 2127 4074 0b
2154 4019 2508 4093 ministerium.
2541 4020 2706 4093 Igitur
2734 4031 2911 4093 antea
2931 4019 2944 4021 ἡ
2969 4019 3110 4076 dicta
3161 4019 3426 4092 przecipue
3456 4036 3586 4076 vera

1976 4102 2103 4146 sunt
2150 4092 2202 4147 in
2259 4094 2479 4164 peccatis
2524 4091 2836 4157 carnalibus,
2874 4100 2982 4148 ‘seu
3025 4108 3143 4164 qua:
3190 4107 3373 4164 carue,
3415 4108 3587 4164 eaque

1975 4158 2378 4234 (ιιιοιηίιιιιιῐὶὺθι
2407 4163 2626 4219 demum
2654 4172 3010 4218 concurrente
3030 4158 3056 4229 ,’
3080 4158 3451 4232 perficiuntur.

2048 4234 2318 4307 Medicutis
2343 4234 2479 4304 quod
2499 4237 2661 4307 aquis,
2697 4236 2732 4290 i.
2752 4249 2804 4290 e.
2834 4236 3017 4290 virtute
3046 4235 3239 4307 medica
3269 4235 3495 4301 imbutis,
3531 4244 3588 4289 ut

1973 4305 2028 4361 in
2075 4306 2412 4362 naturalibus
2442 4305 2567 4363 sunt
2594 4308 2823 4373 thermae,
2856 4314 2910 4362 et
2942 4306 3184 4361 acitlalcc.
3221 4306 3366 4360 Alias
3400 4308 3583 4371 etiam,

1973 4377 2068 4433 sed
2094 4379 2287 4443 rarius,
2312 4394 2407 4447 pro
2424 4379 2678 4433 venenatis
2692 4378 2832 4432 sumi
2854 4378 3012 4443 solet,
3042 4385 3099 4432 ut
3118 4377 3407 4433 Suetonius
3428 4376 3584 4431 Clau-

1973 4448 2267 4520 dinmimp,
2302 4450 2465 4520 boleto
2510 4449 2758 4504 medicato
2799 4464 2829 4503 e
2860 4448 2994 4520 vivis
3024 4448 3293 4502 sublatqu
3326 4462 3447 4520 esse
3494 4463 3583 4503 re-

1974 4518 2100 4586 fert,
2145 4518 2407 4576 el'Silius
2434 4518 2495 4576 L.
2536 4519 2620 4585 VI,
2656 4520 2757 4575 tela
2791 4519 3037 4574 medicata
3064 4534 3250 4574 veneno
3276 4519 3439 4573 canit.

2048 4589 2417 4647 Interveniunt.
2449 4591 2656 4647 Alludit
2683 4590 2751 4646 ad
2800 4589 3066 4645 Piscinam
3110 4588 3466 4659 probaticam,
3518 4586 3586 4642 de

1974 4677 2076 4733 qua
2105 4662 2265 4720 Joan.
2311 4664 2368 4729 5,
2399 4672 2451 4719 et
2479 4662 2677 4720 Noster
2705 4679 2822 4733 cap.
2853 4678 2958 4729 seq.
2993 4661 3251 4733 apertius.
3372 4730 3373 4733 η

2049 4731 2274 4789 Diluitur
2301 4778 2315 4799 ,
2346 4735 2549 4790 scilicet
2600 4731 2817 4805 propter
2870 4748 2989 4790 eam
3031 4731 3242 4805 culpam
3294 4745 3454 4805 quam
3496 4746 3586 4805 per

1972 4820 2179 4874 corpus,
2203 4815 2257 4859 et
2277 4807 2567 4874 corporales
2597 4802 2660 4860 ac
2684 4802 2942 4860 sensibiles
2984 4804 3286 4873 uoluptates,
3311 4802 3582 4874 incurrit.

2109 4877 2348 4931 nudatur.
2368 4873 2462 4932 ’Ab
2487 4892 2549 4933 ea
2574 4876 2820 4932 videlicet
2845 4875 3077 4942 macula,
3111 4888 3269 4946 quam
3301 4873 3355 4929 in
3384 4873 3580 4940 animo,

1972 4945 2073 5001 sibi
2100 4947 2287 5003 intime
2316 4949 2529 5010 innesa,
2559 4946 2855 5002 contraxit.

2492 5016 2646 5072 Nota:
2671 5020 2737 5071 att
2762 5026 2912 5087 caput
2948 5015 3012 5071 V.

2047 5087 2428 5156 S’piritualium,
2476 5089 2512 5143 i.
2561 5104 2612 5145 e.
2661 5088 2899 5142 destituta
2939 5087 3077 5141 onmi
3128 5087 3410 5156 intellectu,
3448 5095 3580 5156 elc.,

1971 5167 2027 5215 et
2068 5161 2282 5214 nonnisi
2306 5158 2537 5213 carnalia
2566 5160 2859 5228 sapientes.
2889 5157 3024 5214 Fors
3052 5158 3167 5215 hanc
3211 5157 3475 5214 sententia
3508 5161 3579 5212 ita

1973 5231 2279 5301 interpungi
2309 5241 2492 5301 posset
2517 5248 2530 5286 :
2565 5240 2818 5285 extranea:
2846 5229 2908 5283 ab
2950 5231 3087 5285 omni
3114 5230 3396 5301 intellectu,
3424 5229 3582 5299 spiri-

1972 5300 2189 5385 tualium
2215 5300 2539 5385 potestatem,
2572 5317 2666 5359 seu
2695 5302 2966 5385 virtutem,
3000 5301 3176 5358 eadem
3201 5300 3578 5372 eﬂicacia,qetc.

2045 5372 2473 5438 Subministrant,
2512 5388 2606 5428 seu
2636 5372 2940 5429 attribuunt.

2054 5443 2253 5510 Viduis,
2284 5445 2323 5500 i.
2351 5459 2401 5500 e.
2431 5444 2691 5512 inanibus,
2721 5459 2783 5498 ac
2811 5443 2957 5499 utnni
2982 5442 3245 5513 ejusmodi
3275 5443 3469 5499 virtute
3489 5442 3583 5500 de-

1969 5516 2190 5573 stitutis.
2472 5546 2479 5561 ι
2682 5532 2702 5554 ο

2041 5587 2346 5643 lnitianlur.
2382 5585 2618 5657 Initiare,
2650 5586 2871 5643 verbum
2902 5588 2955 5642 in
2973 5586 3138 5659 sacris
3178 5586 3445 5659 praecipue
3467 5586 3580 5641 usi-

1969 5668 2159 5726 tatum,
2192 5668 2273 5714 est
2300 5674 2619 5728 consecrare,
2662 5672 2759 5714 seu
2786 5659 2945 5714 sacris
2986 5658 3230 5725 imbuere,
3269 5667 3361 5713 aut
3401 5658 3582 5728 potius

1967 5730 2036 5787 ad
2086 5730 2275 5813 eadem
2330 5725 2887 5814 idoneum'reddere.
2940 5750 2959 5784 ‹
2991 5730 3158 5795 Erant
3195 5725 3430 5857 .3inqui't
3478 5725 3581 5787 Ca-

1968 5802 2194 5857 saubon.
2242 5818 2295 5857 tn
2350 5802 2580 5857 Athenis:
2623 5801 2661 5857 ι.
2715 5797 2784 5855 Ἦ
2812 5839 2827 5857 .
2875 5817 2923 5855 ε.
2967 5798 3076 5857 lbi
3120 5817 3208 5857 aut
3247 5816 3334 5857 am
3381 5799 3578 5857 nodus

1968 5802 2213 5875 saubon.‘
2242 5803 2295 5875 inn
2350 5802 2581 5875 Atheniei
2623 5801 2661 5858 ι.
2715 5797 2827 5875 Y1,
2875 5817 2923 5855 ε.
2967 5798 3076 5875 η)
3120 5797 3346 5875 quidam
3381 5799 3578 5875 gradus

1968 5864 2023 5929 tu
2081 5868 2487 5945 participatione
2541 5863 2917 5945 mysteriorum
2986 5863 3326 5931 obicit/audit
3381 5863 3578 5929 'Prlma
