3940 6288
275 357 416 426 “73

1117 363 1458 424 APPENDIX
1494 357 1772 432 QUINTA,
1812 354 1881 416 IN
1922 343 2176 420 LIBRUM
2217 359 2302 417 DE
2343 357 2728 436 BADTISMO.'
2786 395 2803 410 .

3427 356 3569 421 1174

273 483 562 552 intelligant
587 498 604 540 :
636 497 734 539 nos
760 481 1012 538 credimus
1035 525 1050 549 ,
1079 493 1131 538 ut
1167 480 1530 552 intelligamus.
1560 479 1732 552 Atque
1765 475 1865 530 hoc
1891 473 1945 536 A
1971 477 2034 552 t_is
2062 486 2288 552 peccata,
2319 478 2640 552 remittuntur
2669 476 2759 552 eis,
2794 481 2898 552 e_tc.
2931 473 3289 552 Nihilominus
3319 489 3477 552 rere,
3514 483 3572 552 ut

275 565 359 612 est
377 544 530 622 illud,
557 555 696 626 quod
720 552 1006 624 Apostolus
1035 544 1134 608 nos
1164 552 1227 626 Il_.
1262 544 1381 606 Cor.
1408 551 1478 616 Χ,
1505 567 1554 604 ν.
1587 544 1864 613 ὕίιιιοηρῐ,

274 637 335 682 ut
387 623 818 682 simus—consilia
865 626 1146 691 (Immaoa)
1191 623 1530 686 destruentes,
1581 631 1870 691 etiotnnent

275 698 598 754 altitudinem
627 697 948 753 extollentem
979 713 1032 750 se
1055 689 1296 750 adversus
1334 693 1594 747 scientiam
1622 690 1717 744 Dei
1751 689 1867 763 (seu

275 769 533 825 adversus
561 783 644 841 ea,
677 783 797 838 qua:
826 767 978 841 nobis
1001 785 1090 838 per
1109 767 1260 835 ﬁdem
1278 765 1344 820 de
1372 765 1479 841 Deo
1509 757 1868 841 intumescunt)

275 851 323 896 et
369 841 422 894 in
467 833 810 911 captivitatem
857 833 1140 911 redigentes
1189 852 1390 890 omnem
1440 833 1769 891 intellectum
1815 833 1870 884 in

275 912 568 976 obsequium
593 910 802 967 Christi.

351 982 606 1037 Mandata
637 992 823 1036 tamen.
859 979 1158 1044 Mandatus,
1194 995 1252 1032 us
1273 1021 1286 1042 ,

275 1055 418 1126 gitur
443 1053 584 1123 apud
628 1052 822 1126 JCtos:
856 1067 978 1126 quae
1009 1050 1156 1126 proin
1190 1064 1294 1103 vox
1335 1047 1678 1126 Tcrtulliano
1714 1046 1870 1126 facile

279 1119 347 1180 ἐκ
381 1119 809 1194 Jurisprudentia
838 1119 983 1178 civili
1011 1123 1217 1194 haerere
1242 1121 1406 1194 potuit
1426 1135 1597 1194 ;_t_tam
1633 1119 1870 1194 civilium

278 1197 480 1268 Legum
525 1189 770 1268 apprime
809 1196 1038 1268 peritum
1082 1189 1285 1268 fuisse,
1335 1192 1386 1246 in
1438 1189 1870 1268 EpitomeVituz

277 1260 1068 1340 ejusdem._Libro_de'Prcescr.,
1092 1279 1122 1318 a
1151 1263 1308 1340 nobis
1327 1263 1542 1332 prmlixa
1567 1260 1866 1316 docuimus.

351 1336 670 1394 Conditione.
710 1337 816 1394 Seu
850 1335 1140 1392 secundum
1187 1333 1528 1390 intrinsecam
1571 1346 1720 1387 suam
1779 1347 1872 1386 na-

281 1419 488 1476 turam,
524 1419 642 1478 aut,
681 1417 738 1464 ut
789 1409 920 1464 alias
967 1407 1269 1478 loquimur,
1319 1403 1594 1458 secundum
1639 1402 1871 1478 substano

281 1482 425 1554 tiam.
467 1475 595 1536 Erat
629 1475 765 1552 ergo
818 1475 1120 1554 B_apti~ui_us
1163 1476 1503 1554 liittulillllllttl
1553 1475 1866 1554 extrinsclceo,

279 1552 482 1607 Stilicet
511 1543 768 1622 quantuin
797 1549 862 1622 ad
899 1543 1208 1605 mandatum
1240 1547 1365 1602 illud
1399 1545 1512 1610 Dei,
1543 1562 1608 1622 es
1639 1561 1746 1613 quo
1771 1543 1870 1599 fuit

279 1639 308 1678 a
361 1617 571 1678 Joanne
620 1621 1025 1678 atlmiuittratus
1072 1639 1084 1675 :
1139 1635 1242 1674 nou
1293 1633 1424 1672 vero
1476 1617 1783 1676 inti-insece,
1817 1625 1872 1670 et

278 1703 542 1764 quantum,
581 1693 646 1748 ad
673 1702 918 1764 naturam
965 1707 1150 1759 suam,
1185 1689 1419 1755 Divinas,
1449 1689 1543 1744 sed
1586 1689 1732 1742 onmi
1764 1686 1871 1740 vir-

283 1762 417 1831 tute,
447 1763 549 1821 sibi
581 1764 764 1826 indita,
797 1762 1105 1819 destitutus.

351 1828 659 1891 Prwstabat.
684 1835 992 1905 Baptismus
1022 1850 1150 1905 ergo
1171 1829 1398 1905 Joannis
1424 1830 1622 1905 nullam
1644 1828 1870 1905 habebat

279 1906 570 1965 efﬁcaciam
596 1905 663 1962 ad
679 1900 876 1976 aliquid
894 1900 1282 1976 supernaturale
1303 1903 1354 1956 in
1377 1903 1552 1976 anima
1572 1900 1870 1976 producent

279 1977 427 2046 dum,
442 1976 580 2034 sicut
601 1969 784 2033 tamen
795 1969 1040 2032 Clu-isius
1057 1976 1319 2046 baptismo
1340 1988 1435 2028 suo
1448 1972 1552 2026 vim
1572 1969 1790 2027 inseruit
1805 1969 1871 2024 ad

281 2045 680 2120 producendam
719 2049 946 2120 gratiam
972 2045 1421 2120 sanctificantem,
1449 2053 1506 2099 et.
1536 2053 1749 2120 peccata
1779 2057 1874 2111 per

281 2113 528 2177 eamdem
553 2113 838 2176 abolenda.
866 2119 1012 2188 Hanc
1035 2116 1292 2188 Baptistni
1322 2113 1872 2188 utriusquediffereo-

283 2193 411 2248 tiam
441 2192 671 2262 ipsemet
696 2191 954 2262 Joannes,
983 2183 1214 2262 Mardi,
1234 2205 1285 2262 vi.
1313 2187 1366 2255 8,
1389 2183 1874 2262 luculentepsigni-

284 2254 492 2329 lieavil',
547 2263 794 2331 inquiens
827 2258 978 2332 :Ego
1023 2254 1273 2329 baptizavi
1310 2254 1396 2313 vos
1425 2259 1596 2328 Aqua,
1638 2254 1727 2310 ille
1758 2271 1874 2310 vero

283 2335 558 2404 baptizabit
583 2333 668 2388 vos
695 2347 904 2404 scitura
929 2347 1154 2388 ssncro.

357 2399 820 2460 Prwministrabat.
853 2403 1001 2460 Sicut
1046 2403 1190 2458 enim
1231 2403 1345 2471 ipse
1385 2399 1618 2456 Joannes
1669 2407 1873 2453 tantum

289 2487 404 2532 erat
424 2477 732 2531 Praecursor
759 2475 987 2538 Domini,
1005 2491 1304 2545 prwparans
1324 2473 1560 2545 nimirum
1581 2473 1715 2524 viam
1737 2471 1872 2538 ejus,

287 2547 456 2602 Marc.
489 2545 530 2615 1,
559 2546 614 2612 2,
645 2548 715 2602 ita
742 2548 899 2603 etiam
930 2543 1232 2615 Baptisinus
1263 2543 1485 2615 Joannis
1524 2552 1726 2615 tantum
1759 2550 1875 2615 erat

287 2611 607 2688 prodromus
626 2618 839 2688 quidam
865 2617 932 2671 Ba
942 2611 1117 2688 ptismi
1133 2614 1360 2688 Christi,
1377 2614 1520 2688 velut
1541 2613 1606 2666 ad
1624 2611 1872 2667 eutndem

291 2685 387 2759 per
416 2685 676 2743 excitatos
697 2697 846 2743 actus
871 2685 1196 2758 pteuitentia:
1217 2703 1247 2740 a
1271 2685 1506 2755 peccatis
1543 2691 1876 2759 avocans,_et

289 2752 358 2815 ad
377 2759 656 2815 meliorem
677 2760 838 2814 vitam
861 2752 1171 2828 disponens,
1198 2752 1300 2812 non
1324 2759 1491 2828 ipsam
1511 2756 1672 2810 vitam
1695 2752 1877 2828 confe-

290 2846 438 2901 rens.
471 2829 544 2901 Ita
566 2829 708 2886 enim
725 2823 1127 2901 AAuthor'Ql‘lad
1149 2823 1419 2901 orthodox.
1459 2827 1707 2901 Respons.
1725 2826 1800 2901 gd
1817 2823 1872 2889 9.,

291 2899 561 2984 XXXVII,
583 2902 656 2984 ait
682 2897 1002 2971 :Baptismus
1017 2899 1240 2982 oannis
1263 2895 1685 3022 proccmiumé‘uit
1717 2895 1878 2949 Evan-

291 2974 411 3022 aelti
466 2984 658 3022 aratra).
694 2973 762 3022 Et.
796 2973 852 3022 S.
913 2971 1070 3022 BaSII.
1144 2968 1301 3022 Hom.
1332 2970 1429 3022 15.
1467 2969 1529 3022 de
1607 2969 1778 3022 xltorl.
1809 2967 1878 3020 ad

326 2974 411 3028 elii
465 2973 670 3045 gratim.
694 2973 762 3028 Et
889 2970 1070 3045 _Bas_il.
1144 2967 1301 3029 Hom.
1332 2970 1429 3045 π),
1467 2969 1534 3045 de
1559 2967 1778 3045 lix/wit.
1809 2967 1878 3020 ad

338 3039 631 3114 alitisinttnt,
659 3043 828 3115 inqttit
848 3061 860 3097 :
884 3040 906 3096 Ι
915 3043 1208 3115 uitiatarum
1223 3051 1330 3115 erat
1343 3041 1559 3115 Joannis
1576 3039 1838 3115 [inplicata
1857 3055 1876 3115 ς

289 3109 428 3170 istud
454 3133 568 3171 vero
587 3109 942 3187 perfecturum.
965 3113 1042 3187 AAc
1065 3125 1266 3187 peccato
1292 3112 1426 3187 illud
1443 3111 1684 3166 avocabat
1706 3125 1725 3164 :
1743 3109 1877 3164 istud

294 3203 409 3242 cum
439 3203 540 3243 uno
569 3184 850 3258 conjungit,
880 3196 926 3238 et
948 3184 1256 3258 familiarem
1282 3185 1468 3238 reddit.

1319 984 1522 1046 quartm
1559 975 1758 1030 Declin.
1789 973 1868 1028 lc-
1896 1021 1904 1029 .

1975 547 2032 600 S.
2064 546 2342 619 'Pacianus
2405 547 2506 618 Ep.
2550 550 2572 602 1
2605 589 2640 619 ,7
2669 548 2737 600 ad
2797 546 3242 619 Sympronianum
3290 547 3396 612 ait,
3433 547 3569 619 quod

1975 636 2066 690 per
2109 636 2225 672 suos
2269 617 2572 690 sacerdotes
2615 618 2737 690 facit
2781 617 3032 683 Christus,
3063 635 3158 672 sua
3198 617 3569 674 Potestas’est.

1974 689 2041 744 Et
2085 691 2179 759 Ep.
2215 693 2268 747 5.
2303 689 2454 756 Quod
2483 707 2572 758 ego
2600 689 2767 758 facio,
2801 705 2901 743 non
2931 705 3041 744 meo
3070 691 3198 754 iure,
3230 693 3318 743 sed
3353 705 3566 756 nonI-Nl;

1979 761 2071 814 Dei
2092 762 2224 814 enim
2253 779 2425 817 sumus
2445 762 2725 833 adjutores.
2763 759 2954 826 Quare,
2990 762 3181 830 pergit,
3204 761 3307 814 sive
3335 761 3572 829 baptizao

1975 833 2108 896 mus‘,
2139 833 2242 888 sive
2271 833 2338 886 ad
2361 835 2704 903 paenitentiam
2737 833 2982 903 cogimus,
3020 849 3108 886 seu
3131 833 3327 886 veniam
3355 835 3570 903 petenti-

1973 903 2064 957 bus
2108 905 2418 970 relaxamus,
2451 903 2652 960 Christo
2701 905 2754 957 id
2803 913 3007 958 auctore
3050 913 3343 957 tractamus.
3394 907 3569 972 Atque

1975 975 2091 1030 haec
2121 987 2304 1030 contra
2337 976 2700 1031 Protestantcs
2730 985 2945 1030 nostros
2977 975 3208 1028 notanda
3252 985 3432 1038 erant,
3465 977 3568 1030 Sn-

1975 1045 2282 1102 cerdotibus
2310 1062 2416 1100 non
2440 1063 2606 1100 verant
2635 1056 2930 1116 potestatem
2956 1046 3281 1112 remitteudi,
3309 1046 3402 1100 scd
3432 1063 3535 1100 non
3553 1076 3568 1087 -

1974 1119 2074 1172 nisi
2105 1133 2248 1172 mere
2293 1118 2649 1172 declarativant
2687 1117 2794 1187 jam
2827 1119 2979 1173 facta:
3007 1134 3036 1171 ιι
3068 1117 3178 1172 Deo
3217 1117 3525 1173 remissionis
3551 1161 3566 1184 ,

1973 1189 2358 1244 asserculibus.

2048 1261 2436 1332 Descensnrum.
2477 1261 2680 1332 Sinon
2724 1261 2892 1314 abiero
2939 1260 3057 1332 (ait
3113 1259 3360 1315 Christus
3405 1259 3568 1314 .loan.

1973 1331 2115 1398 XVI,
2143 1347 2203 1404 γ.
2233 1334 2261 1386 7
2289 1332 2328 1404 ),
2381 1331 2686 1386 Paracletus
2734 1349 2834 1385 non
2893 1334 3052 1404 veniet
3105 1331 3173 1384 ad
3227 1333 3570 1404 vostsimu-

1975 1415 2072 1456 tem
2100 1402 2295 1464 abiero,
2323 1404 2514 1457 ntittant
2545 1420 2660 1457 eum
2690 1404 2757 1456 (ι’ιί
2787 1418 2888 1456 vos.
2925 1403 3042 1470 Quo
3085 1403 3393 1459 leslhnonio
3431 1402 3566 1458 Τυν-

1977 1477 2221 1529 tullianus
2239 1477 2404 1529 utitur
2432 1475 2494 1528 ad
2527 1474 2878 1544 probandum,
2909 1474 3383 1544 quodBaptismns
3410 1473 3570 1529 Joan-

1975 1547 2055 1600 nis
2085 1545 2307 1615 gratiam
2335 1542 2564 1616 Spiritus
2595 1546 2652 1600 S.
2679 1546 2912 1600 nondum
2945 1542 3190 1600 conferre
3219 1546 3468 1613 potuerit,
3502 1561 3568 1599 co

1974 1617 2113 1686 quod
2136 1618 2364 1688 Spiritus
2386 1617 2446 1672 S.
2475 1627 2596 1672 ante
2622 1617 2817 1671 Christi
2849 1617 3084 1688 ὶιιιωιιιδ
3115 1623 3406 1671 Ascensum
3431 1633 3568 1688 none

1974 1691 2100 1740 dum
2129 1687 2190 1744 se
2226 1688 2276 1742 in
2313 1689 2602 1744 Erclcsiant
2652 1687 2922 1742 effuderit.
2979 1688 3052 1741 lix
3108 1703 3212 1756 quo
3249 1703 3351 1741 non
3413 1687 3565 1755 pauci

1973 1760 2132 1814 etiam
2191 1776 2254 1814 es
2312 1761 2510 1814 nostris
2557 1760 2916 1823 contendunt,
2991 1775 3164 1826 neque
3214 1757 3566 1828 Baptismutp,

1976 1846 2003 1882 a
2036 1831 2248 1884 Christo
2273 1831 2600 1898 institutum,
2646 1843 2768 1885 ante
2803 1830 3103 1886 Passionem
3133 1839 3185 1883 et
3215 1828 3568 1884 ltcsurrectio-

1978 1919 2126 1967 nem,
2175 1903 2282 1955 imo
2332 1913 2384 1957 et
2439 1903 2557 1969 ejus
2603 1903 2976 1966 Ascensionem,
3037 1902 3330 1955 efﬁcaciam
3378 1899 3564 1956 coofe-

1978 1973 2158 2028 rendc
2185 1974 2367 2044 gratia:
2393 1973 2911 2032 obtinuisscNerum
2943 1973 3044 2028 bac
3064 1973 3130 2028 de
3149 1986 3207 2028 re
3234 1971 3410 2043 potius
3433 1972 3564 2043 Cap.

1977 2061 2082 2098 860.

2033 2061 2137 2170 (Idle
2156 2116 2333 2172 auditu
2348 2119 2546 2188 quidem
2567 2128 2824 2174 noverant.
2844 2115 2956 2170 Act.
2971 2115 3118 2188 XIX,
3129 2115 3186 2180 2,
3210 2125 3254 2169 et
3275 2132 3410 2186 seqq.
3439 2115 3569 2170 Pall-

1978 2186 2061 2242 lus
2083 2189 2147 2240 ad
2177 2186 2466 2256 discipulos
2482 2206 2606 2244 suos
2627 2191 2700 2244 ait
2721 2211 2732 2245 :
2752 2190 2810 2245 Si
2834 2203 3076 2243 SPIRITUM
3094 2187 3156 2242 S.
3171 2188 3434 2257 accepistis
3453 2204 3564 2241 cre-

1978 2259 2195 2312 dentes?
2223 2260 2286 2312 Λι
2317 2260 2393 2314 illi
2415 2261 2649 2316 dixerunt
2672 2263 2740 2315 ad
2773 2278 2882 2314 eunt
2909 2276 2925 2314 :
2953 2261 3058 2314 Sed
3084 2275 3241 2329 neque
3265 2260 3309 2312 si
3338 2257 3569 2328 Spiritus

1979 2330 2204 2384 Sanctus
2233 2341 2323 2397 est,
2351 2332 2653 2385 audivimus.
2687 2332 2784 2388 llle
2810 2347 2921 2386 vero
2949 2333 3020 2384 ait
3045 2347 3062 2385 :
3096 2329 3162 2384 In
3187 2345 3282 2401 quo
3301 2347 3418 2401 ergo
3441 2331 3568 2396 bap.

1979 2402 2122 2472 tizali
2166 2402 2322 2456 estis?
2377 2402 2478 2468 Qui
2523 2403 2758 2458 dixerunt
2797 2420 2814 2458 :
2860 2402 2926 2456 In
2961 2401 3179 2456 Joannis
3229 2400 3562 2472 Bapt’isnmte.

1979 2471 2119 2525 Dixit
2143 2483 2310 2525 autem
2340 2473 2537 2531 Paulus
2565 2491 2583 2528 :
2610 2475 2838 2528 Joannes
2865 2475 3136 2544 baptizavit
3164 2471 3428 2542 Baptismo
3492 2489 3567 2525 m-

1980 2544 2203 2596 nitentia:
2229 2544 2494 2598 novatum.
2518 2553 2624 2598 etc.
2656 2547 2732 2598 Ex
2763 2546 2954 2598 auibus
2990 2545 3142 2598 facile
3168 2545 3408 2598 infertur.
3436 2490 3567 2598 liim-

1980 2544 2203 2596 nitentia:
2229 2544 2494 2615 populum,
2518 2553 2624 2602 etc.
2656 2547 2732 2601 Ex
2763 2546 2954 2615 quibus
2990 2545 3142 2600 facile
3168 2545 3408 2615 infertur,
3436 2544 3571 2612 Bap-

1982 2615 2197 2668 tismum
2225 2610 2445 2669 Joannis
2475 2631 2578 2670 non
2619 2610 2870 2672 collatum
2919 2615 3080 2670 luisse
3127 2615 3178 2671 in
3239 2614 3453 2670 nomine
3507 2610 3565 2670 S.

1979 2685 2331 2750 TRINITATIS;
2362 2688 2492 2740 alias
2514 2689 2654 2742 enim
2684 2688 2943 2745 Srmn‘un
2975 2689 3026 2741 S.
3066 2687 3310 2756 ignorare
3339 2703 3442 2740 non
3477 2704 3566 2758 po-

1983 2759 2207 2811 tuisscnt
2229 2799 2242 2823 ,
2283 2768 2466 2828 utpote
2497 2759 2546 2812 in
2574 2777 2731 2828 quem
2773 2770 2925 2813 antea
2954 2759 3176 2813 credere
3219 2758 3565 2824 debuissent,

1983 2837 2230 2898 tauquam
2264 2845 2356 2897 per
2385 2829 2533 2899 cujus
2555 2833 2776 2899 gratiam
2807 2830 3054 2885 remissio
3085 2837 3422 2897 peccatorum
3454 2829 3566 2883 Ileri

1981 2899 2226 2960 debebat,
2258 2910 2312 2953 et
2338 2902 2528 2954 animm
2557 2903 2908 2956 Sanctificatio
2935 2900 3186 2970 conferri.
3225 2900 3570 2970 Erantigitur

1982 2971 2032 3042 hi
2075 2985 2142 3042 ex
2189 2970 2387 3042 iudicis
2416 2970 2673 3039 Ephesiis,
2708 2973 2794 3042 qtti
2842 2989 2869 3025 a
2917 2969 3122 3025 Joanne
3165 2969 3452 3042 aliquando
3515 2973 3568 3025 iu

1979 3040 2213 3097 Jordauc
2254 3041 2500 3111 bztptizati
2547 3040 2749 3097 fuerant
2775 3085 2789 3106 ,
2839 3043 3150 3110 intereaque
3178 3041 3437 3110 Ephesum
3479 3057 3568 3098 re-

1981 3114 2146 3178 versi,
2166 3111 2316 3184 nihil,
2333 3125 2616 3184 antequam
2636 3113 2833 3168 Paulus
2855 3114 2978 3168 illuc
3011 3114 3360 3180 pervenisset,
3379 3112 3446 3168 de
3460 3111 3569 3166 Ba-

1983 3185 2164 3254 ptismo
2191 3181 2379 3238 Christi
2403 3228 2416 3251 ,
2451 3181 2706 3241 hactenus
2733 3185 2800 3240 ab
2827 3184 3097 3251 Apostolis
3135 3184 3331 3239 collato
3350 3225 3364 3249 ,
3395 3199 3569 3252 neque

366 3253 676 3324 Potestate;
707 3253 800 3313 seu
856 3253 1098 3322 libertate,
1147 3255 1353 3312 scilicet
1397 3270 1490 3326 per
1519 3255 1654 3309 vites
1689 3253 1874 3324 gratia}
1901 3261 1946 3324 (ζ
1981 3253 2048 3311 de
2077 3256 2391 3322 impositione
2419 3273 2658 3310 manutmt
2680 3299 2694 3320 ,
2727 3271 2820 3311 seu
2851 3257 3182 3311 Sacramenta
3208 3255 3571 3323 Conﬁrmatio-

293 3329 494 3383 adiuta.

357 3346 678 3471 ’ἘὲἒιοεηΕει
715 3399 857 3454 enim
889 3397 1069 3471 Fides,
1099 3406 1156 3453 ut
1201 3396 1404 3471 Concil.
1437 3397 1680 3471 Trident.
1733 3395 1874 3471 Sess.

297 3470 385 3548 γι,
417 3467 494 3526 ’άε
543 3469 796 3548 Iusti/ic._
831 3487 945 3541 cup.
1003 3469 1200 3548 docet,
1253 3468 1532 3548 dispositu)
1593 3467 1874 3548 quaedam,

295 3535 466 3612 ipsam
520 3535 902 3612 ptenit'cntiam'
936 3535 1261 3612 necessario,
1293 3535 1650 3606 antecedens,
1699 3547 1755 3592 ut
1803 3535 1877 3592 ibi

293 3611 472 3669 latius.
503 3611 635 3668 Cum
665 3629 794 3684 ergo
819 3613 948 3668 Luc.
983 3611 1092 3676 VII,
1129 3629 1180 3668 ν.
1204 3611 1296 3680 29,
1333 3612 1507 3684 Omnis
1536 3612 1753 3684 populus
1780 3626 1879 3662 auo

295 3686 440 3756 cliens
467 3726 481 3750 ,
516 3694 563 3739 et
610 3683 870 3756 publicani
907 3685 1320 3756 justi/icaverunt
1364 3682 1877 3756 Deunt'(Crcdentcs

295 3755 578 3834 uimirum_
605 3753 822 3834 Christo
855 3797 868 3820 ,
902 3753 1143 3834 Joannis
1202 3755 1357 3834 dotes
1383 3824 1396 3834 .
1431 3753 1582 3834 tam_'
1603 3753 1880 3834 insigniter

293 3824 727 3892 commendanti)
752 3825 1016 3896 ibaptizati
1058 3823 1324 3896 Baptisnto
1365 3824 1604 3880 Joannis.
1648 3823 1726 3879 Εἴ
1758 3838 1880 3896 mort

296 3897 468 3968 pergit
513 3893 847 3968 Evangelista
890 3914 906 3952 :
960 3893 1214 3960 Phariscei
1259 3907 1422 3951 autem
1479 3906 1522 3968 et
1577 3893 1882 3968 Legisperiti

293 3963 565 4024 consilium
603 3963 702 4022 Dii
744 3979 1036 4038 spreverunt
1072 3969 1123 4022 in
1153 3969 1447 4037 semetipsos
1476 3963 1758 4038 (increduli
1805 3963 1884 4038 ui-

300 4041 494 4095 mirum
523 4033 1117 4109 Joanui,'liaptisumm
1163 4033 1496 4109 pmnitcntite
1543 4033 1882 4109 praedicanti,

295 4111 474 4180 etipsi
527 4110 740 4166 Christo
783 4108 1030 4166 eumdem
1079 4108 1185 4163 tam
1229 4109 1520 4180 efﬁcaciter
1573 4108 1882 4180 suadenti),

298 4178 408 4255 non
441 4182 682 4255 baptizati
703 4194 817 4236 sunt
848 4182 910 4236 ab
931 4199 1024 4255 eo,
1045 4195 1217 4251 neque
1259 4179 1402 4255 digni
1452 4178 1552 4255 hoc
1583 4179 1887 4255 ptent'tentite

299 4247 588 4323 Buptisnio,
621 4256 871 4324 quoniam
923 4251 1074 4319 Fide,
1100 4247 1206 4306 tam
1249 4247 1594 4322 pertinaciter
1638 4247 1887 4304 nimirum

299 4325 534 4393 repulsa,
559 4324 819 4379 destituti.
995 4355 1008 4361 -

376 4386 695 4450 lﬂtntantmt.
723 4395 830 4452 Seu
874 4408 961 4449 res
1001 4391 1068 4447 ah
1103 4393 1322 4448 arbitrio
1364 4393 1626 4460 hominis,
1669 4392 1890 4463 ejusque

217 4461 226 4483 '
299 4467 482 4522 liberis
507 4469 712 4522 actibus
740 4465 1042 4522 necessario
1065 4463 1394 4534 dependens.

375 4537 593 4593 Necesse
639 4548 731 4593 est.
775 4535 982 4592 Pariter
1031 4537 1233 4591 scilicet
1287 4540 1576 4601 humanus,
1631 4543 1687 4588 ut
1730 4549 1890 4604 snpra

299 4609 449 4665 dixit.
488 4608 616 4664 Vide
647 4607 772 4662 Not.
803 4606 1125 4663 Conditione.
1175 4606 1477 4678 Baptismus
1506 4622 1633 4676 ergo
1671 4605 1891 4678 Joannis

1981 3329 2081 3390 nis,
2115 3327 2258 3395 quod
2296 3335 2420 3381 tunc
2453 3328 2720 3395 Baptismo
2753 3343 2876 3382 mox
2921 3325 3356 3396 subjungebatur,
3391 3326 3568 3381 donis—

1981 3415 2083 3466 que
2113 3397 2341 3468 Spiritus
2384 3398 2440 3452 S.
2488 3399 2612 3452 illud
2644 3397 3054 3463 comitantibus,
3096 3397 3386 3466 quidpiam‘
3419 3398 3568 3468 inau—

1981 3467 2209 3540 dierant.
2243 3469 2306 3523 Et
2347 3484 2476 3524 vero
2505 3469 2702 3524 Paulus
2729 3470 2947 3524 minime
2977 3469 3210 3540 putabat,
3247 3468 3375 3536 ipsis
3401 3467 3563 3540 suffe-

1981 3540 2120 3596 cisse
2175 3538 2504 3610 Baptismum
2549 3540 2808 3609 Joannis,
2869 3555 2934 3594 eo
2981 3538 3126 3609 quod
3182 3555 3276 3610 per
3335 3539 3569 3610 eundem

1983 3612 2217 3666 nondum
2248 3609 2432 3666 Christi
2463 3611 2707 3668 Ecclesia:
2751 3612 2940 3666 initiati
2971 3610 3216 3666 fuissent.
3248 3609 3426 3678 Quare
3471 3609 3570 3664 lor.

1983 3682 2068 3736 cit.
2103 3699 2150 3736 ν.
2186 3683 2219 3738 5
2245 3681 2379 3754 et76.
2409 3683 2747 3754 subjungitur
2777 3701 2790 3737 :
2825 3683 2922 3738 llis
2959 3681 3144 3736 auditis
3169 3681 3412 3753 baptizati
3453 3690 3576 3735 sunt

1983 3755 2036 3807 in
2057 3754 2260 3809 nomine
2283 3753 2488 3810 Domini
2513 3753 2658 3810 Jesu.
2687 3754 2886 3810 Etcum
2917 3754 3236 3824 imposuisset
3262 3754 3368 3808 illis
3390 3767 3574 3806 manus
3631 3773 3633 3778 ·

1987 3824 2216 3892 Paulus,
2249 3827 2380 3880 venit
2421 3842 2658 3883 SPJRITUS
2702 3829 2764 3882 S.
2813 3843 2966 3896 super
3001 3842 3088 3880 eos
3111 3866 3126 3890 ,
3159 3836 3206 3880 et
3244 3825 3576 3895 loquebantur

1986 3897 2196 3968 linguis,
2228 3907 2273 3968 et
2302 3899 2689 3967 praphetabant.
2719 3897 2857 3954 Vide
2901 3897 3058 3968 igitur
3083 3911 3242 3968 quam
3285 3896 3575 3968 multom—

1987 3966 2192 4022 ﬁl‘lttiOl‘
2235 3966 2391 4022 fuerit
2421 3968 2726 4037 Buptismus
2755 3966 2972 4023 Joannis
3001 3982 3111 4037 pl'tE
3152 3967 3321 4022 altero
3350 3966 3571 4020 Christi.

2061 4038 2285 4109 Spiritus
2327 4039 2932 4109 prophetica..Propltet:1
2980 4039 3123 4094 enim
3165 4048 3281 4092 erat
3321 4037 3574 4102 Joannes,

1991 4109 2099 4181 imo
2131 4107 2563 4181 (quodChristus
2594 4107 2788 4165 Matth.
2824 4109 2917 4176 XI,
2939 4125 2992 4181 γ.
3021 4110 3075 4181 9,
3108 4109 3174 4164 ad
3215 4110 3396 4181 turbas
3421 4109 3580 4181 dish)

1991 4179 2258 4250 plusquam
2293 4179 2569 4249 Propheta.
2603 4181 2738 4239 Vide
2781 4193 2832 4238 et
2861 4199 2906 4237 c.
2940 4179 3102 4247 XXI,
3132 4197 3184 4236 ν.
3220 4181 3310 4236 26.
3344 4179 3584 4250 Prophe-

1993 4251 2138 4325 tahat
2163 4252 2306 4307 enim
2330 4295 2344 4319 ,
2374 4269 2480 4307 non
2512 4263 2566 4307 ut
2604 4254 2806 4325 antiqui
2836 4253 2911 4310 illi
2940 4252 3211 4310 Christum
3257 4253 3345 4307 ditt
3374 4263 3581 4324 postea,

1991 4321 2230 4394 sedimox
2258 4333 2376 4394 post
2401 4339 2460 4380 se
2490 4321 2790 4381 venturum.

2066 4393 2486 4468 Translationem.
2515 4397 2730 4452 Scilicet
2771 4397 2984 4468 quando
3013 4395 3256 4468 Christus
3281 4437 3296 4462 ,
3319 4411 3350 4452 a
3379 4394 3586 4450 Joanne

1993 4465 2294 4534 baptizatus
2312 4511 2326 4532 ,
2351 4469 2471 4520 vidit
2521 4465 2908 4537 Spiritum'Dei
2939 4467 3322 4522 descendentem
3345 4468 3473 4522 sicut
3502 4483 3588 4521 co-

1994 4537 2256 4609 lumbam,
2287 4549 2332 4592 et
2380 4539 2654 4593 venientem
2680 4557 2834 4609 super
2861 4556 2931 4605 se,
2962 4537 3146 4593 Matth.
3172 4537 3237 4592 Ill
3257 4581 3272 4604 ,
3303 4553 3356 4592 ν.
3387 4537 3476 4609 16.

2068 4608 2413 4664 Sciscitatnm.
2445 4609 2707 4664 Nimirum
2740 4607 2928 4665 Matth.
2963 4609 3062 4674 XI,
3093 4625 3145 4664 ν.
3174 4610 3229 4675 5,
3259 4623 3378 4663 cum
3420 4607 3588 4664 Joan-

302 4680 512 4735 nounisi
541 4679 607 4734 ad
636 4681 1023 4750 ptenitentiatn
1047 4655 1312 4750 excitabat
1336 4721 1350 4744 ,
1380 4655 1794 4748 grnliteoanxilia
1815 4676 1890 4750 ad
1915 4655 1970 4715 D
1999 4694 2092 4733 nes
2119 4678 2183 4750 ad
2215 4681 2483 4735 Christum
2517 4683 2714 4736 mittens
2753 4682 2880 4736 duos
2913 4682 2976 4735 de
3023 4655 3285 4750 discipulis
3324 4679 3430 4734 suis
3453 4723 3466 4744 ,
3517 4682 3590 4732 ait

301 4751 544 4808 eamdem
573 4749 869 4808 necessaria
899 4749 1192 4821 largiendo,
1222 4766 1326 4805 non
1373 4751 1482 4818 ipsa
1526 4758 1742 4821 peccata
1795 4749 1890 4804 de-

302 4822 462 4878 letnlo
492 4839 506 4876 :
539 4832 720 4893 utpote
749 4822 888 4892 quod
935 4819 1028 4890 per
1072 4831 1246 4876 actmn
1281 4819 1541 4892 pet-fectm'
1563 4819 1893 4893 pmnilenlitB

302 4910 396 4948 seu
436 4892 792 4959 contritiouis,
825 4901 1078 4963 tanquam
1109 4909 1238 4964 Optts
1265 4893 1434 4964 ipsius
1460 4892 1736 4964 oper-antis,
1770 4909 1892 4962 pcr-

307 4965 390 5020 tici
423 4981 642 5020 necesse
677 4975 816 5020 erat.
1339 5026 1342 5030 ,

378 5037 438 5090 Si
468 5037 686 5090 ctelestis
723 5039 934 5108 fuisset.
956 5036 1104 5108 Sicut
1143 5035 1446 5105 Bnptismus
1477 5036 1644 5108 ipsam
1676 5036 1894 5108 gratiam

305 5106 786 5176 srmcti/icantem‘et
812 5106 1154 5160 remissionem
1177 5117 1516 5177 peccatorum,
1552 5106 1731 5160 Divina
1765 5109 1826 5160 sil
1849 5106 1896 5159 i-

307 5196 412 5248 que
463 5179 752 5249 intrinseca
795 5179 1024 5249 virtute,
1053 5193 1146 5233 seu
1171 5221 1186 5249 ,
1219 5187 1275 5232 ut
1323 5179 1612 5249 loquimur,
1643 5194 1704 5233 ea:
1746 5193 1896 5248 opere

309 5247 538 5320 aperato,
571 5247 980 5320 confcrehat,ut
1003 5248 1108 5320 jam
1141 5247 1273 5303 alias
1303 5247 1557 5304 diximus.

385 5320 519 5375 Dens
544 5321 703 5376 solus.
723 5321 893 5393 Atque
913 5319 961 5376 id
979 5317 1192 5393 quidem
1211 5321 1614 5390 intelligendum
1634 5330 1716 5374 est
1737 5321 1801 5375 de
1817 5339 1900 5392 po-

310 5401 486 5464 testate
506 5393 784 5464 principali
809 5389 1258 5464 etauthoritativa.
1275 5389 1538 5464 (Steterunt
1563 5401 1739 5446 autem
1766 5389 1902 5448 hanc

313 5463 472 5518 etiam
504 5462 828 5531 hominibus,
859 5463 1000 5517 velut
1023 5462 1387 5528 instrumentis,
1424 5479 1513 5532 per
1531 5479 1655 5532 quos
1687 5473 1902 5532 pecenta

311 5535 514 5588 nomine
543 5535 728 5590 Christi
756 5533 1107 5596 dimittantur,
1132 5541 1184 5589 et
1211 5534 1442 5604 Spiritus
1476 5534 1542 5604 S.
1577 5533 1898 5599 conferatur,

311 5604 813 5660 cotmmmicabilcm
847 5621 989 5668 esse,
1020 5607 1195 5675 itaque
1227 5606 1387 5661 etiam
1419 5620 1447 5657 a
1485 5603 1700 5672 Christo
1756 5607 1904 5674 Apo-

311 5677 483 5746 stolis,
521 5677 942 5746 eorotmlentque
981 5677 1380 5731 successoribus
1411 5675 1712 5746 Episcopis.
1735 5685 1789 5730 et
1817 5693 1908 5739 per

313 5744 792 5820 ltt)s_PresIJyteris,
820 5744 1268 5820 communicatam
1309 5744 1492 5820 fuisse,
1526 5762 1591 5800 ex
1620 5745 1756 5820 Joan
1787 5747 1906 5820 XX,

314 5831 369 5890 Υ.
401 5815 493 5890 2‘2,
525 5815 703 5890 etseq.
753 5827 1005 5884 constat,
1034 5817 1122 5873 ubi
1160 5819 1406 5874 Christus
1437 5817 1712 5888 Apostolis
1743 5818 1912 5874 insuf-

318 5887 460 5948 ﬂavit
487 5899 539 5953 et
565 5887 698 5950 dixit
723 5907 736 5946 :
763 5891 990 5964 Argipus
1019 5890 1271 5964 Spiritum
1299 5891 1360 5952 S.
1390 5887 1620 5958 thrunt
1658 5891 1916 5948 remiseri-

1995 4751 2072 4804 illi
2099 4768 2112 4804 :
2143 4749 2216 4804 Tn
2245 4768 2316 4816 es,
2351 4753 2438 4821 qui
2466 4763 2700 4807 venturus
2729 4771 2799 4819 es,
2830 4771 2895 4807 an
2926 4752 3082 4807 alium
3115 4749 3435 4822 expectamus
3458 4752 3483 4804 ?
3510 4751 3590 4805 Et:

2000 4823 2100 4876 hoc
2125 4832 2301 4876 autem
2334 4823 2956 4890 crcdiditTertullianus,
2979 4821 3237 4879 Joannem
3263 4822 3330 4876 de
3349 4821 3586 4888 Christo,

1997 4907 2154 4963 quem
2188 4891 2426 4949 Messium
2455 4908 2716 4950 venturum
2750 4898 2905 4950 telies
2937 4904 3150 4964 tamque
3189 4901 3372 4964 aperte
3403 4891 3599 4962 prauli-

2000 4973 2236 5028 caverat,
2281 4974 2484 5035 postea,
2533 4965 2748 5021 Christo
2807 4967 2923 5036 ipso
2983 4963 3138 5020 suum
3195 4963 3594 5036 prmitientionis

1997 5050 2196 5090 munus
2223 5033 2454 5090 abeunte
2480 5079 2493 5102 ,
2525 5036 2591 5091 de
2638 5033 2864 5104 eodem,
2892 5052 2958 5091 an
2991 5052 3148 5091 verus
3177 5033 3318 5092 esset
3349 5033 3592 5097 Messias,

2000 5106 2245 5176 dttbilare
2278 5108 2582 5176 incwpisse,
2619 5118 2676 5162 ut
2728 5108 2866 5162 idem
2916 5107 3109 5163 Noster
3134 5106 3200 5162 L.
3246 5106 3308 5161 de
3348 5104 3595 5170 Pra'scr.,

2000 5175 2128 5246 Cap.
2165 5176 2298 5247 Vl_Il,_
2347 5175 2474 5232 satis
2523 5179 2716 5247 prodit,
2747 5188 2801 5232 ct
2842 5181 2893 5233 in
2933 5179 2997 5234 L.
3042 5178 3126 5247 IV,
3165 5178 3362 5233 advers.
3399 5176 3594 5244 illam,

2001 5242 2412 5320 c.'_18,'adhttc
2465 5242 2702 5320 apertius
2749 5261 2801 5305 et
2863 5242 3122 5320 prolixius
3167 5247 3448 5320 significat,
3508 5242 3597 5300 ubi

2004 5321 2056 5372 in
2092 5317 2224 5392 tunc
2274 5321 2438 5392 verba
2493 5317 2562 5374 ait
2593 5339 2606 5374 :
2639 5319 2766 5392 Ipso
2814 5317 3034 5376 Domino
3081 5317 3326 5392 virtutum
3371 5333 3602 5372 sermone

2003 5401 2050 5445 et
2081 5389 2280 5460 Spiritu
2311 5391 2482 5446 Patris
2509 5389 2750 5463 aperaute
2780 5395 2830 5447 in
2861 5393 3026 5460 terris,
3075 5401 3123 5446 et
3150 5391 3480 5462 pranlicante,
3512 5405 3600 5443 na-

2005 5479 2140 5517 ccsse
2179 5473 2287 5518 erat
2332 5464 2613 5535 portionem
2655 5463 2883 5532 Spiritus
2923 5463 3141 5529 Sancti,
3171 5477 3284 5533 qua:
3323 5477 3385 5515 ea:
3434 5465 3600 5535 [arma

2009 5536 2292 5606 prophetici
2324 5533 2514 5588 moduli
2545 5535 2596 5589 in
2624 5535 2828 5591 Joanne
2853 5543 3021 5606 egerat
3053 5542 3460 5606 prwparaturam
3490 5533 3601 5606 ria-

2010 5601 2122 5658 runt
2152 5605 2538 5678 Dominicarttm
2563 5650 2576 5670 ,
2607 5601 2898 5678 abscedere'
2899 5605 3016 5678 jam
3053 5601 3122 5658 ab
3152 5601 3390 5678 Joanne,
3417 5601 3603 5678 retiac-

2014 5687 2115 5728 tam
2145 5676 2494 5748 (revocatum)
2517 5678 2703 5733 scilicet
2749 5679 2802 5732 in
2831 5675 3122 5741 Dominum,
3153 5685 3206 5730 ut
3241 5677 3295 5729 in
3333 5675 3604 5748 massalent

2014 5745 2427 5820 Stttttttstttttttttttlt
2461 5751 2535 5820 (in
2566 5766 2671 5818 quo
2703 5750 3087 5820 nimirumtota
3127 5762 3302 5802 massa
3342 5757 3395 5802 et
3437 5745 3608 5820 pleni-

2019 5817 2146 5872 tudo
2175 5819 2372 5890 Gratiae
2401 5817 2713 5890 residebat).
2745 5820 2926 5886 itaque
2944 5819 3172 5888 Joannes
3193 5817 3472 5872 communis
3491 5817 3608 5890 jam

2023 5889 2337 5966 ttatnotquia
2349 5890 2458 5962 jam
2473 5905 2502 5948 a
2515 5888 2704 5963 spiritu
2720 5891 3031 5965 prophetico
3055 5891 3156 5954 sibi
3181 5891 3285 5964 ipsi
3303 5888 3548 5960 relictus)
3563 5893 3616 5945 ct
