3940 6288
251 309 392 371 1195

1157 306 1509 368 APPENDIX
1545 302 1823 378 QUINTA,
1864 304 1931 365 IN
1968 303 2225 367 LIBRUM
2264 305 2353 364 DE
2391 303 2754 364 BAPTISMO.
2789 300 2839 339 ⁶τ’

3422 299 3561 360 1194

246 440 457 482 versam
484 422 551 480 de
575 417 764 479 sancttie
787 420 991 496 Theclce
1020 422 1185 496 gestis
1207 433 1262 478 et
1292 422 1565 496 miraculis
1588 421 1853 496 narratio;
1879 422 1928 483 A
1958 427 2176 495 ponitur
2194 468 2208 492 ,
2236 435 2292 481 ut
2311 421 2507 493 smpius
2532 421 2727 478 Noster
2757 420 3053 493 composita
3088 433 3186 492 pro
3216 418 3551 490 simplicibus

249 514 370 553 nem
404 496 698 567 Basnagius
725 497 778 550 in
817 492 1456 567 Annal.'politicoeccles.
1489 492 1650 567 ad.A.
1681 493 1737 567 (ξ.
1776 492 1849 567 46

250 569 461 638 penitus
488 564 736 638 eversam
752 567 899 633 cupit
918 608 931 631 ,
956 574 1190 638 attamen
1213 565 1325 638 jam
1349 565 1441 638 diu
1472 580 1500 617 a
1530 564 1848 638 Baronioad

245 635 310 693 Ἀ.
341 637 401 694 C.
429 640 497 693 47
529 639 686 693 nimis
715 636 923 692 fortiter
947 636 1259 691 stabilitam.
1290 635 1394 692 Sed
1426 635 1543 690 lucc
1569 636 1849 707 operosius

245 709 546 773 disquirere
580 709 799 764 minime
830 706 987 775 hujus
1016 706 1117 762 loci
1149 716 1251 761 est.

318 779 397 833 De
426 780 559 848 Suo,
591 781 626 835 i.
654 797 704 836 e.
736 778 934 851 proprii
956 778 1039 833 sui
1082 778 1276 850 ingenii
1307 778 1686 835 adiuventione
1703 793 1850 837 con—

282 864 457 907 erens.

316 866 457 906 rens.

246 866 618 978 geCumulans.
654 920 915 992 Equidem
950 935 1055 975 non
1106 919 1155 975 id
1180 936 1266 992 ex
1309 920 1510 976 malitia
1551 920 1627 992 ab
1656 921 1845 976 eodem

248 993 444 1070 factum
467 1038 481 1059 ,
516 994 608 1048 sed
636 990 754 1070 pial
782 992 965 1070 l’rpude
994 1034 1008 1058 ,
1061 991 1333 1060 nimioque
1359 990 1599 1070 βιαιο)..ἰά
1628 1001 1710 1046 est
1750 993 1849 1046 mi-

245 1080 347 1119 ltus
372 1066 607 1120 discreto
629 1063 649 1129 ,ί
668 1065 756 1134 qui
805 1063 860 1118 ét
893 1063 1026 1117 alios
1070 1078 1284 1132 quoque
1324 1063 1465 1118 circa
1497 1064 1582 1134 illa
1607 1072 1845 1131 tempora

244 1136 551 1203 invaserat,
578 1133 807 1191 maxime
838 1134 1227 1203 Evangeliorum
1248 1133 1600 1205 quorumdam
1630 1134 1848 1205 scripto-

247 1222 337 1262 res
356 1248 370 1271 ,
398 1208 592 1277 quibus
619 1216 676 1262 ut
703 1206 1073 1261 auctoritatem
1099 1205 1466 1277 conciliarent,
1490 1204 1846 1274 Apostolorum

243 1276 598 1347 quorumdam
628 1278 844 1333 nomina
865 1320 878 1342 ,
908 1292 1004 1331 ceu
1037 1276 1231 1344 putidis
1277 1277 1358 1331 his
1406 1276 1675 1331 mercibus
1720 1291 1840 1346 pre-

249 1350 382 1403 tium
417 1349 617 1404 t‘actura
638 1392 651 1415 ,
683 1347 1095 1420 suSpendet-ant.

320 1420 455 1474 Loco
481 1416 859 1486 decessissefid
900 1427 983 1475 est
1034 1434 1061 1472 a
1092 1417 1497 1490 Presbytcratu
1540 1416 1844 1490 abdicatum

245 1489 439 1555 fuisse,
471 1493 698 1562 atquein
724 1490 978 1547 laicorum
1007 1489 1248 1545 ordinem
1267 1489 1638 1562 quodammodo
1660 1489 1847 1562 redac-

245 1573 380 1617 tum.
410 1559 673 1618 Caeterum
698 1564 832 1618 hanc
860 1561 1137 1617 historiam
1167 1559 1369 1629 primus
1400 1559 1844 1630 prOpalaritTer-

243 1633 500 1689 tulliauus
520 1676 534 1696 ,
562 1634 816 1704 deinceps
844 1649 873 1688 a
909 1632 1151 1702 plurimis
1175 1631 1296 1704 aliis
1325 1641 1609 1704 assertum.

313 1704 638 1761 Proximum.
674 1701 825 1760 Fidei
875 1701 1163 1775 proa‘inntnt
1193 1703 1306 1775 hic
1375 1702 1646 1775 appellat,
1700 1701 1845 1771 quod

239 1792 488 1847 magnam
550 1772 1067 1831 verisimilitudinem
1119 1774 1311 1841 habet,
1357 1772 1421 1828 ut
1459 1772 1566 1828 ﬁde
1611 1772 1842 1828 humana

238 1848 533 1919 prudenter
560 1847 705 1903 credi
736 1848 923 1919 possit.

311 1920 632 1985 Constanter,
670 1915 764 1974 seu
790 1918 971 1984 libere,
1007 1930 1083 1987 ac,
1099 1916 1370 1985 intrepide.
1401 1915 1536 1972 Vide
1555 1930 1714 1987 supra
1736 1925 1843 1971 not.

236 1990 558 2058 Constantia,
587 2000 640 2047 et
672 2007 787 2060 cap.
824 1989 913 2054 10,
941 2000 1025 2043 not
1041 1986 1368 2060 Constanter.

310 2061 615 2118 Consulant.
645 2058 888 2116 Mulieres
940 2061 991 2114 in
1032 2058 1265 2113 Ecclesia
1303 2068 1539 2113 taceant:
1565 2074 1665 2113 non
1714 2059 1847 2114 enint

238 2124 548 2203 permittitur
598 2134 670 2188 eis
715 2132 884 2202 loqui,
941 2130 1030 2185 sed
1060 2130 1325 2203 subditas
1360 2146 1501 2203 esse,
1569 2131 1700 2185 sicut
1765 2132 1848 2203 lea:

237 2200 382 2259 dicit.
416 2206 478 2260 Si
504 2205 627 2276 quid
645 2200 813 2258 autem
836 2204 1008 2257 volunt
1033 2202 1260 2276 discere,
1291 2200 1429 2276 domi
1458 2203 1590 2276 pilos
1609 2218 1735 2276 suos
1761 2202 1845 2276 i_n-

238 2272 524 2346 terrogentf
552 2276 721 2344 Turpe
747 2284 822 2329 est
847 2275 980 2329 enim
1012 2273 1214 2346 mulieri
1240 2273 1379 2346 loqui
1408 2274 1460 2326 in
1494 2272 1750 2346 Ecclesia.
1771 2273 1846 2327 lla

237 2342 473 2429 saucius
505 2342 701 2429 Paulus
729 2346 773 2429 (ι
802 2346 1037 2429 (ξιιιῖξιιιΙιἰ
1063 2344 1131 2429 1-4
1202 2360 1258 2429 y.
1285 2344 1378 2424 .34,
1411 2354 1456 2397 et
1493 2342 1848 2429 seqq.l).lgitur

238 2418 285 2473 si
303 2419 432 2489 quid
462 2420 512 2472 in
544 2413 782 2473 Ecclesia
815 2414 1217 2489 didicerint.gad
1250 2413 1394 2489 viros
1421 2413 1844 2489 suos’_ablegan-

239 2485 364 2554 tur’,
395 2491 463 2544 ab
489 2491 567 2545 eis
586 2532 600 2555 ,
624 2489 791 2543 sicubi
836 2487 1200 2542 hacsitaverint
1222 2528 1237 2552 ,
1279 2486 1490 2555 plenius
1515 2485 1809 2540 edocendzc
1828 2526 1846 2551 ,

234 2569 329 2614 aut
373 2560 429 2615 in
478 2561 717 2615 doctrina
762 2558 895 2614 alias
934 2560 1036 2614 rite
1081 2566 1565 2627 pereepta‘contra
1611 2558 1846 2612 nativam

237 2646 393 2686 suam
425 2631 812 2687 volubilitatem
855 2631 1025 2701 magis
1054 2627 1414 2683 stabiliendte.

682 2746 837 2801 Nota:
860 2747 927 2801 ad
956 2744 1118 2818 Caput
1145 2744 1380 2801 XVIII.

315 2856 525 2914 Temere
552 2859 882 2926 credendum,
936 2874 1034 2916 seu
1083 2860 1451 2914 inconsiderate
1477 2858 1646 2916 cuivis
1676 2861 1845 2915 admi-

161 2956 166 2960 ι
241 2929 585 2985 nistrandum.
645 2933 815 2987 lnstar
860 2932 1002 2988 enim
1063 2933 1290 3001 pignoris
1342 2932 1407 2984 ad
1452 2934 1677 2987 salutem
1726 2942 1843 3000 est,

240 3002 382 3071 quod
408 3013 462 3058 et
486 3004 536 3057 in
563 3005 906 3059 securitatem
934 3002 1085 3057 debiti
1106 3043 1120 3066 ,
1153 3013 1206 3057 et
1236 3002 1475 3056 creditori
1498 3044 1513 3071 ,
1542 3017 1732 3059 secure
1760 3020 1847 3060 as-

239 3082 521 3137 servaturo
543 3115 559 3142 ,
589 3075 702 3129 dari
733 3075 889 3130 Solet.

318 3142 550 3215 Ofﬁcium
633 3157 738 3212 est,
797 3146 1003 3202 scilicet
1077 3143 1327 3201 eumdem
1409 3143 1526 3201 aliis
1620 3144 1849 3201 admini-

244 3222 444 3271 strare.

317 3284 516 3359 Petenti
564 3274 708 3342 dato.
757 3287 909 3343 Omni
955 3289 1142 3359 petenti
1189 3298 1235 3343 te
1273 3288 1454 3356 tribue,
1492 3288 1568 3343 ait
1602 3287 1847 3344 Christus

241 3352 372 3409 Luc.
408 3357 492 3424 VI,
523 3374 574 3413 v.
598 3358 687 3413 50.

247 3495 259 3506 .
315 3424 565 3506 Titulum.
602 3428 801 3506 Titulus
846 3439 928 3486 est
951 3430 1084 3506 alias
1135 3431 1379 3506 quaedam
1435 3438 1553 3506 nota
1595 3446 1659 3487 ac
1702 3431 1848 3487 velut

242 3500 506 3573 inscriptio
580 3503 811 3573 cujusvis
877 3505 1093 3573 operis,
1142 3500 1246 3572 qua
1310 3503 1363 3557 id
1435 3502 1718 3557 honestum
1782 3519 1847 3558 ac

244 3567 512 3644 lauda—bile
544 3570 794 3627 efﬁcitur.
825 3567 1249 3643 lla-ergo'ut'ct
1296 3573 1492 3644 petitio,
1541 3584 1596 3628 et
1643 3574 1846 3643 largitio

243 3638 529 3715 laudabilis
558 3645 676 3710 liat,
707 3654 930 3715 utraque
959 3638 1167 3699 titulum
1197 3638 1398 3699 habere
1424 3645 1618 3709 debet,
1643 3638 1742 3700 seu
1762 3660 1846 3699 ra-

245 3710 444 3767 tionem
472 3723 527 3769 et
546 3728 791 3769 caussam
821 3710 929 3769 tum
974 3714 1212 3785 petendi,
1264 3726 1373 3770 ttnu
1412 3716 1590 3770 claudi.
1633 3716 1844 3775 Titulus

240 3791 421 3858 autem
453 3785 614 3840 dandi
644 3795 728 3842 est
756 3788 928 3857 petitio
956 3787 1226 3858 indigentis
1250 3829 1265 3850 .
1311 3787 1495 3841 titulus
1546 3786 1843 3857 accipiendi

241 3853 523 3925 indigentia
553 3853 784 3929 petentis.
825 3858 1009 3926 Itaque
1034 3853 1088 3913 ei
1122 3858 1420 3929 baptismus
1451 3875 1559 3913 non
1602 3853 1702 3914 nisi
1747 3874 1841 3926 pe-

243 3928 510 3999 tentibus,
544 3945 645 3984 nec
670 3927 985 3999 simpliciter
1010 3927 1315 3998 petentibus
1333 3971 1346 3994 ,
1374 3930 1469 3985 sed
1497 3930 1563 3984 ad
1585 3930 1844 3999 accipien-

241 3994 368 4050 dum
400 3994 579 4055 debite
604 3994 916 4071 praeparatis
949 3994 1058 4055 tuin
1089 4016 1185 4070 per
1214 4001 1617 4071 instructionem
1649 3994 1844 4071 doctri-

242 4080 358 4140 13113;,
393 4080 504 4125 tum
532 4087 626 4140 per
650 4070 912 4127 fervorem
942 4072 1228 4126 voluntatis
1255 4072 1509 4126 ardenter
1530 4070 1677 4125 illum
1708 4070 1845 4127 desi-

241 4134 585 4205 derantibus,
615 4143 842 4197 conferri
870 4142 1051 4198 debet.

322 4213 408 4267 Ad
426 4213 815 4285 eleemosynam.
846 4214 939 4285 sat
965 4229 1031 4267 ex
1056 4228 1180 4285 mox
1206 4212 1376 4285 dictis
1401 4222 1548 4283 patet
1567 4255 1581 4277 ,
1612 4223 1669 4267 ut
1697 4213 1841 4269 elec-

240 4300 550 4357 mosynam,
580 4283 733 4339 itaet
759 4284 1077 4357 baptismum
1127 4284 1517 4357 indigentibus,
1565 4284 1705 4339 lumc
1746 4300 1841 4357 an:

242 4367 349 4413 tem
367 4354 595 4429 nonnisi
623 4358 764 4411 serio
795 4356 1132 4429 petentibus,
1155 4354 1390 4409 dandum
1417 4370 1556 4411 esse.
1586 4356 1760 4429 Atque
1786 4356 1838 4411 id

239 4429 459 4500 quidem
478 4426 557 4500 de
588 4426 849 4500 baptismo
871 4426 1180 4500 adulterum
1210 4441 1432 4481 necesse
1456 4436 1570 4500 est,
1601 4438 1657 4481 ut
1684 4427 1840 4500 nimi-

239 4498 359 4555 rum
389 4503 435 4554 is
467 4498 602 4554 licite
625 4499 781 4553 alicui
813 4498 1176 4563 ministretur;
1206 4509 1463 4552 caeterum
1508 4498 1574 4552 ad
1617 4498 1839 4552 calorem

241 4587 348 4626 non
375 4569 671 4640 requiritur
697 4569 795 4640 nisi
827 4569 1050 4623 intentio
1077 4569 1393 4640 recipiendi,
1421 4579 1477 4624 ut
1500 4579 1695 4624 vocant
1715 4611 1729 4637 ,
1753 4570 1838 4623 ha-

240 4638 471 4697 bitantis;
498 4638 605 4695 Sed
635 4641 733 4693 hac
761 4638 827 4693 de
858 4655 916 4694 re
944 4640 1066 4695 alibi
1097 4639 1355 4709 pluribus.

314 4713 588 4778 Exertam,
621 4710 660 4765 i.
707 4725 757 4766 e.
811 4720 1069 4781 apertam;
1100 4714 1169 4766 ita
1199 4713 1340 4766 enim
1366 4710 1560 4766 Noster
1586 4712 1638 4766 in
1678 4710 1744 4766 L.
1776 4712 1840 4766 de

242 4785 605 4856 Spectacap.
657 4782 692 4836 5
740 4782 814 4836 ait
874 4800 887 4836 :
952 4781 1115 4856 Plane
1178 4800 1429 4856 nusquam
1510 4783 1835 4856 invenimus,

238 4854 668 4928 quemadmodum
696 4863 867 4928 aperte
882 4854 1094 4928 position
1122 4865 1194 4908 est
1217 4871 1253 4928 ;_
1270 4854 1389 4928 Non
1414 4854 1622 4928 occide,
1646 4864 1739 4928 et_c_.
1769 4854 1841 4928 ita

244 4922 410 4983 exerte
434 4926 704 4994 deﬁnitum
726 4938 746 4978 :
772 4922 893 4978 Non
908 4926 962 4978 in
989 4922 1187 4979 Circum
1218 4925 1331 4989 ibis,
1365 4934 1497 4990 etc.;
1532 4927 1594 4979 Et
1620 4928 1655 4979 ι.
1690 4924 1734 4980 ΙΙ
1773 4926 1841 4978 ad

247 4996 437 5065 Uxor.,
473 5012 591 5066 cap.
620 4998 671 5059 i,
702 4996 771 5049 ita
796 4996 955 5066 habet
981 5012 994 5048 :
1025 4994 1146 5048 Jam
1170 5012 1270 5050 non
1291 4998 1488 5064 suadet,
1522 4997 1611 5050 sed
1656 5004 1842 5052 exerte

236 5070 404 5138 jubet.
450 5065 692 5136 Itemque
713 5068 787 5121 ait
816 5085 828 5121 :
861 5065 1156 5121 Detractata
1185 5077 1230 5121 et
1258 5078 1445 5121 exerta
1473 5069 1719 5122 sententia
1744 5077 1838 5122 est.

322 5140 710 5210 Dignationem.
737 5138 843 5210 Pro
872 5139 1037 5210 gratia
1092 5139 1335 5210 posuisse
1368 5138 1619 5210 fidetur,
1669 5154 1844 5194 exem-

248 5210 335 5278 plo
353 5207 511 5272 Litii,
529 5209 591 5266 L.
612 5209 676 5269 ll.
701 5209 770 5263 ita
793 5209 860 5263 de
877 5207 1047 5280 Appio
1068 5207 1297 5264 dicentis
1324 5226 1335 5262 :
1358 5207 1514 5263 (laud
1531 5210 1768 5264 itamulto
1790 5212 1843 5264 in

249 5282 540 5352 principum
571 5280 916 5352 dignationem
941 5280 1186 5352 pervenit.

320 5350 697 5407 Intercessisse.
756 5351 943 5405 Totam
983 5350 1140 5421 hujus

247 5440 365 5495 cap.
398 5425 432 5478 8
458 5424 705 5478 accut‘ate
729 5432 1023 5491 pertextam
1047 5421 1188 5495 vide.

326 5494 669 5549 I’rwtcndere.
716 5495 936 5565 Angelus
962 5503 1127 5548 autem
1171 5492 1380 5548 Domini
1426 5492 1619 5547 locutus
1661 5493 1846 5565 estad

252 5565 590 5637 Philippum,
652 5565 823 5619 dicens
853 5565 1071 5637 :Surge
1120 5575 1165 5618 et
1220 5565 1347 5637 vade
1394 5573 1572 5637 contra
1602 5564 1845 5637 meridia-

247 5634 370 5690 num
392 5677 405 5700 ,
438 5637 505 5688 ad
534 5637 667 5689 riam
690 5678 703 5697 ,
729 5651 844 5706 qua:
865 5634 1119 5691 descendit
1149 5637 1211 5690 ab
1233 5635 1522 5689 Jerusalem
1549 5637 1603 5689 in
1633 5634 1846 5690 Gazam.

248 5710 371 5763 Act.
408 5706 539 5775 \‘lll,
568 5722 618 5761 γ.
645 5706 737 5762 26.
769 5707 1034 5763 Caeterum
1066 5707 1407 5777 praztendere,
1466 5718 1549 5761 est
1597 5706 1683 5761 hic
1712 5710 1851 5777 prius

247 5778 455 5832 tendere
468 5792 558 5833 seu
576 5789 724 5832 antea
747 5778 1022 5847 proﬁcisci,
1047 5794 1111 5835 ae
1131 5779 1275 5834 velut
1289 5779 1426 5833 viam
1447 5794 1510 5833 ex
1540 5778 1764 5832 adverso
1785 5777 1852 5831 ad

248 5866 536 5908 occursum
583 5864 957 5919 przeoccupare
991 5869 1005 5904 :
1048 5859 1137 5903 aut
1168 5849 1485 5921 simpliciter
1514 5864 1609 5921 pro
1649 5850 1854 5905 tendere

531 5941 972 6005 TEBTULLIANI
1015 5940 1095 6002 ll.

1195 5350 1434 5407 historia:
1481 5351 1678 5408 seriem
1729 5351 1841 5405 Act.

1955 498 2112 552 solet.

2024 569 2332 638 Impressus,
2391 564 2608 621 Venerat
2649 565 2866 619 adorare
2914 565 2975 619 in
2995 562 3318 638 Jerusalem,
3378 573 3425 617 et
3476 578 3550 616 re-

1950 635 2262 701 vertebatur,
2323 638 2503 693 sedens
2570 653 2722 708 super
2776 651 2981 691 currum
3048 652 3195 690 suum
3220 677 3234 700 ,
3281 635 3546 708 legensque

1951 710 2146 765 Isaiam
2165 710 2485 781 prephctam.
2514 706 2789 781 Ib.v._%7.
2819 716 2866 781 et
2887 723 3026 781 seqq.
3064 708 3189 761 Erat
3215 722 3342 781 ergo
3365 707 3415 781 in
3436 707 3547 781 ejus

1952 777 2209 837 lectionem
2238 777 2461 835 maxima
2504 779 2777 833 attentione
2801 778 3036 846 deﬁxus,
3081 793 3143 832 ac
3186 777 3327 830 velut
3371 778 3547 831 eidem

1950 851 2637 925 impressus,utScriptura
2683 851 2854 925 ipsum
2889 850 3151 919 legentem
3187 848 3342 925 quasi
3388 848 3439 902 in'
3484 863 3551 925 se

1951 918 2250 981 arctissime
2273 923 2554 991 reciperet.
2583 921 2752 975 Simili
2775 918 2951 976 ferme
2973 935 3135 975 sensu
3164 919 3312 986 Apol.
3343 935 3457 988 cap.
3475 918 3547 974 18

1950 997 2090 1052 idem
2118 995 2315 1050 Noster
2352 994 2487 1048 dixit
2518 1010 2530 1046 :
2568 992 2674 1048 Sed
2703 1008 2800 1062 quo
2827 991 3027 1061 plenius
3044 1001 3091 1046 et
3121 991 3411 1060 impressius
3441 1000 3549 1045 tam

1948 1067 2117 1133 ipsum
2141 1063 2338 1140 (unum)
2362 1081 2511 1140 quam
2539 1061 2890 1140 dispositiones
2915 1064 3026 1140 ejus
3051 1072 3098 1140 et
3124 1064 3406 1140 nobilitates
3434 1061 3548 1140 adi-

1947 1144 2134 1204 remus,
2151 1134 2267 1192 Vetc.
2296 1134 2366 1191 Et
2389 1135 2522 1189 in'L.
2553 1136 2614 1189 de
2640 1134 2839 1188 It'a'hort
2865 1136 2933 1187 ad
2957 1134 3137 1189 Castit.
3155 1149 3203 1188 c.
3224 1134 3277 1199 5,
3315 1135 3414 1203 ait,
3445 1138 3547 1188 alte

1947 1210 2187 1279 impressc
2210 1207 2587 1279 recogitandam
2616 1223 2720 1279 esse
2746 1205 3052 1279 voluntatem
3077 1221 3186 1279 pst.

2019 1276 2343 1349 Apes/olunt.
2375 1278 2450 1333 Ex
2504 1278 2603 1332 hoc
2650 1277 2764 1344 ipso
2809 1277 2928 1349 loco
2965 1276 3182 1347 quidam
3228 1291 3545 1346 aswruere,

1949 1347 2261 1423 Philippum
2303 1351 2445 1405 hunc
2492 1349 2794 1423 Apostolum
2826 1347 3046 1423 _fuissc;
3094 1358 3148 1402 at
3195 1349 3568 1403 aliicommua

1922 1425 2069 1479 .nius
2093 1418 2220 1485 eum
2253 1422 2392 1476 inter
2419 1434 2625 1490 septem
2658 1420 2783 1475 illos
2814 1418 3073 1472 Diaconos
3115 1434 3408 1491 repellunt,
3457 1423 3553 1491 qui

1948 1496 2062 1549 Act.
2096 1495 2186 1559 Vl,
2217 1495 2270 1560 5,
2303 1492 2653 1562 abApostolis
2684 1490 2840 1544 electi
2870 1492 3098 1545 fuerant.
3129 1490 3263 1559 Quid
3295 1493 3436 1546 enim
3460 1535 3472 1555 ,
3502 1493 3551 1548 si

1952 1567 2239 1635 Apostolus
2265 1564 2440 1618 fuerat
2462 1605 2477 1629 ,
2512 1563 2874 1618 necessarium
2905 1569 3056 1626 erat,
3087 1573 3142 1614 ut
3181 1563 3246 1615 ad
3288 1562 3549 1617 Samaria:

1948 1634 2181 1701 incolas,
2211 1650 2239 1689 a
2265 1634 2514 1705 Philippo
2539 1635 2639 1690 hoc
2666 1647 2856 1688 recens
2890 1646 3182 1688 conversos
3201 1675 3214 1697 ,
3264 1634 3549 1689 mitteren-

1918 1692 2035 1763 Itur
2056 1692 2245 1763 Petrus
2260 1692 2583 1771 etJoannes,
2608 1713 2665 1759 ut
2681 1705 2995 1773 imponerent
3024 1692 3369 1770 manussuper
3398 1708 3513 1762 illos
3529 1749 3545 1773 ,

1874 1816 1923 1876 B

1951 1789 1997 1835 et
2018 1780 2294 1849 reciperent
2319 1775 2575 1849 Spiritum
2603 1776 2851 1849 Sanctum
2868 1776 3028 1849 “Mcl.
3058 1774 3169 1831 Vlll
3188 1817 3200 1840 ,
3238 1776 3323 1830 i7.
3351 1780 3546 1835 Annon

1952 1853 2095 1906 enim
2121 1847 2241 1921 ipse
2270 1848 2576 1921 Philippus,
2605 1848 2648 1901 si
2695 1847 2969 1921 Apostolus
3013 1856 3161 1921 erat,
3183 1860 3358 1921 atque
3399 1850 3547 1905 illum

1950 1922 2080 1977 dare
2109 1918 2318 1992 poterat
2336 1962 2350 1985 ,
2384 1918 2774 1992 Sacramentum
2801 1919 3248 1992 Con/irmutionis,
3271 1919 3420 1990 cujus
3445 1921 3547 1976 ad-

1951 1989 2274 2048 ministratio
2300 2001 2427 2047 tunc
2449 1989 2579 2044 solis
2602 1991 2878 2060 Apostolis,
2908 2005 3001 2043 seu
3029 1990 3296 2061 episcOpis,
3335 1992 3547 2061 propria

1951 2062 2123 2119 fuerat
2145 2106 2158 2129 ,
2192 2063 2299 2119 illis
2347 2077 2443 2130 per
2471 2078 2712 2115 manuum
2744 2061 3111 2132 impositioncm
3144 2060 3546 2130 imparticmln?

1950 2135 2225 2205 Apostolus
2270 2148 2398 2203 ergo
2419 2132 2592 2186 dictus
2621 2131 2825 2205 fuerat,
2860 2133 3008 2202 quasi
3036 2131 3104 2185 ab
3129 2134 3398 2205 Apostolis
3427 2149 3550 2203 pro-

1951 2202 2066 2277 prie
2088 2207 2165 2261 sic
2189 2202 2345 2259 dictis
2368 2205 2708 2277 peculiariter
2733 2202 2996 2277 ablegatus
3022 2245 3037 2270 ,
3067 2218 3135 2257 eo
3154 2204 3411 2277 nimirum
3430 2202 3553 2259 sen-

1950 2274 2012 2332 su
2036 2318 2050 2342 ,
2085 2292 2190 2342 quo
2217 2277 2374 2348 etiam
2394 2274 2816 2348 Audropicuset
2838 2274 3023 2348 Junias
3047 2274 3235 2328 nobiles
3262 2275 3313 2328 in
3342 2279 3553 2348 Aposto-

1950 2349 2013 2403 lis
2034 2364 2063 2402 a
2092 2348 2258 2402 Paulo
2282 2347 2351 2399 ad
2382 2343 2535 2399 Rom.
2569 2344 2719 2409 XVI,
2747 2346 2799 2409 7,
2834 2346 3187 2413 appellantur.

2023 2417 2210 2474 Jussit.
2235 2416 2376 2473 Dixit
2394 2425 2559 2469 autem
2593 2417 2819 2485 Spiritus
2867 2415 3113 2485 Philippo
3164 2435 3176 2469 :
3223 2419 3451 2486 Accede,
3503 2429 3552 2476 et

1949 2492 2174 2562 adiunge
2203 2499 2250 2543 te
2277 2490 2343 2542 ad
2368 2504 2571 2562 currum
2599 2487 2764 2542 istum.
2796 2486 3054 2562 Act._Vl_ll
3076 2531 3088 2549 ,
3117 2487 3207 2544 29.

2023 2556 2386 2630 Iit—tempore.
2446 2556 2615 2632 L_ocus
2667 2568 2852 2632 autem
2901 2558 3214 2632 Scriptum,
3267 2577 3419 2632 quam
3474 2563 3554 2617 leo

1896 2654 1905 2669 λ
1949 2634 2128 2706 gebat.
2162 2628 2271 2706 erat
2298 2632 2381 2706 hic
2413 2647 2427 2684 :
2462 2628 2729 2702 Tanquam
2777 2628 2881 2685 ovis
2924 2637 2992 2684 ad
3022 2628 3328 2686 occisionem
3373 2633 3554 2691 ductus

1952 2703 2025 2761 est
2045 2747 2059 2767 ,
2084 2714 2187 2760 etc.
2220 2703 2301 2758 Ib.
2319 2703 2409 2759 3'2.
3272 2744 3275 2747 .

2023 2772 2527 2847 Ethortatusthlis
2579 2773 2751 2847 vero?
2783 2774 2860 2847 An
2917 2773 3196 2828 eunuchus
3233 2774 3550 2847 aPhilippo

1952 2858 2074 2917 post
2129 2846 2556 2917 exhortationem
2605 2843 2672 2897 ad
2718 2844 3040 2917 baptismum
3082 2846 3411 2899 assumitur?
3447 2843 3547 2903 ’Ᾱτι

1951 2914 2081 2974 vero
2131 2917 2410 2988 Philippus
2463 2914 2532 2968 ah
2565 2914 2830 2988 eunucho
2888 2915 2941 2968 in
2963 2918 3184 2988 curru?
3210 2916 3268 2970 Si
3295 2917 3440 2986 prius
3476 2920 3552 2972 in-

1953 2986 2450 3060 telligamusfros
2490 2986 2783 3060 exhortatus
2831 2986 3045 3056 passivo
3088 3001 3248 3040 sensu
3289 2988 3550 3060 capienda

1951 3056 2095 3125 eritf
2116 3075 2290 3129 neque
2314 3058 2364 3112 id
2387 3056 2783 3129 adt‘Q‘illStllCDS
2808 3064 2920 3121 est,
2954 3072 3073 3110 cum
3115 3067 3165 3123 et
3204 3059 3344 3126 apud
3370 3059 3545 3116 Cicer.

1954 3133 2004 3186 in
2040 3126 2231 3188 Catone
2259 3131 2426 3197 legam
2454 3145 2467 3179 :
2498 3126 2813 3199 Exhortatus
2842 3136 2915 3181 est
2954 3129 3008 3181 in
3046 3130 3270 3182 convirio
3296 3146 3325 3181 a
3350 3141 3514 3185 scorto
3529 3173 3561 3199 τ,

1873 3206 1917 3269 C
1952 3213 2005 3258 ut
2033 3203 2197 3258 securi
2226 3202 2425 3272 feriret.
2456 3207 2561 3255 etc.
2595 3197 2662 3272 ᾼι
2691 3199 2870 3254 malim
2895 3200 3179 3272 posterius
3217 3218 3230 3253 :
3264 3197 3547 3271 pos'quaui

1952 3275 2094 3330 enim
2118 3269 2398 3341 Philippus
2425 3269 2729 3326 eunuchum
2757 3274 3055 3325 exhortatus
3088 3269 3305 3337 fuisset,
3356 3269 3438 3327 hic
3462 3291 3551 3328 ro-

1950 3346 2084 3472 τῖιίἶι
2114 3343 2450 3472 Iglitilippum,
2478 3350 2532 3394 ut
2553 3341 2843 3396 ascenderet
2867 3384 2880 3409 ,
2914 3352 2962 3396 et
2990 3342 3184 3397 sederet
3212 3360 3402 3398 secum.
3431 3345 3547 3400 Act.

2029 3485 2343 3542 Ostenditur.
2407 3483 2650 3553 Aperiens
2715 3493 2882 3537 autem
2931 3482 3210 3554 Philippus
3274 3501 3331 3541 os
3396 3503 3548 3543 suum

1947 3568 1995 3613 et
2024 3559 2271 3625 incipiens
2297 3574 2327 3611 a
2354 3555 2623 3625 Scriptura
2652 3555 2748 3609 ista
2778 3598 2793 3624 ,
2827 3558 3184 3627 euangelizavit
3209 3557 3310 3627 ipsi
3345 3556 3544 3616 Iesum.

2025 3702 2152 3757 Non
2194 3709 2443 3754 moratur.
2479 3697 2609 3750 Ecce
2651 3713 2784 3766 aqtta
2835 3715 2849 3750 :
2903 3698 3025 3765 quid
3068 3699 3299 3767 prohibet
3335 3717 3416 3755 me
3452 3702 3546 3757 ba-

1948 3773 2173 3843 ptizari?
2199 3771 2343 3825 Dixit
2358 3780 2525 3843 autem
2546 3768 2855 3843 Philippus:
2883 3770 3137 3843 Si__credis
3159 3787 3222 3843 ac
3245 3782 3344 3826 toto
3370 3775 3540 3842 corde,

1948 3839 2085 3899 licet.
2121 3843 2185 3898 Et
2215 3841 2526 3911 respondens
2551 3882 2564 3899 .
2592 3842 2664 3892 ait
2690 3857 2701 3892 :
2731 3854 2905 3895 caeno
2936 3839 3133 3895 Filium
3164 3841 3262 3897 Dei
3300 3861 3406 3898 esse
3451 3839 3548 3899 1e;

1947 3932 2058 3969 sum
2082 3915 2361 3969 Christum.
2385 3911 2468 3965 Ib.
2501 3911 2571 3966 '56
2597 3920 2643 3964 et
2670 3927 2806 3980 seqq.

2024 3985 2380 4056 Exspectatur.
2438 3980 2514 4056 Et
2551 3981 2915 4056 descenderunt
2968 3988 3177 4056 uterque
3213 3983 3275 4056 in
3319 4002 3541 4055 nquam,

1946 4050 2226 4124 Philippus
2252 4063 2299 4109 et
2321 4051 2588 4124 eunuchus
2612 4093 2628 4117 ,
2656 4059 2706 4106 et
2730 4050 3003 4119 baptizavit
3032 4050 3165 4107 eum.
3198 4054 3279 4109 1b.
3325 4050 3415 4112 38.

2020 4122 2270 4196 Eripitur.
2302 4122 2431 4196 Cum
2457 4132 2623 4196 autem
2653 4124 2992 4178 ascendissent
3023 4125 3086 4178 de
3115 4142 3247 4196 aqua
3269 4168 3283 4190 ,
3314 4129 3545 4195 Spiritus

1947 4194 2154 4253 Domini
2174 4198 2342 4269 rapuit
2374 4194 2710 4269 Philippum,
2757 4204 2802 4248 et
2853 4196 3074 4267 amplius
3122 4194 3223 4251 nou
3258 4194 3378 4251 vidit
3431 4218 3545 4255 eum

1945 4265 2245 4330 eunuchus,
2276 4279 2379 4323 etc.
2414 4265 2497 4321 Ib.
2530 4265 2621 4319 '59.

2015 4341 2227 4395 Tinctus
2251 4348 2342 4403 est,
2374 4337 2591 4392 Scilicet
2633 4352 2756 4391 mox
2789 4337 2954 4392 tribus
2984 4347 3101 4407 post
3133 4341 3542 4398 cnttversianm

1944 4426 2096 4469 suam
2125 4411 2347 4475 diebus,
2383 4419 2440 4464 ut
2465 4409 2631 4479 liquet
2653 4424 2719 4463 ex
2750 4409 2861 4461 Act.
2899 4408 2966 4461 IX
2988 4450 3002 4471 ,
3035 4409 3069 4464 9
3089 4419 3136 4463 et
3166 4412 3251 4466 l8.

2019 4482 2243 4553 Hospes,
2265 4480 2911 4553 NamqueAnaniasenm
2939 4479 3121 4547 jussus
3163 4491 3543 4553 eratquacrere

1941 4555 1995 4607 in
2021 4549 2170 4609 domo
2194 4552 2354 4607 Juda.
2408 4550 2537 4607 Ibid.
2564 4592 2579 4617 ,
2615 4551 2700 4604 11.
2744 4549 2997 4618 Quisnam
3026 4565 3153 4606 vero
3196 4552 3280 4606 hic
3318 4549 3499 4608 luerat
3523 4597 3538 4623 ,

1861 4601 1916 4663 D
1944 4632 2202 4697 przcterea
2225 4624 2296 4679 nil
2326 4631 2529 4678 notum.

2377 4739 2534 4796 Nota:
2561 4740 2629 4795 ad
2657 4737 2823 4811 Caput
2852 4738 3082 4797 XVIII.

2012 4857 2272 4929 Dignatis,
2302 4855 2337 4929 i.
2369 4871 2416 4911 e.
2450 4854 2635 4929 gratia.
2665 4854 2804 4929 Yide
2830 4869 3010 4927 supra.

2020 4926 2421 5000 Prwrogativas,
2473 4926 2507 4979 i.
2541 4941 2593 5000 e.
2635 4926 2934 4996 singulares
2984 4929 3197 4998 prtcvias
3250 4931 3541 5000 dispositio-

1944 5016 2053 5063 nes,
2109 4997 2496 5070 mirabilesque
2533 4997 2992 5070 circumstantias,
3024 5016 3087 5055 ex
3137 4997 3340 5070 quibus
3388 5006 3541 5062 facile

1948 5071 2331 5143 perSpiciatur,
2372 5066 2499 5138 quid
2548 5067 2902 5143 e_t_quomodo
2957 5070 3100 5127 Deus
3129 5066 3195 5129 ab
3236 5075 3539 5134 hominibus

1949 5136 2101 5198 extra
2132 5136 2469 5194 communem
2501 5136 2744 5210 ordinem
2780 5142 3105 5210 acregulam
3137 5144 3427 5210 lierivelit.

2020 5211 2223 5288 Decipi.
2254 5210 2460 5288 Potest
2502 5209 2644 5261 enim
2720 5206 3020 5288 inordinate
3047 5283 3058 5288 _
3091 5206 3279 5288 petens
3337 5220 3540 5288 baptiso

1948 5298 2120 5357 mum,
2153 5279 2283 5357 eius
2334 5279 2636 5357 ministrum
2697 5279 2962 5348 decipere,
3017 5279 3132 5357 sine
3180 5279 3418 5357 legitima
3457 5293 3540 5346 vi-

1949 5354 2142 5409 delicet
2167 5350 2544 5425 dispositione,
2574 5365 2748 5425 neque
2772 5366 2917 5425 vero,
2952 5354 3046 5408 sed
3075 5350 3323 5412 simulato
3348 5362 3542 5418 dunta-

1950 5433 2040 5480 xat
2068 5420 2790 5497 animo'accedetts.__Potest_
2817 5431 2870 5497 et
2894 5420 3034 5497 'ipse
3062 5426 3255 5497 decipi,
3303 5430 3427 5485 dum
3476 5450 3545 5490 ex

1953 5498 2237 5568 immaturo
2259 5494 2374 5568 zelo
2405 5491 2641 5559 accedit,
2665 5494 2810 5568 etab
2854 5494 2967 5568 ipso
3002 5496 3109 5549 Deo
3153 5491 3211 5550 se
3260 5500 3543 5568 impulsum

1953 5566 2142 5632 credit,
2171 5565 2405 5620 nondum
2433 5573 2609 5617 tamen
2639 5564 2942 5618 necbssaria
2960 5581 3133 5620 rerum
3156 5564 3544 5630 credendarum

1953 5636 2257 5709 cognitione
2277 5638 2564 5709 instructus
2585 5675 2600 5699 ,
2621 5645 2690 5709 Διιι
2722 5633 2867 5709 illum
2896 5638 3156 5709 fructuosa
3176 5642 3452 5709 suscipiat.
3531 5691 3535 5695 _

2033 5706 2220 5762 Utilior
2267 5718 2360 5763 est.
2399 5706 2565 5779 iOlim
2620 5705 2918 5779 baptismus
2970 5725 2995 5759 a
3025 5705 3338 5779 plerisque
3389 5712 3547 5768 dich-

1956 5778 2247 5833 rebaturin
2288 5778 2547 5841 adultam,
2587 5785 2641 5832 et
2666 5775 2953 5845 aliquando
2976 5778 3038 5831 ad
3060 5775 3357 5834 extremam
3380 5783 3547 5840 ferme

1959 5859 2191 5906 tctatem.
2218 5850 2307 5908 Sic
2336 5857 2550 5906 sanctus
2596 5850 2848 5902 Martinus
2872 5847 2980 5917 jam
3026 5864 3168 5903 anno
3213 5853 3386 5911 relatis
3439 5872 3551 5918 suae

2715 5938 3154 6023 (Trente-huit.
3166 5954 3186 6028 )
