3940 6288
465 236 611 302 “93

1833 231 2295 300 TERTULLIANI

3650 234 3773 298 1196

465 367 537 423 to
568 366 738 421 tactus
768 360 1221 427 catechumenos,
1254 357 1464 415 nonnisi
1496 358 1529 415 8
1553 359 1707 417 annis
1738 368 1918 429 postea
1963 361 2058 416 fuit
2085 364 2136 422 Α
2165 371 2478 430 incapaccs.
2515 355 2744 428 ideoque
2771 355 2948 430 hunc,
2980 370 3102 415 cum
3134 355 3201 414 ad
3228 370 3391 415 usum
3437 358 3671 416 rationis
3709 359 3773 413 illi

465 439 798 507 baptizatus,
827 444 882 489 ιιι
915 442 1140 507 testatur
1165 433 1289 487 Sev.
1335 432 1526 507 Sulpit.
1560 433 1619 507 in_
1654 432 1772 501 ejus
1806 431 1922 486 Vita
1950 435 1988 488 Ι.
2012 432 2058 507 ΑΙ

466 502 582 577 cap.
614 508 666 562 2.
706 507 880 575 Aliqui
938 505 1004 559 ad
1059 504 1131 559 '50
1172 519 1371 577 annum
1416 502 1781 577 differebant.
1812 505 2060 577 exemplo

464 574 661 635 Cliristi
681 578 844 633 innixi
866 618 879 639 ,
900 586 955 631 ut
980 576 1271 640 vidcrelest
1299 574 1436 642 apud
1467 575 1521 630 S.
1555 574 1715 643 Gt'rg.
1741 576 1869 631 Naz.
1908 575 2054 630 Orat.

463 651 518 703 in
571 660 800 705 sanctum
824 648 1126 715 Lavacrum.
1156 647 1229 701 De
1254 646 1585 701 Constantino
1610 646 1734 713 imp.
1759 648 2061 702 communis

459 722 571 791 jam
603 722 785 791 opinio
812 728 915 783 est,
932 735 1050 773 cum
1068 719 1228 791 paulo
1243 727 1367 791 ante
1390 727 1613 791 inertem
1632 716 1949 791 Nicontediw
1963 720 2058 791 ba-

462 788 718 865 ptizatum
747 792 933 847 fuisse.
957 791 1045 865 Sic
1069 790 1228 865 etiam
1245 788 1575 865 gonstatttius
1596 789 1720 865 imp.
1746 790 1945 865 ultimis
1970 789 2062 865 def

460 859 610 921 inutn
634 865 747 919 suis
776 860 1106 931 temporibus
1134 860 1202 931 ab
1236 859 1431 931 Euzoig
1454 859 1755 931 Antiocbize
1800 860 2061 930 baptizari

461 938 653 994 voluit.
677 934 813 1003 Quid
844 948 973 989 vero
992 975 1006 1000 ,
1034 930 1175 1001 quod
1203 934 1360 986 etiam
1392 930 1702 1003 Theodosius
1729 930 1808 987 Μ.
1831 941 1949 1002 post
1973 946 2062 986 su-

461 1020 647 1078 perata
678 1006 732 1061 in
763 1004 914 1078 bellis
945 1004 1166 1078 plurima
1202 1002 1436 1078 pericula
1467 1044 1483 1069 ,
1506 1002 1962 1078 Δυιείιηο-ιιεξιῃμηι
2007 1003 2059 1058 ἰη

463 1074 680 1149 ἐνειγθιιι
711 1075 954 1149 morbum
1000 1074 1245 1149 incidens
1276 1074 1664 1149 ab_Aschol_io,
1696 1075 1791 1149 Ep.
1825 1075 2062 1149 Thessa-

463 1142 725 1205 binicettsi
748 1191 762 1214 ,
786 1163 845 1202 se
869 1147 1010 1201 ablui
1057 1145 1318 1215 petierit‘l.
1350 1142 1508 1215 Forte
1534 1143 1674 1199 idem
1706 1144 1935 1213 Noster,
1969 1145 2062 1200 ba-

462 1225 714 1292 ptismum
761 1217 1045 1292 cunctando
1071 1217 1281 1292 longius
1310 1214 1508 1292 (litierri
1538 1215 1737 1285 jubcns
1758 1260 1770 1283 ,
1816 1218 1867 1271 in
1886 1233 2061 1292 causa

410 1352 419 1361 ,
460 1286 667 1354 fuerat,
701 1300 759 1345 ut
785 1289 970 1361 multi,
1002 1305 1067 1343 ex
1106 1287 1268 1342 nimia
1311 1286 1568 1361 religione
1613 1298 1667 1342 et
1719 1288 2062 1343 conscientia:

460 1363 783 1426 formidine,
816 1360 1143 1432 baptismum
1170 1366 1358 1426 antea,
1410 1367 1465 1414 et
1503 1358 1644 1414 bona
1692 1361 1875 1430 utique
1919 1361 2059 1428 lidc,

458 1450 651 1493 recusa
659 1442 798 1489 rent.

430 1531 436 1537 -
538 1508 704 1562 Erant
732 1514 943 1570 autem,
974 1503 1063 1573 qui
1093 1517 1158 1558 eo
1187 1500 1357 1573 pejori
1390 1500 1496 1557 (ide
1536 1502 1923 1558 cunctabantur
1964 1502 2060 1558 ba-

463 1579 713 1649 ptismum
744 1571 1052 1649 suscipere,
1084 1589 1151 1628 ne
1182 1571 1429 1649 videlicet
1453 1576 1732 1649 severitati
1766 1574 1940 1649 legum
1971 1590 2061 1629 ec-

459 1644 880 1706 clesiasticarum
901 1645 1157 1714 deinceps
1185 1644 1666 1715 adstringerentur,
1693 1644 1875 1715 sicque
1906 1646 2065 1701 inter-

458 1737 524 1777 ea
572 1735 637 1778 eo
660 1720 881 1775 liberius
902 1731 1125 1787 peccare
1154 1726 1391 1786 possent.
1408 1716 1530 1787 Alloc
1554 1728 1731 1772 autem
1753 1717 2058 1783 consilium,

463 1785 1102 1863 lanquam__tenterarit_un
1123 1828 1138 1854 ,
1158 1785 1164 1786 “
1185 1788 1345 1863 sancti
1392 1785 1669 1863 Gregorius
1701 1787 2062 1863 Nazianzenus

460 1874 517 1920 et
540 1856 673 1919 alter
703 1860 1001 1933 Ngsseitus,
1022 1856 1258 1930 itemque
1282 1856 1743 1933 sanctus'Joannes
1771 1860 2066 1930 Chrysosto-

461 1952 577 1990 mus
636 1945 693 1989 et
755 1929 847 1990 alii
903 1931 1088 1987 Patres
1123 1972 1140 1998 ,
1173 1929 1393 1986 ’merito
1436 1971 1453 1997 ,
1510 1929 1887 2003 acerrimeque
1937 1947 2062 2002 per-

462 2006 750 2063 strinxere.

533 2077 685 2144 Quod
720 2090 847 2130 vero
873 2074 1130 2136 aliorum.
1160 2089 1227 2129 ex
1267 2073 1385 2128 aliis
1411 2075 1589 2129 causis
1620 2074 1940 2143 baptismum
1986 2075 2065 2130 ni-

463 2150 631 2205 mium
657 2148 746 2203 diu
791 2146 920 2201 olim
969 2146 1470 2217 procrastinantium
1498 2187 1513 2212 ,
1568 2146 1799 2215 exentpls
1829 2146 2059 2217 attinet,

458 2235 525 2276 ea
556 2218 827 2275 imitationi
854 2229 1052 2272 nostra:
1085 2217 1307 2270 minime
1338 2215 1609 2285 proposita
1636 2225 1778 2272 sunt.
1820 2215 2066 2272 Sufﬁciat

461 2291 618 2347 nobis
642 2290 764 2345 inde
789 2290 1101 2359 gravitatem
1148 2287 1344 2357 negotii
1390 2288 1604 2354 metiri,
1647 2289 1716 2342 ad
1763 2292 1904 2358 quod
1956 2306 2063 2343 non

459 2364 640 2420 Subito
665 2363 904 2425 irruere,
939 2375 1039 2415 nec
1083 2359 1261 2413 taliter
1304 2359 1573 2413 irruentes
1620 2360 1921 2428 suscipere,
1968 2362 2062 2414 sed

460 2432 916 2504 eousque,‘donec
936 2428 1264 2504 desiderium
1294 2429 1427 2484 satis
1448 2428 1698 2504 creverit,
1717 2430 2065 2504 etsulticiens

501 2499 708 2560 robatio
735 2501 1101 2573 prmcesserit,
1131 2500 1349 2573 ditl'erre
1377 2508 1607 2568 Oportet.
1640 2499 1749 2555 Hoc
1772 2499 1912 2557 idem
1936 2518 2065 2557 vero

482 2579 639 2629 acere
663 2569 785 2629 cuin
812 2573 930 2642 quis
954 2572 1064 2641 jam
1106 2585 1167 2626 se
1211 2569 1340 2624 satis
1391 2580 1745 2640 praeparatum
1796 2574 2060 2639 senserit,

463 2646 518 2702 id
540 2661 670 2702 vero
695 2643 933 2716 periculo
963 2658 1069 2697 non
1099 2642 1656 2716 vacat,_subrepcntis
1681 2642 1880 2716 interea
1916 2661 1941 2699 s
1979 2662 2063 2700 m-

459 2711 748 2779 nolentitu,
797 2723 890 2770 aut
936 2713 1235 2769 occasionis
1272 2711 1526 2781 deinceps
1578 2715 1903 2769 amittendae.
1942 2716 2065 2771 Νο-

462 2791 638 2846 vimus
666 2798 832 2853 certe,
856 2783 1293 2841 Valentinianum
1314 2782 1441 2840 Jun.
1470 2784 1603 2852 Imp.
1638 2785 1865 2840 violenta
1893 2797 2064 2843 morte

460 2869 981 2933 prmventuut,_cum
1021 2856 1177 2911 nimis
1234 2854 1323 2933 diu
1364 2855 1662 2933 distulisset
1703 2858 2060 2933 baptismum,

458 2925 638 2988 adhuc
683 2929 1145 2999 catechumenumr
1183 2941 1249 2982 ex
1298 2925 1398 2981 hac
1447 2929 1548 2981 vita
1597 2925 1841 2999 ereptum
1876 2928 2060 2986 fuisse.

534 3003 849 3059 Audiendus
876 2998 1109 3066 denique
1137 2998 1193 3053 in
1225 3000 1362 3052 banc
1388 3014 1500 3052 rem
1533 3008 1617 3053 est
1660 3012 1880 3056 sanctus
1910 3000 2062 3056 Basi-

460 3075 564 3131 lius
592 3075 646 3129 in
678 3073 889 3128 Exhort.
919 3071 988 3125 ad
1013 3070 1152 3140 bapt.
1188 3069 1276 3122 ubi
1308 3070 1447 3123 inter
1473 3071 1573 3123 alia
1600 3071 1761 3124 multa
1791 3073 1871 3127 sic
1896 3073 2065 3138 loqui-

2092 1756 2140 1816 B

2166 429 2570 501 pervenissent,
2597 429 2946 501 repetendum
2972 445 3092 486 esse
3111 430 3436 487 censebant.
3460 431 3775 486 Dissuaden-

2166 500 2233 558 tis
2272 512 2450 557 autem
2497 502 2669 556 solum
2707 500 3018 557 Tertulliani
3058 502 3146 556 illa
3193 518 3302 556 vox
3331 504 3542 564 fuerat.
3588 515 3645 557 et
3684 502 3777 557 huc

2161 573 2281 645 ipso
2311 573 2632 645 contrariam
2656 614 2670 635 ,
2712 573 2871 627 etiam
2900 575 2950 628 in
2982 572 3110 640 ipsis
3146 572 3426 629 Africanis
3475 574 3737 645 Eeclcsiis
3761 616 3775 637 ,

2164 656 2217 700 et
2245 644 2434 699 iisdem
2464 644 2568 697 illis
2599 645 2928 714 temporibus
2951 686 2966 711 ,
2995 644 3446 700 consuetudinem
3480 644 3627 699 haud
3665 661 3778 700 ain-

2160 716 2321 787 higue
2343 715 2715 786 signiﬁcantis,
2744 732 2871 779 uno,
2900 731 3058 783 quem
3088 717 3314 780 scimus,
3343 714 3686 771 Tertulliano
3716 719 3780 770 ei-

2164 786 2287 843 dem
2314 787 2708 842 contranitente
2729 828 2742 849 ,
2773 798 2827 841 et
2856 804 2920 841 ex
2954 788 3250 841 rationibus
3276 787 3499 856 quidem
3523 789 3658 842 nulli
3685 802 3777 842 co-

2164 874 2429 923 aevorum,
2462 868 2551 912 aut
2573 859 2735 912 etiam
2760 858 2911 913 alteri
2941 865 3254 913 sanctorum
3300 858 3561 923 Patrum,
3609 875 3777 927 neque

2164 941 2336 986 sancto
2367 928 2654 1002 Cypriane,
2679 929 2816 1002 alias
2836 930 2978 984 circa
3011 929 3336 997 baptismum
3372 940 3479 983 tam
3506 930 3741 985 delicato
3760 973 3774 994 ,

2165 1003 2254 1072 qui
2280 1000 2463 1056 tamen
2507 1000 2927 1061 Tertullianum,
2972 1011 3227 1072 tanquam
3273 1002 3583 1070 ntagistrum
3625 1019 3772 1057 suum

2165 1071 2381 1127 assiduo
2412 1072 2681 1127 volutasse
2727 1072 3068 1141 perhibetur,
3118 1071 3375 1139 probatis.
3428 1072 3649 1127 Etenim
3704 1074 3773 1137 is,

2165 1159 2285 1198 cum
2316 1142 2511 1210 Fidus,
2541 1144 2827 1212 episcopus
2846 1185 2861 1210 ,
2894 1159 2954 1199 ea
2981 1142 3049 1197 de
3074 1157 3133 1199 re
3157 1144 3514 1213 qumstioncm
3544 1145 3772 1199 excitas-

2166 1227 2283 1277 set,
2314 1225 2473 1285 atque
2514 1214 2763 1282 parvulos
2802 1216 3015 1269 nonnisi
3056 1224 3176 1284 post
3205 1226 3452 1270 octavam
3499 1214 3647 1270 diem
3693 1218 3777 1270 ba-

2167 1284 2447 1355 ptizandus
2474 1300 2595 1340 esse
2618 1285 3012 1348 contendisset,
3055 1284 3199 1341 nulla
3226 1288 3340 1355 jam
3368 1288 3606 1355 amplius
3654 1285 3772 1341 Ter-

2168 1358 2370 1411 tulliani
2398 1357 2605 1417 ratione
2635 1356 2814 1412 habita
2841 1358 2893 1410 in
2919 1355 3357 1427 Concrﬂarthag.
3391 1356 3465 1412 66
3512 1360 3775 1427 episcopo-

2164 1445 2279 1482 rum
2304 1470 2320 1495 ,
2350 1444 2484 1483 anno
2505 1427 2614 1484 255
2642 1429 2710 1483 ita
2740 1428 3036 1484 conclusit:
3070 1426 3319 1498 Infantes
3333 1429 3516 1483 debere
3551 1429 3777 1498 baptiza-

2164 1500 2211 1553 ri
2242 1510 2436 1571 tqntum
2460 1509 2572 1570 post
2596 1510 2827 1553 octavum
2853 1517 2886 1554 a
2911 1500 3172 1553 nativitate
3192 1500 3328 1554 diem
3348 1540 3364 1567 ,
3392 1516 3543 1554 nemo
3572 1519 3778 1556 comen-

2165 1572 2259 1634 sit,
2302 1572 2390 1625 sed
2434 1571 2658 1626 universi
2704 1571 2873 1638 potius
2911 1571 3291 1640 judicaoimus,
3338 1571 3473 1625 nulli
3518 1572 3777 1626 horninur:

2167 1641 2843 1715 natantisericordiamibei
2869 1643 3170 1715 et_gratiam
3225 1659 3341 1698 esse
3396 1644 3776 1715 denegandam.

2167 1711 2242 1767 Ita
2274 1714 2362 1768 ille
2386 1715 2434 1767 in
2466 1730 2560 1766 sua
2584 1708 2687 1782 Ep.
2724 1714 2793 1769 69
2820 1717 2888 1768 ad
2915 1708 3128 1768 Fidum.

2240 1784 2410 1840 Porro
2428 1782 2920 1854 Pwdobaptismum,
2949 1801 3041 1840 seu
3066 1786 3400 1855 paruulorum
3429 1785 3746 1842 ablutionem
3764 1829 3778 1852 ,

2165 1856 2233 1910 ab
2262 1858 2373 1926 ipsa
2404 1859 2552 1925 praxi
2583 1865 2637 1911 ct
2666 1856 2954 1912 traditione
2978 1857 3272 1926 apostolica
3297 1857 3659 1915 descendisse
3687 1871 3779 1911 tes-

2168 1928 2236 1999 tis
2266 1928 2502 1996 locuples
2529 1936 2843 1983 estsanctus
2873 1929 3224 1999 Augustinus,
3250 1931 3336 1999 qui
3366 1929 3421 1983 in
3445 1928 3623 1985 Serm.
3659 1928 3707 1984 Χ
3728 1933 3783 1984 de

2177 1998 2327 2053 Verb.
2356 2010 2524 2067 apost.
2554 1999 2624 2054 de
2650 2000 2883 2068 parvulis
2924 1998 3150 2069 loquens
3187 1998 3306 2057 ait:
3348 2000 3463 2070 Ipsi
3509 2014 3783 2070 portantur

2166 2073 2235 2124 ad
2260 2070 2570 2136 Ecclesium,
2598 2080 2677 2137 et,
2701 2071 2746 2125 si
2776 2071 2985 2139 pedibus
3014 2072 3137 2126 illuc
3161 2088 3369 2129 currere
3404 2089 3508 2126 non
3538 2084 3779 2143 possunt.

2166 2142 2351 2197 alienis
2378 2152 2622 2208 currunt,
2640 2152 2695 2197 ut
2721 2152 3000 2209 sanentur;
3018 2143 3374 2198 accommodat
3390 2142 3498 2198 illis
3513 2156 3681 2198 mater
3695 2143 3783 2198 Ec-

2169 2216 2321 2269 clesia
2352 2216 2571 2269 aliorum
2602 2215 2782 2283 pedes,
2814 2226 2865 2268 ut
2896 2215 3121 2281 veniant,
3149 2214 3371 2269 aliorum
3410 2231 3537 2281 cor,
3586 2226 3641 2268 ut
3682 2233 3782 2270 cre-

2167 2289 2321 2352 dant,
2352 2286 2572 2358 aliorum
2599 2288 2862 2358 linguam,
2900 2296 2954 2339 ut
2993 2291 3286 2358 fateantur;
3317 2296 3375 2339 ut
3406 2288 3657 2353 quoniam
3700 2288 3780 2358 qui

2124 2424 2133 2429 ἱ
2167 2359 2292 2428 ωθνὶ
2322 2368 2469 2424 sunt,
2517 2356 2622 2411 alio
2650 2357 2842 2428 (Adam
2876 2357 3145 2429 videlicet)
3176 2367 3421 2426 peccante
3446 2356 3779 2428 pungi-arau-

2171 2438 2254 2483 tur
2277 2470 2292 2495 ,
2314 2430 2530 2502 siccum
2557 2429 2609 2483 hi
2643 2429 2755 2482 sani
2774 2439 2891 2483 sunt
2908 2429 3057 2502 ,__alio
3084 2428 3326 2502 (patrino
3347 2428 3647 2502 nimirum)
3693 2446 3777 2497 pro

2168 2507 2242 2555 eis
2267 2501 2540 2568 conﬁtente
2590 2502 2869 2554 solventur.
2907 2498 3070 2554 Nemo
3098 2516 3220 2570 ergo
3244 2500 3384 2554 vobis
3412 2498 3647 2555 susurret
3672 2504 3778 2555 doc-

2170 2573 2329 2625 trinas
2359 2573 2573 2625 alienas.
2610 2570 2722 2626 llos
2758 2571 2991 2625 Ecclesia
3014 2587 3213 2641 semper
3237 2572 3450 2639 habuit,
3491 2589 3699 2642 semper
3716 2583 3775 2626 te-

2169 2644 2315 2707 nuit,
2343 2643 2437 2696 hoc
2467 2660 2499 2696 α
2524 2644 2776 2713 majorum
2805 2643 2909 2712 fide
2935 2644 3183 2713 percipit,
3209 2643 3306 2697 hoc
3347 2659 3509 2713 usque
3546 2645 3597 2697 in
3632 2645 3773 2711 ﬁnem

2170 2724 2543 2795 perseveranter
2566 2712 2802 2795 custodit.
2824 2714 2905 2795 .Et
2934 2716 2982 2767 in
3002 2714 3049 2795 [λ
3067 2713 3111 2768 X
3134 2715 3198 2766 de
3225 2713 3355 2795 Gen.
3381 2716 3451 2767 ad
3471 2712 3685 2795 Ligno.

2168 2784 2311 2840 idem
2337 2786 2619 2840 coittirmat
2642 2827 2657 2849 ,
2689 2785 2936 2854 inquiens
2967 2803 2978 2837 :
3009 2784 3333 2841 Consuetudo
3366 2790 3551 2840 matris
3591 2784 3771 2840 Eccle-

2169 2857 2261 2911 sia:
2286 2857 2338 2910 in
2368 2856 2690 2928 baptizandis
2717 2856 2943 2924 parvulis
2978 2873 3295 2927 nequaquam
3340 2859 3639 2925 spernenda
3675 2868 3769 2921 est,

2169 2943 2329 2999 neque
2353 2927 2459 2982 ullo
2486 2929 2635 2982 modo
2664 2928 2924 2998 superflua
2946 2928 3241 2997 deputanda
3258 2969 3273 2991 ,
3298 2944 3391 2999 nec
3435 2929 3649 2982 omnino
3676 2945 3771 2983 ae-

2169 2997 2335 3052 denda
2358 3042 2372 3065 ,
2402 2999 2499 3052 nisi
2524 2997 2932 3070 apostolicaesse
2957 3001 3185 3053 traditio.
3222 2997 3387 3068 Cujus
3414 3016 3630 3070 quoque
3672 3012 3771 3055 tes-

2170 3070 2237 3122 tis
2262 3080 2343 3141 est
2376 3071 2541 3141 multo
2571 3071 2839 3141 antiquior
2870 3069 3154 3138 Origenes,
3184 3071 3271 3139 qui
3314 3071 3367 3124 in
3397 3069 3646 3139 capilli
3677 3070 3766 3138 Ep.

463 3157 549 3202 tur
574 3165 588 3199 :
620 3145 679 3214 Si
704 3160 886 3198 aurum
915 3141 1144 3196 Ecclesia
1161 3140 1509 3214 distribueret,
1552 3158 1650 3195 non
1680 3144 1908 3214 profecto
1928 3143 2065 3198 dice-
2091 3150 2137 3214 ρ
2171 3140 2239 3214 ad
2265 3140 2417 3194 Rom.
2440 3158 2458 3195 :
2479 3140 2682 3196 diserte
2704 3140 2783 3196 ait
2817 3159 2829 3194 :
2864 3141 3091 3214 Ecclesia
3118 3141 3446 3214 traditionem
3464 3141 3530 3195 ab
3558 3146 3768 3213 Aposto-

458 3234 541 3273 res
572 3232 590 3272 :
617 3213 749 3271 Cras
780 3216 930 3269 mitte
948 3254 965 3279 ,
992 3228 1112 3267 cras
1139 3212 1327 3273 dabis;
1356 3228 1525 3264 verum
1555 3222 1693 3264 ttunn
1718 3212 1924 3269 sedulus
1944 3232 2066 3285 por-
2106 3212 2139 3264 ἶ
2170 3212 2234 3266 [is
2261 3215 2509 3281 suscepit,
2542 3214 2691 3266 etiam
2720 3215 2944 3338 parvulis
2974 3212 3096 3267 dare
3125 3212 3453 3294 baptismum.

460 3290 650 3338 tionem
694 3287 927 3338 uelociter
978 3292 1204 3338 peteres.
1250 3280 1447 3338 diﬂ'erri
1487 3294 1652 3336 autent
1701 3300 1835 3338 tcare
1883 3286 2058 3338 ferres.
2239 3283 2575 3338 Ouanronter
2603 3286 2717 3338 saltt
2760 3286 2991 3338 errime.
3037 3292 3092 3338 et
3119 3283 3335 3338 quidem
3376 3283 3453 3338 sui

460 3290 650 3343 tionem
694 3287 927 3343 uelociter
976 3292 1204 3354 peteres,
1250 3280 1447 3348 differri
1487 3294 1652 3336 autem
1701 3300 1835 3354 tcgre
1881 3280 2059 3354 [ei-res.

466 3360 719 3428 Quoniam
749 3374 866 3412 vero
892 3372 992 3428 non
1034 3355 1259 3428 materia:
1288 3354 1507 3428 alicujus
1545 3357 1734 3425 fucum,
1774 3356 1863 3410 sed
1881 3359 2066 3412 animo?

459 3425 813 3503 purgationem
841 3427 932 3503 tibi
958 3442 1049 3503 res:
1079 3425 1348 3503 munificus
1380 3427 1675 3494 pollicetur,
1708 3444 1877 3503 morus
1907 3446 2063 3503 casruf

457 3497 955 3572 katibnesquenectis
978 3540 992 3564 ,
1028 3497 1386 3566 impedimenta
1424 3513 1707 3572 causasque
1742 3498 1932 3572 affers“,
1977 3501 2066 3572 qui

406 3574 413 3577 ⁷
463 3573 674 3627 debebas
696 3568 770 3624 ad
801 3571 896 3624 hoc
921 3568 1112 3623 donum
1140 3583 1424 3621 accurrere.
1449 3568 1515 3621 Et
1557 3577 1674 3637 post
1715 3570 1816 3622 alia
1850 3568 2066 3626 :Enim-

460 3660 579 3700 vero
604 3646 648 3698 si
672 3642 885 3713 publicis
904 3640 1109 3713 tributis
1128 3639 1374 3693 obnoxius
1394 3655 1524 3713 esses
1542 3681 1555 3705 ,
1582 3640 1861 3713 debitorum
1894 3653 2064 3695 autent

460 3711 694 3770 remissio
723 3714 822 3767 reis
867 3712 1258 3783 circumquaque
1297 3711 1647 3783 nuntiaretur,
1691 3712 1872 3768 deinde
1919 3715 2061 3783 quis-

400 3832 407 3840 .
464 3787 601 3858 piant
628 3795 675 3841 te
705 3785 799 3839 hoc
830 3782 1031 3855 publica
1064 3780 1269 3858 munere
1292 3780 1491 3858 privare
1534 3792 1840 3858 conaretur,
1865 3780 2064 3858 do‘lercs

462 3853 838 3928 clamoresque,
863 3854 1143 3909 communis
1180 3853 1360 3925 gratia:
1403 3864 1548 3923 parte
1598 3864 1645 3907 te
1689 3871 1777 3919 per
1797 3855 2064 3926 ,injuriant

464 3930 677 3999 privari.
716 3928 989 3998 Postquam
1022 3941 1254 3979 veronou
1283 3928 1449 3999 solum
1480 3928 1852 3993 prazteritorum
1885 3928 2068 3981 remis-

460 3995 568 4067 sio,
615 4000 703 4056 sed
745 3995 897 4069 etiam
944 4001 1247 4069 futurorum
1277 3995 1413 4052 dona
1458 3998 1631 4066 palam
1677 4009 2061 4069 praponuntur,

463 4087 567 4126 non
595 4071 743 4125 audis
763 4112 778 4135 ,
808 4068 897 4124 sed
924 4068 971 4123 te
994 4069 1102 4139 ipse
1128 4068 1277 4122 lazdis
1298 4108 1314 4132 ,
1343 4080 1588 4135 quantum
1616 4086 1707 4122 nec
1731 4068 1925 4123 inimici
1948 4071 2061 4139 [or-

462 4155 513 4196 te
532 4142 799 4208 .ltcderent.
841 4139 1147 4210 lterumque
1189 4147 1310 4210 post
1348 4155 1513 4209 pauca
1549 4156 1561 4192 :
1598 4139 1659 4194 Si
1691 4142 1800 4210 quis
1841 4143 2064 4195 medicus

462 4214 756 4267 commentis
782 4227 841 4264 ac
889 4209 1139 4263 machinis
1168 4209 1467 4278 quibusdam
1511 4220 1560 4264 te
1596 4209 1834 4278 juvenem
1876 4223 1924 4266 et
1948 4229 2066 4266 sene

459 4283 673 4340 reddere
698 4284 754 4338 in
781 4297 835 4338 se
876 4280 1157 4351 receperit,
1196 4278 1264 4332 ad
1313 4294 1427 4333 eam
1472 4284 1701 4351 profecto
1745 4282 1879 4335 diem
1926 4283 2063 4337 onmi

465 4354 636 4411 studio
661 4354 831 4409 venire
858 4349 1061 4407 curares
1079 4392 1095 4419 ,
1124 4351 1178 4405 in
1203 4366 1306 4420 qua
1333 4352 1469 4405 tetati
1498 4349 1699 4417 floridte
1722 4363 1768 4406 te
1794 4354 2060 4408 restituen-

469 4429 593 4484 dum
619 4426 829 4483 uideres.
862 4424 924 4480 At
954 4440 1088 4479 nunc
1113 4439 1231 4476 cum
1258 4424 1434 4477 animo
1463 4432 1549 4476 tua
1568 4463 1582 4487 ,
1610 4439 1762 4491 quam
1790 4426 1928 4479 onmi
1956 4441 2064 4478 sce-

465 4501 568 4555 lere
595 4500 993 4555 contaminatam
1018 4493 1324 4560 reddidisti,
1367 4510 1455 4563 per
1486 4493 1792 4561 baptismum
1831 4498 2063 4550 renovari

2239 3283 2575 3353 Quapmpter
2603 3283 2956 3339 saluberrime
2978 3327 2991 3350 ,
3037 3292 3092 3338 et
3119 3283 3335 3353 quidem
3376 3283 3480 3339 sub
3520 3284 3767 3354 gravibus

2170 3355 2342 3424 pomis
2366 3356 2416 3408 in
2444 3355 2683 3424 pluribus
2711 3355 2951 3410 conciliis
2980 3355 3246 3410 sancitum
3278 3355 3407 3421 ltuit,
3433 3372 3503 3411 ne
3522 3357 3765 3426 parvulo-

2167 3440 2284 3499 rum
2316 3426 2609 3499 baptismus
2654 3427 2797 3499 (quia
2833 3443 3026 3496 netnpe
3070 3427 3349 3499 repentina
3404 3440 3549 3496 smpe
3576 3430 3766 3499 omnis

2167 3495 2402 3568 pericula
2436 3497 2623 3552 iisdem
2654 3495 3005 3567 supervenire
3033 3500 3277 3567 possunt)
3319 3495 3524 3555 diutius
3556 3495 3768 3553 «ἥσει-ιο

2168 3577 2275 3640 tur.
2309 3568 2663 3640 Singularitcr
2694 3584 2819 3624 vero
2839 3581 3058 3624 sanctus
3089 3570 3317 3629 Carolus
3341 3568 3683 3626 Barromzmts
3718 3569 3767 3623 in

2167 3639 2362 3694 Concil.
2397 3639 2639 3695 mediol.l
2661 3641 2970 3706 constituit,
3002 3650 3053 3693 ut
3081 3651 3257 3695 natum
3285 3641 3531 3710 infantem
3556 3641 3594 3693 ii
3610 3681 3623 3699 ,
3646 3656 3766 3707 quo-

2166 3726 2280 3762 rum
2306 3721 2378 3764 est
2408 3729 2467 3765 ea
2490 3728 2644 3782 cura!
2695 3722 2811 3766 ante
2857 3729 3044 3765 nonum
3089 3711 3226 3765 diem
3279 3712 3347 3765 ad
3395 3713 3768 3782 suscipiendum

2169 3781 2473 3847 baptismum
2502 3785 2553 3836 in
2598 3781 2880 3838 Ecclesium
2915 3784 3241 3853 deferendum
3282 3793 3479 3837 curent.
3532 3781 3682 3851 Quod
3725 3782 3767 3836 si

2168 3854 2498 3925 neglexerint,
2531 3855 3071 3910 excommunicationis
3093 3871 3294 3925 pernam
3324 3854 3559 3909 subeant.

2243 3924 2481 3979 Necesse.
2537 3926 2660 3980 [huc
2717 3926 2881 3981 verba
2913 3944 2925 3979 :
2957 3926 3017 3982 Si
3074 3924 3174 3980 non
3220 3935 3324 3981 tam
3390 3941 3619 3991 necesse,
3658 3935 3766 3981 tuto

2167 3995 2359 4051 abesse
2400 4013 2559 4069 posse
2612 4006 2760 4069 putat
2812 3996 3039 4065 Junius,
3094 4013 3261 4069 reque
3310 3997 3424 4067 ipsa
3492 3995 3547 4055 in
3589 3996 3766 4069 multis

2168 4068 2562 4137 excinplaribus
2590 4068 2780 4139 deesse
2808 4078 3051 4124 testatur.
3086 4068 3288 4139 At’cttr
3318 4084 3425 4125 non
3457 4082 3612 4139 teque
3638 4068 3764 4127 reti-

2169 4140 2282 4193 neri
2315 4140 2557 4209 possint?
2582 4137 2721 4193 Sane
2749 4140 2891 4193 cnitn
2921 4155 3139 4196 sensum
3172 4138 3303 4194 satis
3327 4137 3671 4197 commodum
3693 4139 3767 4193 [a-

2167 4212 2318 4284 ciunt
2350 4230 2362 4265 :
2396 4211 2456 4266 Si
2484 4211 2827 4284 nonaliunde
2854 4221 3002 4284 urget
3024 4213 3312 4267 necessitas.

2243 4283 2547 4352 Sponsores.
2580 4282 2727 4336 Alias
2756 4282 2945 4351 pati-ini
2973 4282 3222 4338 dicuntur
3251 4325 3267 4351 ,
3307 4282 3559 4353 quoniam
3607 4282 3765 4338 nimi-

2168 4370 2285 4408 rum
2339 4354 2478 4408 velut
2529 4366 2696 4423 patres
2732 4354 3024 4418 spirituales
3070 4365 3228 4419 sunt,
3278 4362 3370 4408 aut
3422 4354 3763 4423 fideiussores,

2168 4426 2235 4479 de
2266 4425 2461 4495 quibus
2489 4435 2704 4497 sanctus
2731 4424 3146 4497 Cbrysostomns
3172 4426 3223 4478 in
3254 4424 3440 4494 psalm.
3470 4423 3589 4481 XIV
3611 4467 3626 4489 ,
3651 4426 3719 4479 ait
3748 4443 3763 4476 :

2172 4498 2359 4551 Statim
2380 4496 2616 4551 sacerdos
2643 4498 2796 4567 erigit
2824 4498 2884 4550 ab
2906 4498 3111 4565 inﬁrma
3151 4506 3298 4550 celate
3319 4507 3467 4567 pacta
3490 4508 3761 4561 conventa,

465 4545 526 4627 ita
541 4545 839 4643 regenerdri
882 4569 1140 4623 nuntietur
1165 4608 1198 4643 ,_
1226 4545 1427 4643 tan'turm
1467 4545 1685 4643 despicis
1723 4568 2059 4643 beneficiunt,
2088 4545 2143 4607 Ῐ)
2169 4577 2213 4621 et
2260 4569 2469 4643 armaris
2506 4568 2676 4643 atatis
2707 4545 3057 4643 [idcjussotl’em
3079 4545 3421 4643 susceptoient
3450 4545 3761 4643 interrogat:

463 4660 554 4697 nec
583 4633 714 4698 ultro
746 4657 1027 4714 properas,
1070 4634 1235 4714 autid
1268 4633 1526 4714 pollicenti
1545 4633 1686 4714 iis
1719 4638 1942 4714 obuiam.
2001 4640 2067 4693 Et

466 4714 701 4784 denique
730 4705 756 4766 ι’
774 4705 1042 4784 cunctatio
1064 4707 1131 4759 ad
1155 4705 1462 4773 baptismum
1482 4747 1497 4771 ,
1522 4707 1653 4762 nihil
1677 4709 1819 4784 aliud
1845 4713 2067 4784 clamare

464 4779 684 4847 videtur,
704 4799 857 4855 quam
896 4797 912 4834 :
936 4779 1003 4855 n
1028 4794 1113 4855 me
1129 4784 1246 4855 ante
1270 4787 1446 4855 regnet
1466 4791 1753 4855 peccatum,
1778 4780 1935 4855 donec
1960 4782 2061 4855 ali-

465 4857 673 4939 quando
693 4848 879 4935 regnet
894 4852 1060 4932 etiam
1073 4848 1319 4901 Dominus
1338 4866 1364 4939 ,2
1379 4850 1547 4939 adsint
1576 4851 1699 4905 mihi
1727 4853 1949 4933 membra
1986 4854 2065 4907 in-

459 4920 707 4998 institue,
730 4920 776 4998 et
807 4921 1087 4998 iniquitatis
1126 4935 1270 4998 arma
1290 4961 1303 4985 ,
1333 4920 1513 4998 deinde
1536 4925 1963 4998 assumamftiant
1986 4942 2066 4978 ar-

472 5015 555 5052 ma
573 4996 793 5068 justitia:
823 4993 932 5049 Deo
952 5035 967 5057 ,
986 5001 1101 5068 _et_c_.
1132 4995 1305 5068 Atque
1333 4993 1447 5068 hinc
1473 5003 1657 5068 contra
1688 5010 1776 5048 eos
1795 4992 2021 5068 Basilius
2047 5039 2061 5063 ,

464 5069 554 5137 qui
573 5062 599 5133 ⁷,
628 5069 738 5140 jam
776 5076 932 5140 antea
967 5062 1148 5140 debile
1195 5064 1487 5140 instructi,
1516 5065 1833 5140 baptismum
1886 5062 2066 5140 (atque

465 5134 606 5195 idem
628 5134 716 5194 est
746 5137 925 5193 etiam-
952 5136 1021 5192 de
1067 5144 1403 5193 sacramento
1452 5134 1811 5209 Ptnnitcntiic)
1851 5134 2066 5194 aSsiduo

466 5210 685 5279 dill'erre
713 5210 969 5279 cog'nanl-
1040 5277 1055 5279 ᾗ
1070 5277 1082 5279 _
1455 5275 1457 5278 .

539 5278 688 5335 Circa
736 5277 997 5350 parvulos.
1040 5277 1166 5334 [line
1215 5278 1460 5349 equidem
1501 5280 1775 5337 sententia
1822 5282 1908 5335 uni
1936 5280 2065 5336 Ter-

463 5353 685 5407 tttlliano
713 5349 874 5424 (sicut
910 5352 1105 5417 etiam,
1149 5350 1325 5405 adhuc
1367 5352 1696 5419 catholicus,
1746 5355 1796 5407 in
1848 5352 2061 5407 nimiam

464 5439 680 5494 semper
710 5422 1023 5496 religionem
1051 5433 1208 5496 atque
1236 5425 1583 5496 severitatem
1603 5439 1900 5496 propensus
1926 5424 2062 5496 erat)

467 5500 679 5565 propria
701 5535 716 5562 ,
745 5509 918 5564 neque
940 5495 1005 5548 ab
1035 5494 1143 5549 ullo
1173 5494 1511 5565 antiquorum
1559 5494 1774 5551 Patrum
1815 5494 2063 5563 adoptata

450 5564 648 5629 fuerat,
678 5566 845 5623 multo
874 5566 1047 5622 minus
1072 5574 1248 5621 autem
1268 5564 1609 5631 Henricianis,
1632 5565 1787 5621 Petro
1811 5565 2062 5619 Abeillar-

457 5639 555 5702 do,
610 5635 758 5692 Petro
786 5638 848 5690 de
880 5636 1057 5693 Brixia
1076 5677 1103 5703 ,ί
1132 5646 1218 5690 aut
1251 5633 1592 5708 Anabaptistis
1617 5678 1632 5701 ,
1663 5638 1853 5691 aliisve
1897 5639 2065 5692 barre—

459 5711 581 5764 ticis
601 5751 616 5775 ,
645 5710 915 5779 quidpiam
950 5708 1180 5780 pratsidii
1208 5709 1259 5763 in
1289 5708 1698 5780 (ξειᾲουιίοαίιιιιιη
1734 5716 1880 5767 erat.
1911 5708 2063 5780 quip-

452 5792 525 5862 pe
551 5781 637 5857 qtti
666 5778 903 5845 infantes
947 5779 1195 5855 baptismi
1240 5778 1411 5836 valide
1483 5780 1803 5855 suscipigndi
1844 5778 2061 5837 omnino

2169 4650 2278 4717 elc._
2306 4639 2436 4717 Quia
2470 4640 2840 4717 nimirnmpro
2870 4638 3069 4696 infante
3096 4640 3343 4717 spondere
3365 4679 3380 4701 ,
3409 4648 3461 4694 et
3494 4639 3765 4717 responde-

2170 4727 2224 4763 re
2250 4711 2469 4772 debent,
2490 4721 2616 4775 elc.;
2636 4710 2778 4765 unde
2798 4727 3096 4781 sponsorum
3116 4710 3334 4781 quoque
3357 4711 3768 4781 supradictus:-

2169 4782 2546 4853 pellatioipsis
2578 4783 2823 4853 imposita
2855 4792 2956 4838 est.

2243 4854 2320 4909 Ex
2351 4851 2453 4908 hoe
2480 4870 2607 4908 sane
2632 4853 2751 4908 loco
2781 4851 3094 4911 Tertulliani
3141 4864 3319 4924 patet,
3370 4852 3615 4924 patrittos
3654 4851 3762 4924 iam

2169 4941 2231 4981 ex
2268 4925 2641 4995 antiquissimo
2669 4940 2764 4979 usu
2786 4966 2802 4992 ,
2834 4938 2885 4981 et
2917 4926 2984 4979 ab
3010 4922 3421 4996 ipsisEcclesia:
3449 4922 3593 4980 velut
3620 4922 3769 4980 iucu-

2168 4997 2413 5060 nalnilis,
2448 4998 2498 5050 in
2529 4996 2792 5066 baptismo
2821 4996 3062 5051 adhiberi
3089 4996 3308 5062 solitos,
3343 5005 3398 5052 ut
3434 4996 3598 5059 etiam
3642 5010 3767 5051 san-

2168 5079 2287 5123 ctus
2307 5067 2555 5133 Basilius,
2577 5067 2819 5138 b‘p.128,
2837 5077 2892 5124 et
2919 5077 3137 5139 sanctus
3167 5068 3515 5138 Augustinus,
3532 5068 3772 5139 compti»

2165 5142 2316 5198 ribus
2344 5141 2394 5194 in
2426 5138 2555 5194 locis
2576 5180 2591 5204 ,
2620 5139 2815 5207 aliique
2844 5138 3038 5208 passim
3082 5148 3363 5195 testantur.

2242 5210 2485 5265 Possunt.
2540 5209 2595 5265 Si
2640 5211 2844 5264 scilicet
2898 5224 3187 5280 sponsores
3252 5210 3350 5280 ipsi
3431 5209 3767 5273 moriantur,

2174 5294 2462 5352 antequam
2514 5282 2687 5336 int'ans
2738 5281 3033 5350 baptizatus
3076 5282 3141 5336 ad
3186 5297 3343 5337 usum
3383 5282 3615 5352 rationis
3642 5297 3775 5352 per-

2177 5351 2417 5418 venerit,
2477 5364 2533 5406 ut
2580 5354 2647 5406 ab
2688 5352 2790 5406 illis
2830 5352 3107 5407 admoneri
3155 5354 3352 5423 possit,
3380 5367 3542 5423 quam
3567 5351 3771 5423 obliga-

2172 5426 2373 5480 tionem
2402 5425 2453 5479 in
2481 5424 2749 5495 baptismo,
2771 5426 3099 5480 contraxerit
3121 5467 3136 5492 ,
3166 5433 3258 5479 aut
3285 5424 3414 5495 quid
3461 5424 3659 5494 patriai
3698 5425 3774 5480 illi

2169 5497 2406 5568 proiipso
2432 5494 2836 5568 spoponderim.

2243 5567 2402 5622 Falli.
2460 5565 2742 5623 Si’inl‘ans
2792 5568 2993 5620 interea
3036 5565 3251 5621 adultus
3293 5565 3467 5622 laetus
3520 5566 3775 5637 baptismi

2165 5642 2391 5713 gratiam
2423 5654 2518 5709 per
2567 5638 2729 5713 vitam
2787 5651 3029 5713 pravam_
3057 5638 3327 5707 expellat,
3369 5652 3647 5713 porroque
3689 5654 3777 5695 τεο

2168 5707 2297 5838 non:
2342 5707 2456 5765 illas
2478 5709 2797 5780 Spousiones
2824 5723 2916 5780 per
2955 5707 3188 5785 seipsum
3211 5750 3228 5777 ,
3256 5707 3380 5767 cum
3423 5709 3537 5784 iam
3551 5707 3772 5785 posset.

2168 5798 2275 5838 uno
2299 5798 2409 5838 ere.
2436 5791 2541 5838 etc.

2164 5784 2409 5856 implere,
2436 5791 2541 5843 etc.
