3940 6288
331 308 473 372 1203

1754 305 2213 369 ΤΕΒΤΗῙᾸΛᾹΝΙ

3516 300 3649 371 HM

332 443 449 481 nem
482 421 791 497 (quomodo
819 429 994 480 autem
1026 430 1226 497 petent,
1277 422 1379 481 nisi
1408 424 1498 480 illa
1531 424 1939 497 confitentes?)
1972 428 2017 488 Α
2049 432 2169 497 post
2197 422 2550 497 Baptismum,
2572 421 2834 497 jejunium
2863 402 3274 497 suumincmpit.

334 494 583 551 docentur
612 495 759 569 nobis
782 510 881 549 una
911 494 1232 564 precantibus
1274 508 1316 551 et
1340 498 1717 569 jejunantibus.
1744 494 1943 569 Deinde

335 571 650 640 ducuntura
676 568 816 621 nobis
844 569 893 620 in
937 568 1083 622 illaut
1129 570 1315 634 locum,
1341 566 1432 622 tibi
1463 586 1596 640 aqua
1642 577 1734 640 est.
1768 566 1943 638 Atque

334 639 442 694 hoc
472 637 750 710 conforme
778 640 976 710 ostiis,
1010 654 1129 710 quae
1159 637 1562 710 antiquissimus
1592 639 1796 694 AuthOr
1831 637 1943 710 (qui

336 710 465 781 olim
507 709 827 781 credebatur
854 708 1116 766 fuisses.
1156 708 1548 781 Hieronymus)
1593 708 1943 766 Sermonis—in

335 780 565 835 Paul.“
601 782 670 833 ad
702 778 1000 853 Neap/tytos
1028 781 1186 836 habet
1222 801 1233 835 :
1263 778 1368 835 Per
1384 778 1580 835 omnem
1597 782 1946 851 quadragesi-

336 868 474 906 ntaut
505 860 805 905 vacaverunt
823 853 1059 923 orationi,
1077 854 1469 923 atquejejuniis,
1494 853 1705 907 in'sacco
1722 862 1764 907 et
1780 855 1948 907 cinere

339 923 684 989 dormierunt,
719 924 954 999 futuram
973 921 991 996 (
1017 934 1108 999 per
1138 921 1465 994 Baptismum
1492 923 1509 999 )
1552 927 1705 999 vitam
1760 939 1948 999 pecca-

312 1000 514 1049 tordm
566 993 783 1047 suorum
827 993 1162 1050 confessione
1210 993 1458 1063 petentes,
1493 993 1613 1049 'etc.
1657 996 1831 1063 Atque
1874 996 1948 1049 ita

339 1080 555 1136 quoque
585 1075 939 1136 prteparatum
969 1080 1372 1121 CONS'I‘ANTINUM
1402 1084 1461 1120 ιιι.
1494 1083 1601 1121 IMP.
1639 1066 1704 1120 ad
1735 1067 1949 1135 Baptis-

338 1135 426 1191 rita
459 1135 1220 1208 suscipiendum__accessisste,
1264 1137 1462 1192 Euseb.
1497 1139 1549 1191 in
1593 1136 1707 1190 Vita
1748 1136 1945 1208 ejusd.,

339 1225 388 1261 c.
417 1207 506 1271 61,
540 1206 780 1280 perhibet
811 1226 823 1260 :
856 1206 984 1261 Haec
1012 1225 1129 1261 cum
1155 1226 1323 1263 secum
1353 1219 1653 1278 reputasset,
1678 1206 1948 1280 genu/laxa

341 1280 484 1332 Itumi
510 1278 861 1348 procumbens,
895 1280 1092 1332 veniam
1117 1298 1146 1333 a
1170 1294 1272 1335 ι)Εο
1299 1280 1518 1351 supplex
1548 1278 1951 1349 papascit,pec-

341 1361 458 1403 cata
483 1365 575 1403 sua
612 1351 859 1417 conﬁtens
894 1351 947 1404 in
977 1353 1393 1421 nun-tyrio,etc.,
1433 1351 1549 1405 loco
1583 1351 1861 1417 videlicet,
1898 1351 1950 1404 in

336 1435 445 1494 quo
475 1429 843 1488 moaumenta,
864 1436 955 1477 seu
988 1424 1260 1492 sepulchra
1287 1422 1593 1494 ,‘llartgrum,
1620 1423 1950 1494 visebantur.

420 1493 486 1546 Et
513 1505 580 1546 ne
613 1501 880 1559 putemus,
915 1496 1220 1562 exemplum
1257 1493 1363 1548 tam
1420 1505 1703 1563 augustum
1734 1493 1952 1562 sequela

337 1563 651 1618 destitutum
685 1564 867 1631 fuisse,
896 1564 1174 1619 audiamus
1200 1564 1496 1631 Socratem,
1528 1563 1664 1620 ἓως.
1697 1563 1763 1622 V.
1811 1565 1956 1618 Scri—

340 1643 576 1705 ptorcm,
605 1635 692 1705 qui
747 1634 813 1687 L.
869 1633 908 1687 ν
962 1634 1100 1690 Hist.
1148 1636 1312 1704 Eccl.,
1359 1653 1406 1689 c.
1452 1636 1538 1702 i7,
1573 1641 1640 1691 de
1687 1635 1955 1703 Serapidis

341 1706 544 1776 templo
571 1707 831 1776 subverso
854 1721 1038 1776 agens,
1071 1707 1148 1760 ait
1172 1725 1183 1761 :
1212 1705 1379 1762 Multa
1402 1706 1573 1772 plures
1607 1706 1675 1760 ad
1701 1706 1951 1761 Christia-

341 1775 473 1831 nani
494 1775 811 1848 Religionem
854 1775 907 1830 se
944 1779 1295 1845 contulerunt,
1330 1787 1378 1831 et
1410 1787 1625 1846 peccata
1657 1793 1749 1832 sua
1788 1778 1956 1832 conli-

344 1857 541 1920 tentes,
576 1846 899 1919 Btiptistttutrt
945 1848 1132 1903 Christi
1177 1859 1521 1920 susceperunt.
1556 1849 1638 1905 An
1676 1864 1804 1904 vero
1836 1849 1951 1903 hate

342 1919 634 1985 confessio,
686 1920 959 1989 Baptismo
1002 1920 1069 1975 ab
1112 1919 1748 1990 adultis'praatnittenda,
1796 1921 1956 1975 fuerit

340 2000 685 2063 peccatorum
713 1991 763 2044 in
786 1992 971 2061 specie,
996 2006 1060 2044 an
1090 1993 1340 2061 generalis
1361 1993 1636 2056 duntaxat,
1662 1993 1955 2047 etiamnum

341 2062 485 2118 inter
514 2062 739 2117 Criticos
769 2064 1209 2117 controvertitur.
1242 2063 1460 2117 Cet-tum
1490 2073 1667 2118 autem
1694 2072 1796 2129 est,
1850 2064 1953 2118 Sa-

342 2134 645 2188 crantentali
690 2143 886 2188 nostrae
933 2131 1271 2188 Paenitentia':
1314 2135 1366 2188 in
1412 2133 1750 2202 Baptizandis
1780 2135 1954 2189 locum

345 2215 457 2259 non
486 2205 669 2268 fuisse,
700 2218 822 2258 eum
853 2204 1159 2273 Baptismus
1208 2208 1323 2275 ipse
1354 2207 1418 2260 ad
1462 2207 1668 2275 reliqua
1700 2205 1957 2260 Ecclesia)

346 2285 550 2332 nostra:
592 2275 939 2331 Sacramenta
972 2277 1203 2331 initiatio
1243 2277 1487 2342 quaedam
1517 2278 1606 2342 sit,
1636 2277 1702 2330 ad
1748 2276 1836 2331 illa
1868 2292 1957 2330 va-

346 2294 550 2332 nosme
592 2294 939 2331 aacramenta
972 2294 1203 2331 tntuatto
1243 2294 1487 2332 (uacuam
1517 2294 1606 2342 sn,
1636 2294 1702 2330 aa
1748 2294 1836 2331 ttta
1868 2294 1957 2330 va-

345 2349 451 2402 lide
479 2346 835 2416 suscipienda,
881 2356 935 2403 et
978 2294 1328 2415 conficienda,
1371 2349 1572 2403 homini
1618 2349 1958 2418 capacitatem

342 2418 607 2473 tribuens.
1118 2469 1123 2473 .

422 2489 721 2558 Exponam,
754 2489 789 2542 i.
821 2503 872 2544 e.
902 2488 1171 2544 exhibeant
1216 2490 1268 2543 in
1290 2505 1348 2544 se
1376 2490 1691 2560 exemplum,
1720 2498 1954 2559 sumpta,

354 2570 413 2615 ut
460 2562 534 2615 ait
576 2559 765 2615 Junius
804 2561 856 2612 in
899 2560 953 2616 lt.
995 2561 1032 2614 l.
1063 2561 1311 2629 propolis,
1356 2577 1561 2616 merces
1617 2576 1741 2617 suas
1787 2576 1955 2631 expo-

352 2632 638 2703 Dentibus,
697 2631 1079 2700 metaphora.»
1133 2632 1314 2703 Itaque
1364 2633 1414 2703 in
1456 2632 1741 2703 Baptismo
1774 2645 1957 2687 nostro

352 2719 385 2758 a
415 2701 568 2757 nobis
625 2717 859 2773 quoque
882 2701 1339 2758 cxhibcndns'est
1380 2702 1673 2773 Buptismus
1713 2702 1954 2771 Joannis,

349 2771 782 2846 velut'Baptismi
824 2771 1026 2846 Christi
1066 2774 1405 2846 prodromus.
1442 2771 1571 2831 Vide
1613 2788 1805 2846 supra,
1836 2791 1953 2845 cap.

353 2844 426 2909 Χ,
454 2856 558 2899 not.
595 2844 1056 2900 Prsaministrabat.

427 2916 629 2972 Delicta
654 2934 769 2972 sua.
825 2916 978 2972 Nunc
1033 2932 1127 2986 pro
1181 2933 1281 2971 nou
1314 2917 1401 2973 hic
1440 2917 1569 2987 legit
1624 2916 1850 2981 Junius,
1900 2926 1958 2973 ut

360 2988 523 3043 etiam
573 2990 608 3043 ι.
646 2989 696 3042 Ι.
746 2989 809 3043 de
847 2988 1063 3060 Veland.
1120 2990 1271 3058 virg.,
1299 3005 1346 3043 c.
1394 2991 1446 3050 1.
1481 2989 1569 3043 ubi
1596 2991 1837 3060 plerique
1859 3005 1954 3045 co-

356 3060 505 3115 dices
534 3060 763 3133 ltabent:
801 3060 954 3133 Hunc
976 3059 1307 3133 .(Cltrislum)
1352 3062 1438 3131 qui
1476 3059 1766 3127 audierunt,
1800 3078 1957 3129 usque

355 3146 463 3186 non
507 3132 631 3204 olim
674 3132 1097 3204 prapltetautem,
1150 3132 1365 3204 virgines
1409 3143 1709 3202 contegunt,
1756 3133 1954 3187 substi~

1984 1822 2033 1882 B

2122 496 2339 549 Salutis.
2380 495 2629 567 Intelligit
2675 496 2760 553 hic
2793 496 2982 551 festum
3020 495 3315 563 P‘ascltatis,
3343 496 3487 567 quod
3516 496 3657 553 Sub:

2050 568 2162 621 bata
2219 576 2451 640 sancta,
2501 576 2752 640 tanquam
2825 568 2931 623 diei
2981 568 3048 623 ad
3108 570 3404 640 solemnem
3454 569 3657 640 Baptis-

2048 654 2192 713 mum
2248 639 2589 713 singulariter
2628 639 2755 694 olim
2807 641 3065 713 deputata
3105 639 3277 713 (βαρ.
3316 639 3654 713 praetim-

2050 708 2300 783 tnetliate
2334 710 2717 775 succedit;est
2761 712 2904 765 enim
2954 711 3069 779 ipse
3122 710 3401 783 Paschalis
3449 708 3657 783 jubilus

2050 780 2550 853 gratulatiqmutna
2579 791 2777 836 nostrae
2810 784 3029 847 salutis,
3055 796 3216 853 quam
3238 782 3291 837 in
3316 780 3487 837 Adam
3516 796 3659 839 mor-

2028 854 2150 917 'tui,
2179 867 2298 904 cmn
2322 850 2536 907 Christo
2559 860 2741 924 autem
2771 854 2835 907 ad
2866 868 3058 908 novam
3077 850 3256 909 'vitam
3286 862 3656 924 resurgentes,

2052 925 2509 995 recuperavimns.
2556 922 2891 995 Ecceiigitur
2925 924 3038 993 jam
3086 922 3518 995 antiquissimam
3546 930 3658 981 ori-

2049 994 2225 1063 ginem
2258 995 2655 1065 gratulationum
2685 994 3034 1059 Paschalium,
3058 1007 3213 1065 quas,
3242 996 3522 1051 charitatis
3541 1014 3666 1053 mu.

2055 1074 2156 1138 tua:
2198 1066 2340 1119 inter
2391 1065 2725 1121 Christianos
2773 1068 2903 1122 olim
2943 1077 3235 1134 tesseram,
3269 1068 3454 1122 saeculi
3502 1069 3663 1138 hujus

2052 1134 2202 1209 vafer
2229 1138 2417 1207 genius
2464 1138 2813 1209 mendacibus
2870 1139 3184 1209 plerumque
3229 1138 3518 1194 verborum
3546 1134 3663 1196 an-

2053 1208 2213 1262 mulis
2240 1221 2291 1261 et
2313 1208 2560 1265 inanibus
2590 1208 2964 1273 caeremoniis,
2996 1210 3272 1266 involvere
3312 1210 3474 1266 solet.

2128 1277 2299 1351 Porro
2346 1292 2524 1334 autem
2580 1280 2826 1335 Paschali
2878 1281 3079 1336 lattilite
3115 1280 3448 1351 jejuniorum
3496 1283 3667 1338 tristi-

2056 1350 2127 1422 tia
2157 1350 2333 1422 minus
2359 1352 2642 1414 convenit,
2669 1359 2831 1422 atque
2875 1352 3011 1407 adeo
3060 1350 3300 1407 ECclesia
3343 1368 3412 1408 ex
3454 1352 3539 1407 his
3566 1368 3667 1409 so-

2056 1420 2361 1488 lemnibus,
2411 1424 2536 1495 quin
2597 1432 2653 1495 e_t
2699 1420 2810 1491 toto
2860 1422 3107 1479 Paschali
3138 1433 3412 1495 tempore,
3458 1424 3669 1495 jejunia

2058 1501 2321 1565 expuncta
2366 1493 2555 1548 voluit.
2616 1492 2842 1565 Insuper
2892 1505 3021 1549 vero
3059 1503 3131 1565 et,
3169 1494 3314 1550 diem
3370 1492 3673 1564 quamlibet

2062 1563 2393 1618 Dominicam
2445 1563 2756 1635 (quoniam
2798 1573 2853 1620 et
2895 1564 3034 1637 hanc
3077 1564 3276 1637 Christi
3313 1563 3677 1637 RcSurgentis

2059 1637 2752 1709 memoriaesacramicsse
2810 1636 3016 1709 voluit)
3072 1636 3281 1707 jejunio
3337 1636 3673 1709 obnubilan-

2059 1706 2183 1760 dam
2226 1706 2364 1761 haud
2408 1722 2549 1774 esse,
2593 1708 2833 1763 Ecclesia
2871 1706 3170 1776 constituit,
3213 1715 3273 1762 ut
3317 1724 3382 1764 ex
3412 1708 3543 1764 Can.
3594 1711 3669 1765 15

2062 1776 2121 1831 S.
2149 1777 2289 1832 Petri
2337 1778 2705 1843 Alexnudrini,
2748 1780 2837 1849 qui
2879 1779 3016 1834 Stec.
3044 1778 3131 1833 Ill.
3178 1779 3406 1847 cadente
3446 1780 3669 1847 ﬂoruit,

2061 1858 2295 1914 constat,
2348 1850 2398 1902 in
2428 1864 2535 1919 quo
2565 1865 2686 1905 cum
2711 1849 2917 1919 jejunia
2948 1850 3162 1905 Diernm
3191 1849 3442 1905 Mercurii
3471 1862 3518 1905 ct
3566 1850 3679 1908 Ve-

2061 1920 2194 1973 neris
2223 1920 2528 1987 probasset,
2553 1920 2659 1976 ait:
2690 1922 2798 1986 sed,
2830 1922 3002 1989 quoad
3050 1920 3196 1975 Diem
3217 1920 3564 1989 ﬂaminicam,
3595 1932 3679 1978 est

2061 1991 2168 2046 dies
2186 1991 2407 2063 ilu'laris,
2450 1993 2571 2063 quia
2609 1992 2763 2063 Iesus
2788 1991 3020 2047 Christus
3044 1996 3099 2047 in
3136 1993 3229 2047 illa
3265 1993 3348 2047 die
3367 1996 3674 2052 resurrexit.

2061 2062 2201 2134 Quid
2233 2078 2359 2117 vero
2386 2062 2527 2133 quad
2576 2064 2628 2117 in
2677 2062 2845 2119 Cone.
2890 2064 3214 2134 Gangreusi,
3243 2064 3310 2119 Α.
3338 2065 3399 2120 C.
3433 2065 3544 2121 570
3569 2066 3677 2121 ha-

2061 2132 2197 2198 bito,
2233 2134 2363 2189 Con.
2395 2132 2483 2199 i8,
2519 2135 2678 2189 etiam
2706 2132 3035 2189 anathemate
3058 2138 3334 2205 perculsos
3371 2148 3467 2190 eos
3510 2138 3678 2193 inve-

2061 2205 2273 2279 niamus
2296 2247 2310 2272 ,
2362 2207 2457 2279 qui
2499 2207 2655 2279 vitam
2694 2208 3022 2279 austeriorem
3070 2216 3405 2279 prietexentes'
3437 2207 3534 2262 Die
3564 2207 3680 2263 Da-

2065 2276 2255 2350 ntinica
2274 2277 2536 2350 ‘jejunant
2561 2277 2586 2345 2
2612 2277 2795 2350 Neque
2822 2278 2873 2332 id
2890 2276 3099 2350 mirum
3119 2279 3289 2335 videri
3314 2278 3496 2343 debet;
3530 2295 3675 2350 quo-

2061 2348 2202 2420 niam
2263 2347 2567 2403 Manio/tatis
2613 2359 2659 2403 et
2700 2347 3135 2415 Priscilliauistis,
3186 2351 3274 2420 qui
3330 2347 3675 2406 Dominicam

2057 2418 2264 2488 jejunio
2289 2421 2431 2473 velut
2461 2420 2604 2475 diem
2649 2420 2946 2490 legitimum
2977 2418 3314 2488 statuebant,
3350 2424 3675 2477 communi-

2061 2504 2216 2563 casse
2237 2490 2615 2545 censebantur.
2660 2490 2906 2563 UndeS.
2933 2491 3067 2562 Aug.
3101 2493 3156 2546 in
3188 2491 3288 2563 Ep.
3320 2491 3411 2548 86.
3459 2493 3532 2546 ad
3572 2494 3679 2548 Ca-

2062 2561 2299 2634 sulanutit
2346 2562 2407 2615 de
2452 2564 2652 2633 jejunio
2708 2562 2938 2630 Sabbati,
2983 2561 3114 2625 εἰς..
3148 2561 3351 2634 agens,
3400 2566 3679 2631 ejusmodi

2057 2632 2258 2705 jejuuia
2291 2632 2533 2704 magnum
2560 2635 2893 2700 scandalum,
2926 2644 2979 2689 et
3011 2632 3255 2689 horribile
3274 2636 3535 2705 appellat.

2133 2703 2421 2775 lttipsttrtt,
2464 2720 2661 2775 nempe
2713 2716 3031 2761 tentatorctn
3068 2703 3363 2761 diabolum}

2139 2774 2824 2850 Diviniscopiis_,_'_scilicet
2882 2776 3081 2831 Manna
3129 2776 3197 2832 de
3223 2774 3380 2836 oculis
3424 2779 3677 2850 quotidie

1989 2880 1994 2885 -
2061 2846 2279 2916 depluo.
2307 2846 2474 2918 Exod.
2504 2846 2647 2914 XVI,
2669 2849 2703 2904 4
2729 2859 2775 2902 et
2800 2864 2939 2918 seqq.

2138 2918 2304 2992 Quam
2329 2917 2446 2992 Dei.
2492 2919 2716 2987 Quando
2748 2917 2942 2992 nempe
2976 2918 3216 2989 ingratus
3243 2920 3331 2977 ille
3358 2928 3415 2976 et
3444 2922 3676 2992 gulosus

2061 2990 2295 3061 papulas
2345 2990 2636 3045 identidem
2684 2991 3114 3046 lamentabatur:
3144 2992 3275 3059 Quis
3333 2990 3476 3047 dabit
3527 2994 3679 3049 nobis

2062 3062 2132 3114 ad
2162 3063 2460 3116 vescendum
2483 3078 2661 3117 carnes
2679 3062 2774 3117 .9...
2811 3062 2996 3117 Anima
3018 3072 3194 3116 nostra
3223 3063 3370 3118 arida
3391 3074 3464 3118 est
3490 3080 3509 3118 :
3534 3067 3673 3121 nihil

2061 3132 2528 3206 aliudgrespiciunt
2577 3134 2712 3189 oculi
2756 3134 2917 3189 nostri
2964 3135 3061 3189 nisi
3114 3133 3262 3190 Man.
3307 3133 3501 3206 Nam,
3553 3136 3627 3193 XI
3656 3178 3674 3205 ,

356 3203 617 3278 tuendum
651 3202 789 3259 Nunc
813 3215 1027 3278 censet:
1056 3203 1205 3278 quod
1227 3202 1493 3278 saneipsa
1518 3205 1654 3258 ratio
1682 3205 1958 3278 postulare
1984 3214 2030 3278 α
2061 3203 2097 3258 4
2124 3213 2180 3278 et
2204 3202 2255 3259 6.

357 3274 590 3340 videtur,
620 3276 915 3345 praesertim
943 3275 1086 3345 quod
1118 3275 1162 3328 is
1193 3274 1531 3329 librariorum
1574 3290 1727 3330 error
1764 3277 1819 3330 in
1841 3274 1959 3331 aliis

361 3360 574 3415 quoque
629 3348 843 3413 scriptis
888 3360 1257 3416 smpenumero
1307 3361 1589 3402 occurrere
1639 3347 1842 3414 soleat,
1903 3354 1960 3403 ut

358 3419 526 3488 critici
564 3419 866 3488 perhibent.

435 3486 613 3544 Enim.
672 3489 824 3545 Facit
876 3489 992 3544 hare
1052 3488 1342 3560 particula,
1404 3498 1462 3542 ut
1524 3490 1958 3553 emendationem

363 3559 512 3613 Junii
573 3562 826 3630 probem;
873 3576 991 3631 qua:
1037 3559 1179 3616 enim
1226 3560 1361 3615 alias
1426 3561 1733 3631 conﬂictatio
1789 3564 1959 3616 carnis

363 3640 412 3704 et
459 3633 691 3700 spiritus,
749 3632 793 3686 si
842 3647 946 3686 non
987 3646 1123 3702 opus
1151 3641 1233 3687 est
1259 3632 1461 3703 publica
1486 3632 1575 3685 illa
1605 3634 1959 3704 confessione?

364 3702 633 3757 Caeterum
683 3711 860 3758 autem
920 3719 984 3757 ex
1054 3706 1156 3759 hoc
1220 3706 1339 3773 ipso
1392 3718 1557 3773 prope
1610 3702 1960 3772 indueortut

365 3774 621 3840 credam,
660 3774 1055 3830 confessionem
1111 3775 1260 3829 illam
1323 3784 1447 3829 tunc
1501 3777 1795 3844 temporis,
1851 3791 1957 3829 non

363 3846 672 3914 generalem
696 3848 972 3912 duntaxat,
990 3845 1085 3901 sed
1118 3847 1475 3917 particularem
1501 3861 1736 3916 quoque,
1767 3848 1956 3902 saltem

363 3927 707 3986 peccatorum
755 3920 887 3973 alias
922 3918 1033 3987 jam
1095 3919 1293 3989 publice
1354 3927 1705 3989 patratorum,
1756 3918 1956 3983 fuisse;

405 4004 483 4061 um
514 3991 653 4061 enim
694 3991 825 4044 altas
846 3991 901 4044 in
932 3992 1021 4044 illa
1060 3990 1345 4047 difﬁcultas
1380 3989 1613 4046 fuisset?
1642 3989 1776 4046 Vide
1798 4005 1958 4061 supra

428 4069 497 4113 ot.
527 4060 853 4114 Delictorum.

440 4128 849 4197 Can/lictatione,
892 4133 928 4188 i.
973 4148 1023 4188 e.
1064 4134 1403 4202 ntarti/icatia,
1435 4149 1555 4203 qua:
1591 4149 1655 4189 ex
1703 4134 1789 4187 illa
1845 4135 1958 4203 ipsa

368 4203 746 4273 conflictatione
772 4218 988 4272 gravem
1017 4216 1219 4257 naturae
1243 4212 1439 4259 nostra:
1469 4205 1767 4259 molestiam
1799 4208 1956 4274 parit;

369 4290 489 4327 caro
519 4277 657 4328 cnim
687 4275 992 4344 concupiscit
1017 4277 1257 4328 adversus
1278 4276 1532 4343 spiritum,
1557 4276 1765 4340 spiritus
1792 4290 1959 4330 autem

371 4345 613 4401 adversus
632 4351 980 4414 carnent;lttec
1000 4348 1132 4401 enim
1161 4346 1256 4400 sibi
1284 4346 1495 4399 invicem
1519 4346 1872 4413 adversantur,
1891 4347 1959 4402 ad

371 4419 489 4475 Gal.
514 4420 579 4485 V,
614 4421 702 4474 17.
733 4420 951 4492 Utrique
966 4423 1108 4477 enim
1136 4420 1432 4475 humiliatio
1447 4419 1542 4492 ista
1556 4420 1956 4489 gravisaccidit:

369 4493 807 4564 spirituiquidem
831 4489 899 4549 ob
924 4497 1154 4548 nativam
1181 4508 1331 4547 suam
1372 4489 1704 4564 nobilitatem
1740 4506 1801 4545 ac
1819 4506 1959 4561 prae-

370 4562 645 4629 Statiliam,
678 4566 786 4619 imo
799 4572 852 4619 et
870 4565 1103 4620 innatam
1123 4581 1189 4620 ex
1216 4571 1439 4633 peccato
1456 4562 1760 4631 superbiam
1781 4581 1792 4613 :
1812 4564 1957 4617 carni

368 4649 499 4688 vero
527 4637 597 4689 ob
637 4638 868 4690 nativam
896 4650 1045 4689 suam
1078 4636 1346 4699 inertiam,
1376 4647 1666 4702 generosos
1696 4635 1961 4702 ejusmodi

366 4720 529 4761 ausus
561 4706 943 4777 refugientem;
973 4720 1095 4759 nam
1118 4716 1171 4761 et
1196 4705 1260 4759 ad
1290 4704 1394 4777 ltus
1409 4703 1628 4777 _spiritus
1640 4705 1962 4777 quandoque

369 4788 639 4847 promptus
659 4773 761 4842 eit,
791 4792 910 4831 cara
932 4785 1100 4847 autem
1123 4777 1346 4847 inﬁrma.
1378 4773 1566 4831 Matth.
1586 4817 1601 4846 ,
1640 4773 1840 4845 XXVI,
1869 4773 1958 4833 Μ.

445 4845 864 4903 Consecuturum.
931 4845 1021 4902 Sic
1098 4846 1239 4901 enim
1318 4847 1601 4914 Christus,
1674 4849 1724 4901 in
1782 4860 1964 4905 monte

367 4921 702 4990 praedicans,
749 4918 920 4991 beatas
959 4932 1054 4991 eos
1094 4917 1260 4987 dixit,
1302 4920 1390 4991 qui
1437 4920 1826 4990 persecutionem
1867 4940 1959 4991 ραι

372 4988 566 5045 tiuntur
587 4998 795 5062 propter
810 4988 1088 5062 justitiam,
1114 4988 1351 5057 quoniam
1367 4988 1599 5062 ipsorum
1627 5001 1698 5045 est
1730 4988 1963 5062 Regnum

370 5060 833 5134 cazlarumaBeati
876 5061 995 5114 estis
1023 5060 1041 5133 (
1068 5063 1145 5117 sic
1173 5063 1344 5133 pergit
1366 5060 1405 5134 ),
1459 5079 1571 5115 cum
1610 5060 1963 5118 maledica-int

370 5133 530 5194 vobis,
551 5141 595 5184 et
624 5132 841 5186 dixerint
869 5148 1016 5186 omne
1035 5132 1226 5188 malum
1247 5132 1512 5188 adversum
1544 5150 1647 5203 vos,
1675 5143 1778 5188 etc.
1823 5135 1960 5188 Gutt-

372 5204 483 5276 dele
513 5215 559 5256 et
584 5205 807 5276 exultate
827 5244 840 5266 ,
870 5206 1110 5273 quoniam
1154 5222 1342 5260 merces
1380 5215 1543 5260 vestra
1588 5206 1795 5276 capiosu
1817 5216 1886 5258 est
1906 5208 1959 5261 in

370 5275 533 5349 cretis;
554 5275 629 5327 sic
653 5275 785 5349 enim
815 5279 1188 5349 persecutisunt
1211 5276 1520 5349 Prophetas,
1548 5289 1650 5331 etc.
1676 5277 1954 5349 illati/1.,V,

372 5345 443 5400 10
480 5356 533 5399 et
560 5360 709 5419 seqq.
738 5345 912 5416 Atque
932 5348 1035 5403 hoc
1063 5358 1145 5403 est
1166 5389 1180 5413 ,
1213 5345 1354 5419 quod
1388 5349 1584 5403 Paulus
1614 5357 1667 5401 et
1696 5347 1961 5404 Barnabas

368 5425 480 5469 tam
502 5417 727 5472 sollicite
753 5420 863 5473 suis
900 5417 1637 5475 inculcaruntdocumentum
1665 5438 1676 5473 :
1707 5421 1958 5487 Quoniam

369 5502 461 5555 per
504 5490 689 5563 multas
724 5491 1074 5546 tribulationes
1101 5491 1499 5563 (lentationcs)
1528 5501 1722 5560 oportet
1754 5508 1844 5546 nos
1871 5493 1956 5546 iu-

370 5566 513 5636 trare
532 5562 585 5636 in
606 5576 823 5636 regnum
842 5579 952 5636 nat.
980 5562 1154 5636 Aliqui
1183 5563 1427 5636 credunt,
1454 5563 1835 5636 a'fertullianu
1854 5579 1960 5636 Apo-

365 5630 473 5704 tius
503 5630 587 5706 hic
606 5631 741 5706 illud
770 5633 983 5700 Matth,
1016 5630 1161 5703 XIX,
1192 5635 1285 5703 20,
1322 5636 1545 5706 respici:
1580 5634 1734 5689 Dives
1762 5630 1964 5704 difﬁcile

364 5703 577 5777 intrabit
599 5704 651 5755 in
669 5720 881 5777 regnum
905 5706 1166 5761 caelorum.

426 5775 483 5850 ηᾼ
504 5775 763 5845 ιαυαεγᾰ,
804 5793 899 5834 seu
930 5786 1044 5850 post
1074 5778 1349 5850 lavacrum.

441 5847 697 5925 Jejunare
724 5847 940 5923 oportet;
990 5849 1139 5907 Sicut
1180 5850 1434 5908 Christus
1481 5862 1590 5906 non
1654 5856 1821 5920 ante,
1862 5849 1956 5905 sed

2135 3275 2352 3347 Aquam,
2386 3277 2420 3330 i.
2453 3291 2504 3332 e.
2533 3276 2864 3347 Baptismurn
2903 3291 3057 3331 suum
3088 3277 3141 3332 in
3167 3276 3421 3334 Jordane.

2103 3346 2253 3430 'Dei.
2321 3348 2445 3403 Haec
2500 3346 2623 3403 vos
2655 3351 2847 3405 merito
2894 3348 3220 3420 redundare.
3248 3351 3362 3405 visa
3416 3347 3524 3406 fuit
3566 3349 3669 3406 Ju-

2062 3433 2173 3473 n10.

2147 3488 2327 3545 Verba.
2376 3489 2496 3545 Non
2545 3491 2603 3546 iu
2626 3491 2735 3545 sola
2780 3507 2911 3561 pane
2950 3492 3068 3546 vivit
3118 3491 3289 3557 homo,
3322 3492 3411 3547 sed
3448 3493 3675 3549 inomni

2062 3562 2231 3636 verba,
2258 3563 2397 3633 quod
2426 3561 2650 3636 procedit
2678 3564 2740 3636 de
2764 3579 2849 3617 ore
2875 3578 2982 3636 aut.
3012 3562 3200 3636 Matth.
3213 3605 3226 3628 ,
3269 3562 3337 3617 IV
3356 3602 3371 3628 ,
3414 3565 3469 3619 4.
3501 3566 3671 3636 Atqui

2062 3632 2180 3687 lnrc
2208 3635 2470 3688 sententia
2509 3649 2539 3689 a
2578 3634 2792 3690 Christo
2817 3650 2887 3690 ex
2920 3635 3072 3689 Deut.
3091 3634 3204 3689 Vill
3226 3670 3240 3698 ,
3268 3637 3323 3701 3,
3355 3636 3462 3690 huc
3516 3632 3673 3690 tra'n.

2063 3704 2199 3758 stata
2239 3706 2447 3777 fuerat,
2500 3706 2587 3760 ubi
2641 3705 2851 3777 Moyses
2913 3705 2977 3761 ad
3032 3707 3323 3776 populum,
3402 3707 3673 3763 beneﬁcia

2064 3791 2182 3842 DEI,
2207 3784 2258 3830 et
2287 3776 2606 3831 altlietianes
2650 3776 2825 3832 eidem
2871 3777 2922 3831 in
2958 3777 3177 3833 deserto
3222 3778 3479 3843 immissa,
3512 3792 3673 3832 eam-

2062 3862 2402 3920 rttetnorans:
2458 3847 2648 3920 Aﬂlixit
2694 3858 2750 3920 te
2802 3848 3035 3920 penuria,
3082 3858 3128 3903 et
3188 3849 3326 3902 dedit
3364 3849 3454 3902 tibi
3498 3851 3674 3904 cibum

2064 3915 2301 3992 Manna;
2439 3915 2812 3974 ut'ostenderet'
2845 3919 2935 3973 tibi
2959 3961 2973 3986 ,
3005 3915 3142 3992 quod
3169 3936 3270 3974 non
3309 3921 3361 3973 in
3396 3922 3508 3992 solo
3536 3934 3677 3990 pune

2061 3990 2192 4043 vivat
2246 3993 2413 4053 homo,
2474 3992 2562 4045 sed
2615 3992 2667 4045 in
2715 3993 2852 4045 omni
2908 3990 3087 4053 verba,
3139 3992 3275 4061 quod
3307 3991 3567 4061 egreditur
3606 3995 3673 4047 de

2063 4078 2150 4117 ore
2199 4078 2317 4134 aut.
2347 4066 2524 4134 Atque
2566 4062 2680 4117 hate
2711 4073 2791 4118 est
2817 4062 2903 4134 illa
2945 4064 3113 4134 ﬁgura
3155 4062 3404 4134 lst'aelis,
3446 4078 3510 4134 es
3563 4079 3669 4134 qua

2064 4150 2230 4207 supra
2277 4132 2468 4189 Noster
2497 4132 2625 4207 dicit
2645 4176 2658 4197 ,
2693 4132 3134 4204 exprobrationem
3160 4148 3191 4188 ει
3220 4133 3436 4189 Christo
3464 4133 3517 4188 in
3551 4132 3668 4190 dia-

2064 4206 2150 4260 bol
2161 4205 2245 4259 uti]
2275 4215 2511 4259 retartant
2559 4205 2745 4260 fuisse.
3512 4218 3531 4231 ’

2136 4276 2298 4330 Elidi.
2346 4279 2571 4346 Elegans
2611 4274 2953 4348 metaphora!
3023 4275 3165 4330 Elidi
3214 4284 3393 4332 autem
3447 4280 3672 4347 proprie

2063 4348 2353 4415 dicuntur,
2401 4349 2593 4417 quibus
2648 4363 2797 4402 venae
2846 4347 2967 4402 colli
3020 4348 3483 4419 majores.(_qua!
3528 4350 3671 4405 alios

2064 4421 2193 4487 liste,
2212 4490 2225 4492 4
2253 4416 2457 4475 Grtccis
2505 4423 2820 4492 cfpdytfl§€;_
2840 4416 3117 4492 appellari
3151 4419 3325 4492 solent
3345 4416 3392 4490 )V
3416 4418 3669 4492 incidun-

2064 4502 2171 4546 tur.
2204 4490 2293 4546 Sic
2314 4494 2456 4546 enim
2502 4488 2693 4545 Celsus
2719 4491 2757 4544 l.
2791 4488 2874 4543 ιγ
2931 4491 2994 4544 de
3020 4506 3076 4544 re
3113 4488 3351 4553 medica,
3378 4506 3424 4544 c.
3477 4491 3528 4557 1,
3554 4493 3663 4546 ait:

2067 4563 2200 4618 Sunt
2250 4573 2418 4617 autem
2470 4564 2596 4627 lisse,
2649 4569 2769 4615 teste
2823 4558 3048 4626 Donato,
3101 4577 3237 4615 vente
3278 4562 3499 4632 majores
3542 4572 3673 4631 gut-

2067 4636 2215 4701 turis,
2244 4635 2422 4705 quibus
2444 4632 2717 4688 intersectis
2735 4632 2930 4687 unimal
2951 4634 3218 4705 confestim
3245 4634 3510 4705 quatitur;
3530 4637 3676 4688 unde

2066 4703 2278 4772 elisum,
2307 4706 2440 4775 quod
2467 4722 2529 4760 ea:
2549 4705 2639 4759 tali
2663 4720 2843 4760 caussa
2866 4703 3118 4759 mortuum
3142 4713 3233 4759 est.
3253 4703 3323 4758 Et
3342 4704 3420 4759 sic
3446 4703 3515 4759 de
3542 4706 3673 4760 aliis

2067 4793 2280 4848 quoque
2310 4778 2543 4832 violenta
2574 4784 2758 4848 marte;
2785 4775 3008 4848 sublatis
3029 4812 3042 4838 ,
3072 4790 3175 4848 eos.
3206 4775 3355 4830 elisos
3383 4790 3505 4848 esse
3531 4776 3674 4831 dici-

2066 4845 2207 4917 mus,
2239 4859 2295 4902 ut
2324 4848 2614 4904 Suetonius
2642 4849 2695 4900 in
2722 4845 2976 4918 Caligula,
3007 4863 3053 4900 c.
3102 4846 3190 4912 26,
3227 4847 3389 4918 dicit:
3420 4845 3676 4918 Elisuque

2067 4931 2182 4974 sunt
2193 4914 2292 4992 per
2312 4937 2426 4975 eum
2445 4914 3037 4992 ttunttltumjl)amplius
3049 4914 3674 4992 equitesARantani..Quin

2067 4979 2225 5063 etiam
2248 4991 2677 5063 wgritudineelidi
2704 4979 3147 5063 Tullius/fuscat.
3174 4990 3290 5057 QQ.
3393 4987 3452 5063 V,
3479 4979 3673 5053 habet.

2142 5061 2370 5118 Natalis.
2422 5062 2516 5116 Est
2560 5063 2703 5117 euitn
2769 5062 3026 5132 lavacrum
3076 5061 3511 5132 regenerationis,
3579 5077 3669 5117 se-

2066 5135 2301 5191 cundum
2370 5134 2495 5189 illud
2564 5133 2758 5189 Christi
2818 5132 2886 5188 ad
2941 5130 3289 5187 Nicodamum
3328 5149 3341 5185 :
3376 5130 3499 5185 Nisi
3549 5136 3673 5203 quis

2063 5207 2463 5279 renatusifuerit
2513 5205 2845 5279 denuo,_non
2896 5214 3072 5279 potasti
3103 5203 3525 5279 viderereguum
3574 5220 3671 5260 DEI

2066 5278 2192 5350 (J0.
2232 5271 2333 5344 lll',
2381 5278 2462 5350 5).
2515 5276 2757 5329 Hominis
2811 5290 2938 5345 ergo
2995 5276 3196 5343 primus
3232 5271 3439 5350 Natalis
3485 5284 3569 5350 est
3601 5290 3675 5332 ex

2064 5344 2246 5413 matre,
2269 5344 2441 5419 quoad
2456 5362 2642 5419 corpus
2661 5344 2961 5401 :secundus
2983 5361 3045 5399 ex
3065 5360 3188 5419 nuo,
3208 5344 3381 5414 quoad
3406 5345 3671 5419 animum,

2063 5436 2184 5491 qua:
2230 5414 2466 5491 mortua,
2494 5414 2590 5489 per
2631 5425 2906 5491 peccatum
2930 5459 2943 5480 ,
2987 5416 3293 5491 renascit_ur_
3325 5430 3420 5485 per
3448 5414 3675 5491 Baptis:

2062 5483 2231 5546 ritum.
2258 5494 2429 5560 Atque
2457 5483 2509 5544 hi
2537 5483 2679 5554 sunt,
2711 5489 2799 5559 qui
2817 5504 2927 5560 non
2954 5503 3016 5542 ea:
3039 5483 3387 5557 sanguittibus,
3416 5483 3553 5556 etc.,
3575 5490 3677 5544 sed

2063 5579 2135 5619 ex
2173 5578 2277 5630 piso
2306 5559 2429 5617 us'rt
2451 5570 2587 5617 sunt.
2617 5560 2794 5630 (Joan.
2814 5559 2835 5614 l
2857 5600 2873 5626 ,
2901 5559 3013 5627 15).

2137 5625 2378 5689 Matrem.
2427 5625 2725 5703 Commode
2778 5625 2868 5685 bie
2906 5625 3146 5688 Ecclesia
3202 5625 3423 5698 intelligi
3454 5641 3675 5703 potest,

2063 5721 2407 5829 ηιᾶωϐειῗτίιῦη
2453 5712 2534 5829 eis;
2568 5702 2888 5770 Jerusalem,
2915 5717 3028 5773 quia
3063 5709 3135 5754 est
3185 5712 3363 5754 ωιτειι
3417 5714 3670 5772 storms,

2065 5795 2096 5829 α
2215 5796 2242 5828 ιι
2272 5818 2284 5829 .
2402 5816 2420 5829 .
2541 5815 2555 5829 ο

2065 5775 2134 5833 ad
2166 5776 2284 5832 Gal.
2311 5775 2377 5831 ιν
2402 5816 2420 5844 ,
2467 5776 2555 5831 17.

2139 5840 2427 5904 Fratribus.
2482 5846 2610 5905 Nos'
2637 5855 2803 5902 autent
2852 5856 3122 5914 ruamus,
3177 5840 3458 5897 secundum
3508 5841 3682 5904 Isaac
