3940 6288
232 368 373 430 1205
1076 407 1103 424 ς

235 488 588 561 promissionis
610 502 742 561 rit.“
767 502 962 545 simius.
989 486 1068 543 Ib.
1100 505 1150 543 v.
1181 488 1274 544 28.

306 561 539 616 Peculia.
578 560 693 616 Non
750 562 1079 631 temporalia-
1105 571 1309 616 tantum
1341 601 1358 626 ,
1412 558 1507 615 sed
1545 557 1837 630 spiritualia

234 633 488 698 maxime,
518 647 669 686 novae
699 632 822 687 huic
868 635 989 687 vita:
1012 631 1374 689 sustentanda?
1397 632 1720 695 necessaria,
1743 638 1833 682 aut

233 704 371 760 mire
396 702 768 758 conducentia.

307 776 553 844 Apertum
580 785 651 827 est
681 773 838 830 vobis.
882 771 1072 828 Matth.
1126 771 1249 839 VIl,’
1282 774 1347 831 10
1385 782 1435 829 et
1487 788 1624 844 seqq.
1684 770 1828 844 Tan:

233 842 466 917 denique
493 845 563 902 ibi
607 844 854 903 Christus
895 845 1150 916 subiicit:
1178 844 1241 902 Si
1271 860 1389 917 ergo
1417 860 1503 899 vos
1523 842 1689 908 ,sunr
1707 842 1831 896 mali

1307 368 1655 432 APPENDIK
1692 359 1951 439 QUINTA
1973 410 1988 439 ,
2032 362 2497 428 DISSERTATIO.

1859 485 1912 546 Α
1938 485 2069 551 sitis,
2114 488 2267 541 nostis
2321 486 2452 539 bona
2479 483 2601 537 data
2643 480 2766 537 dare

3402 356 3544 421 1206

2805 480 2926 551 [iliis
2971 479 3149 537 vestris
3169 521 3184 549 ,
3213 489 3404 551 quanto
3431 497 3543 534 ma-

1938 559 2015 627 gis
2036 550 2211 612 eum
2229 566 2404 620 vester,
2428 555 2514 627 qui
2542 554 2740 627 iacietis
2757 563 2849 627 est,
2870 553 3006 608 dabit
3021 552 3151 607 bona
3163 550 3446 627 petentibus
3466 568 3539 605 se.

2011 628 2325 683 Peccatoris.
2374 622 2585 696 Inéigne
2632 625 2949 680 humilitatis
3008 622 3314 694 specimen!
3368 626 3540 696 Quam

1937 709 2112 754 autem
2142 701 2276 753 alius
2301 714 2330 753 a
2361 714 2419 753 se
2450 692 2566 767 ipso
2618 696 2980 752 Tcrtullianus
3003 737 3019 762 ,
3041 692 3324 767 deinceps
3384 692 3541 767 Man-3

1934 771 2040 879 iani
2085 771 2181 879 sui'
2210 771 2393 843 spiritu
2445 763 2596 838 ('non
2654 768 2857 839 afflatus
2904 768 3106 839 utique,
3159 763 3274 822 sed
3306 763 3542 838 inﬂante)

1961 856 2147 879 ..ηιρηα

1935 849 2149 899 tumens
2169 849 2182 896 t

1297 1076 2373 1203 DISSERTATIO
2419 1170 2450 1214 ,

230 1309 341 1374 DE
387 1305 882 1373 AFFINITATE
924 1305 1172 1369 INTER
1198 1301 1667 1367 BAPTISMUM
1710 1300 1813 1360 ET
1858 1297 2304 1361 POENITENT
2312 1298 2488 1373 IAM,
2566 1298 3002 1375 SEQUENTlS
3085 1300 3302 1363 LIBRI
3386 1301 3545 1366 AU-

1064 1406 1367 1482 THORE,
1408 1404 1514 1465 ET
1544 1400 1901 1465 EIUSDEM
1944 1398 2249 1462 SCRIPTI
2294 1399 2696 1464 TEMPORE.

305 1562 348 1617 I.
390 1560 682 1633 Postquam
719 1574 847 1632 ergo
876 1558 1197 1616 Tertulliani
1241 1557 1449 1612 Librum
1473 1554 1536 1610 de
1564 1551 1827 1621 Baptisnto

226 1654 587 1720 absolvimus,
611 1667 718 1708 non
741 1662 891 1710 recto
944 1652 1162 1724 quidem
1208 1661 1263 1706 et
1313 1647 1588 1705 communi
1636 1645 1829 1701 Sacra-

224 1744 542 1806 mentorum
565 1736 874 1805 nostrorum
901 1746 1109 1813 ordine,
1140 1754 1376 1800 attamen
1405 1757 1578 1813 neque
1607 1756 1698 1812 per
1720 1738 1827 1794 sal-

1933 1557 2236 1602 mcntorum
2271 1547 2424 1617 primi
2448 1588 2461 1611 ,
2494 1557 2548 1602 et
2577 1563 2698 1602 cum
2731 1546 2917 1618 primis
2948 1550 3267 1616 necessarii,
3291 1550 3534 1622 junuam,

1933 1643 2206 1714 ingressus
2232 1652 2396 1713 patet.
2446 1642 2517 1696 At
2554 1658 2684 1698 vero
2731 1642 3053 1699 Pmnitentia
3101 1642 3403 1699 adhibenda
3451 1654 3537 1699 est

1936 1738 2003 1792 ad
2036 1737 2263 1796 delenda
2307 1746 2525 1807 peccata
2572 1736 2829 1803 actualia,
2875 1750 2939 1791 ac
2984 1736 3252 1806 prmeipne
3293 1753 3386 1803 ea,
3419 1753 3539 1809 qua:

226 1852 338 1896 tum
358 1881 375 1909 ,
402 1839 471 1897 ad
497 1839 739 1910 ejusdem
766 1838 978 1893 Librum
1005 1840 1069 1894 de
1088 1810 1437 1902 Pasnitentia,‘
1466 1810 1665 1904 pariter
1694 1830 1834 1885 notis
1863 1810 1910 1870 Β
1941 1839 2059 1901 post
2086 1829 2415 1901 Baptismum
2447 1830 2700 1901 deinceps
2726 1829 3011 1885 commissa
3043 1837 3187 1886 sunt.
3215 1828 3273 1884 2°
3330 1829 3538 1885 ratione

228 1934 556 2005 quibusdam
584 1932 984 1997 illustrandum,
1010 1929 1320 1989 deferimur;
1346 1941 1469 1981 nam
1493 1933 1547 1980 et
1596 1925 1710 1992 ipse
1727 1922 1835 1977 Au-

224 2021 354 2076 tltor
372 2019 715 2075 Sacramenta
732 2016 1070 2082 intermedia,
1090 2013 1544 2083 Conﬁrmatiouent
1557 2016 1610 2065 st
1622 2007 1833 2062 Eucha-

165 2128 175 2136 ’
220 2113 446 2180 ristiam,
468 2127 572 2167 non
590 2112 806 2183 penitus
822 2111 1095 2177 transiliit,
1115 2108 1210 2166 sed
1229 2104 1607 2177 illam’qnidem
1628 2103 1679 2159 in
1698 2103 1836 2173 prio-

221 2206 298 2262 ris
311 2205 398 2261 sui
410 2204 559 2260 Libri
575 2204 704 2277 Cap.
720 2203 788 2260 Vl
802 2213 859 2261 et
870 2201 1123 2259 Vll'velut
1135 2200 1405 2273 quoddam
1421 2198 1672 2271 Baptismi
1687 2211 1835 2253 com-

222 2298 583 2369 plemeutum,
641 2297 783 2354 haud
819 2297 1184 2369 perfunctorie
1217 2294 1468 2351 tractavit
1507 2293 1681 2348 :hanc
1706 2305 1832 2347 vero

223 2390 360 2463 Cap.
390 2389 513 2447 XVI
539 2391 635 2465 (ut
662 2390 733 2446 ibi
757 2388 1099 2462 notavimus)
1129 2389 1319 2445 saltem
1354 2386 1756 2457 leviterattigit.

298 2484 366 2540 ll.
415 2483 515 2539 Est
559 2492 737 2540 autem
786 2494 1049 2554 prmterea
1092 2480 1385 2553 singularis
1413 2479 1658 2550 quaedam
1686 2520 1701 2544 ,
1748 2476 1832 2532 vel

224 2578 400 2653 ipsius
429 2577 764 2633 necessitatis
791 2577 1026 2645 ratione,
1046 2577 1187 2630 inter
1214 2572 1541 2644 Baptismum
1571 2579 1624 2625 et
1652 2567 1831 2624 Poeni-

227 2671 441 2725 tentiam
468 2670 758 2725 connexio.
789 2669 920 2725 Cum
952 2669 1096 2726 enim
1126 2665 1572 2724 rerumomnium
1612 2665 1834 2719 Creator

228 2762 380 2818 Deus
406 2760 645 2817 Primum
691 2762 975 2818 Hominem
1009 2763 1060 2817 in
1102 2760 1204 2816 hoc
1237 2761 1576 2823 Lniversum,
1607 2772 1707 2814 een
1738 2772 1834 2829 pa-

229 2852 593 2908 tentissimum
626 2868 775 2909 mare
820 2853 1112 2924 quoddam,
1142 2852 1441 2918 eﬂudisset,
1475 2868 1539 2908 ac
1588 2851 1682 2906 toti
1726 2849 1830 2905 hu-

229 2963 392 3005 mano
408 2950 594 3019 generi
612 2949 869 3021 deinceps
881 2950 1023 3005 velut
1039 2949 1480 3004 Arcltitltalassum
1498 2945 1760 3011 dedisset,
1788 2946 1832 3000 is

227 3056 365 3099 vero
393 3042 567 3098 noxiae
587 3041 896 3113 cupiditatis
926 3056 1037 3097 sua:
1068 3040 1319 3096 fluctibus
1342 3040 1620 3121 abreptus,
1651 3037 1830 3093 navim

148 3123 155 3129 ’
228 3150 386 3192 suam
459 3136 513 3191 in
559 3134 909 3192 durissimum
961 3132 1239 3204 scopulum
1301 3132 1510 3189 Peccati
1563 3130 1830 3203 originalis

229 3228 508 3295 allisissct,
540 3244 603 3284 ac
653 3243 760 3284 non
805 3228 891 3283 sui
926 3228 1119 3299 solius,
1159 3226 1255 3283 sed
1301 3237 1543 3282 nostrum
1590 3224 1829 3280 omnium

230 3321 597 3377 miserrimum
652 3321 987 3392 naufragium
1038 3320 1298 3388 fecisset,
1329 3321 1595 3376 immensa
1619 3317 1830 3376 SALVA-

231 3428 391 3470 'I'OBIS
419 3414 589 3469 nostri
631 3414 863 3469 BONITAS
890 3414 1111 3485 primaut
1131 3414 1287 3469 nobis
1315 3413 1551 3484 porrexit
1580 3415 1828 3482 tabulam,

228 3505 561 3574 Barrtsuuu,
585 3522 687 3577 qua
716 3516 928 3578 arrepta
946 3507 999 3561 in
1022 3515 1231 3577 portum
1259 3507 1446 3563 salutis
1461 3507 1637 3562 denuo
1657 3522 1831 3563 emer-

227 3595 502 3670 g'crcmus.
547 3600 620 3654 At
670 3613 800 3654 vero
843 3615 962 3654 cum
1011 3599 1066 3654 in
1113 3600 1230 3670 ipso
1279 3599 1380 3655 hoc
1429 3610 1579 3671 portu
1605 3600 1831 3670 plurima

229 3690 510 3747 hominum
538 3732 553 3758 ,
607 3692 760 3747 novis
799 3706 987 3748 rursus
1035 3692 1288 3769 fluctibus
1345 3693 1829 3759 iuvolvendorum,

229 3785 510 3857 naufragia
558 3782 737 3840 futura
770 3796 1160 3857 prirnosceret,
1197 3786 1527 3842 labefactata:
1576 3786 1830 3841 nimium-

228 3898 336 3953 que
372 3880 605 3936 instabili
628 3880 889 3936 voluntati
917 3889 1140 3949 nostraa,
1183 3881 1325 3938 idem
1354 3880 1832 3938 Sacramentorum

227 3973 510 4031 Institutor
538 3973 785 4031 Christus
826 3975 1119 4031 secundum.
1146 3985 1259 4047 post
1301 3977 1631 4047 naufragium
1686 3974 1833 4027 tabu-

230 4066 335 4122 lam
364 4083 767 4135 PtENlTENTtMI,
817 4067 974 4123 nobis
1004 4068 1232 4139 projecit
1256 4108 1271 4131 ,
1301 4082 1404 4138 qua
1452 4065 1618 4137 adjuti
1655 4064 1836 4119 denuo

231 4161 286 4216 in
311 4176 559 4217 securum
589 4163 739 4218 littus
765 4170 1131 4217 enataremus.
1159 4162 1333 4231 Atque
1377 4160 1465 4214 hic
1484 4157 1698 4230 quidem
1748 4158 1835 4212 ille

231 4272 520 4313 BAP'I‘ISIIUS
545 4266 627 4314 est
652 4300 667 4325 ,
696 4273 857 4329 quem
888 4256 1053 4313 Cone.
1079 4255 1230 4312 Trid.
1268 4254 1410 4311 Sess.
1447 4253 1588 4322 XIV,
1619 4252 1746 4324 Cap.
1774 4251 1831 4306 2.

230 4352 577 4409 LABORIOSUII
620 4353 884 4422 appellat;
932 4351 984 4406 in
1017 4364 1124 4421 quo
1171 4365 1301 4405 sane
1350 4364 1447 4419 per
1494 4348 1663 4404 ardua
1705 4348 1835 4404 Ρω-

229 4446 475 4503 nitcutia:
514 4459 679 4516 opera
724 4444 1075 4500 vehementer
1102 4441 1488 4498 elaborandum
1519 4451 1621 4506 est,
1650 4449 1710 4496 ut
1740 4440 1835 4496 de-

230 4541 354 4598 licta
407 4554 516 4595 non
560 4539 669 4608 jam
710 4538 889 4592 alieno
940 4550 1200 4608 aquarum
1232 4534 1419 4604 fonte,
1468 4533 1563 4590 sed
1607 4534 1837 4604 propriis

229 4624 437 4688 nostris
469 4629 721 4703 lacryinis
748 4632 1015 4685 eluamus.

304 4724 395 4781 Ill.
430 4723 617 4794 Itaque
641 4737 873 4793 sequens
905 4721 1068 4776 Liber
1098 4720 1259 4791 priori
1306 4733 1372 4774 co
1405 4718 1582 4789 aptius
1622 4732 1652 4773 a
1680 4718 1835 4773 nobis

232 4816 600 4888 subiungitur,
627 4815 771 4886 quod
818 4815 964 4885 prior
1004 4813 1093 4868 ille
1122 4813 1176 4868 in
1226 4812 1397 4883 ipsam
1431 4811 1833 4878 I’muitentiam,

237 4922 489 4985 tanquam
516 4909 963 4981 praeparationem
992 4907 1267 4980 Baptismo
1294 4908 1346 4962 in
1375 4906 1570 4962 adultis
1591 4920 1836 4962 necessa-

239 5005 397 5071 riam,
438 5002 682 5069 desierit,
726 5001 814 5057 hic
838 5017 989 5069 vero,
1021 5000 1211 5055 idonea
1262 5001 1407 5056 velut
1454 5000 1834 5066 commissura,

237 5095 468 5152 eandem
517 5094 676 5149 latius
716 5101 1094 5164 prosequatur,
1124 5101 1179 5148 et
1208 5092 1352 5147 illam
1395 5107 1607 5162 quoque
1654 5089 1835 5146 l’ceni-

240 5176 484 5256 tentiam,
507 5204 629 5260 quas
659 5198 777 5259 post
799 5187 1132 5259 Baptismum
1150 5187 1377 5258 relapsis
1405 5193 1676 5258 superest,
1706 5200 1839 5241 enu—

240 5282 466 5337 cleatius
497 5290 808 5351 pertractat.

312 5372 400 5427 IV.
443 5371 560 5428 Non
598 5387 703 5428 una
732 5381 911 5427 autent
946 5372 1084 5426 inter
1110 5371 1441 5440 Baptismum
1482 5380 1536 5427 et
1566 5369 1841 5427 Pwniten-

242 5463 370 5518 tiam
400 5463 700 5521 differentia
715 5475 817 5521 est.
844 5465 899 5523 1°
928 5464 1145 5535 quidem
1175 5464 1385 5527 ratione
1412 5464 1563 5533 finis;
1590 5473 1673 5519 est
1696 5464 1840 5520 enim

245 5554 553 5624 Baptismus
581 5556 857 5612 institutus
880 5554 1148 5627 prmcipue
1176 5553 1244 5610 ad
1267 5553 1553 5609 delendum
1583 5564 1843 5623 peccatum

245 5647 530 5717 originale,
572 5658 624 5704 et
675 5650 881 5720 reliqua
932 5649 985 5704 in
1033 5647 1233 5705 adultis
1276 5645 1451 5702 eidem
1481 5644 1840 5712 adhaerentia;

245 5738 440 5793 deinde
479 5750 536 5795 ut
582 5756 675 5811 per
716 5742 863 5797 illum
911 5741 1072 5796 homo
1122 5750 1446 5813 aggregetur
1475 5739 1680 5810 Populo
1724 5723 1841 5804 Dat,

243 5829 447 5898 fiatque
487 5832 788 5888 membrum
847 5832 1137 5898 Ecclesiae;
1188 5847 1364 5901 neque
1405 5831 1550 5887 enim
1595 5831 1733 5886 alius
1779 5831 1847 5887 ad

244 5923 491 5983 eamdem
511 5965 527 5996 ,
560 5940 718 5997 quam
747 5940 845 5996 per
875 5928 1013 5986 hanc
1053 5925 1342 5998 Baptismi,
1372 5924 1613 5988 omnium
1651 5924 1847 5987 Sacra-

1938 1926 2192 1995 effectus;
2220 1938 2344 1978 nam
2376 1923 2426 1976 in
2475 1922 2748 1992 Baptismo
2787 1936 2890 1975 una
2934 1936 3055 1977 cum
3104 1923 3259 1993 culpa
3299 1920 3540 1978 aufertur

1938 2029 2153 2087 quoque
2193 2015 2368 2070 omnis
2396 2025 2568 2069 reatus
2596 2029 2790 2084 preme,
2823 2022 2930 2069 tam
2961 2024 3185 2080 wternaa,
3218 2030 3376 2086 quam
3408 2024 3536 2070 tem-

1937 2110 2162 2181 poi-alis:
2193 2108 2533 2166 Ptenitentia:
2562 2118 2738 2163 autem
2770 2108 2943 2179 quoad
2975 2109 3331 2179 posteriorem
3359 2109 3500 2165 hunc
3519 2151 3537 2176 ,

1938 2220 2046 2260 non
2073 2205 2182 2275 jam
2225 2204 2412 2260 eadem
2457 2203 2701 2261 efficacia
2738 2210 2857 2258 est:
2901 2212 3146 2258 remanet
3189 2204 3332 2259 enim
3376 2219 3534 2274 poena

1937 2299 2251 2369 temporalis
2281 2299 2332 2353 in
2363 2298 2673 2370 purgatorio
2697 2296 3074 2367 persolvenda,
3099 2296 3201 2353 nisi
3229 2297 3279 2352 in
3305 2298 3405 2353 hac
3427 2298 3536 2353 \‘ll't

1937 2405 2036 2462 pro
2068 2391 2297 2461 peccatis
2335 2390 2494 2457 plena
2533 2389 2836 2461 satisfactio
2861 2406 2956 2460 per
2995 2404 3156 2461 opera
3202 2391 3534 2461 paenitentia:

1938 2485 2171 2555 praestita
2200 2484 2377 2540 fuerit.
2396 2485 2453 2540 5°
2481 2483 2691 2540 ratione
2717 2484 3022 2540 intrinsecm
3047 2500 3159 2541 suae
3186 2494 3405 2551 naturaz;
3434 2485 3541 2542 Ba-

1938 2577 2165 2648 ptismus
2195 2577 2337 2633 enim
2366 2579 2784 2649 estregeneratio
2804 2618 2819 2645 ,
2850 2577 3147 2649 spiritualis
3172 2578 3450 2646 nimirum,
3482 2587 3539 2635 ct

1936 2672 2227 2726 secundum
2273 2672 2532 2736 anitnam,
2580 2687 2737 2742 quas,
2783 2672 2922 2727 sicut
2956 2672 3230 2744 generatio
3274 2674 3536 2740 carnalis,

1938 2762 2148 2819 nonnisi
2181 2764 2348 2819 semel
2401 2764 2513 2819 ﬁeri
2561 2772 2756 2833 potest;
2788 2772 2948 2835 atque
2978 2762 3099 2821 ideo
3140 2764 3448 2835 Baptismus
3480 2767 3533 2821 in

1936 2872 2023 2922 eo,
2055 2857 2145 2927 qui
2176 2856 2423 2912 eumdem
2466 2856 2635 2911 semel
2662 2853 2839 2911 valide
2880 2858 3147 2926 suscepit,
3177 2858 3409 2913 reiterari
3436 2873 3536 2913 ne-

1937 2949 2050 3019 quit
2076 2991 2091 3015 ,
2124 2948 2250 3004 hinc
2278 2949 2422 3003 velut
2452 2949 2717 3019 impresso
2742 2948 2973 3018 quodam
3005 2948 3181 3020 sigillo
3200 2991 3215 3016 ,
3246 2950 3536 3006 charactere

1938 3041 2220 3107 videlicet,
2251 3040 2583 3111 obsignatus.
2610 3040 2684 3095 At
2713 3031 3032 3096 Pmuitettlia
3064 3040 3121 3095 lit
3151 3040 3203 3096 in
3248 3041 3414 3097 forma
3436 3042 3535 3111 ju-

1938 3134 2057 3188 dicii
2104 3134 2155 3187 in
2187 3148 2295 3204 quo
2324 3132 2484 3189 homo
2514 3141 2763 3203 tanquam
2793 3149 2939 3201 reus,
2961 3132 3161 3204 'suique
3188 3133 3350 3189 simul
3377 3150 3533 3189 accu-

1938 3233 2098 3292 sator,
2145 3240 2175 3278 a
2214 3223 2423 3279 delictis
2464 3224 2575 3279 suis
2613 3223 2929 3279 absolvitur.
2986 3224 3139 3280 Sicut
3181 3232 3363 3281 autem
3410 3241 3536 3282 reus

1940 3328 2061 3389 post
2096 3332 2293 3372 novum
2326 3316 2596 3387 quodlibet
2625 3316 2911 3385 delictum,
2938 3325 3101 3389 atque
3128 3318 3394 3390 relapsum
3415 3362 3428 3385 ,
3457 3320 3525 3375 ad

1940 3411 2172 3467 tribunal
2203 3411 2496 3466 humanum
2529 3411 2765 3483 pertrahi
2798 3420 2999 3482 potest,
3046 3413 3117 3468 ita
3158 3424 3278 3484 post
3318 3413 3530 3485 Baptis-

1939 3517 2088 3558 mum
2130 3502 2345 3585 lapsus,
2375 3517 2496 3558 cum
2540 3502 2711 3559 semel
2753 3503 3125 3574 pmnitentiam
3152 3506 3291 3576 egit,
3322 3507 3534 3576 eadem,

1939 3611 2062 3653 cum
2108 3595 2286 3651 denuo
2334 3596 2580 3666 relapsus
2626 3595 2816 3665 fuerit,
2865 3596 3025 3654 toties
3069 3596 3243 3655 eidem
3293 3598 3536 3655 iteranda

1941 3700 2060 3760 est,
2091 3690 2319 3762 ideoque
2346 3705 2619 3763 nunquam
2660 3690 2973 3747 charactere
3012 3692 3261 3764 quodam
3289 3692 3542 3766 obsigna-

1941 3793 2058 3850 tur,
2092 3785 2343 3854 quoniam
2390 3798 2492 3839 nec
2532 3783 2898 3840 misericordia
2941 3771 3028 3842 nisi
3067 3784 3323 3858 deinceps
3361 3785 3538 3843 eidem

1938 3875 2260 3933 occluditur.
2311 3875 2374 3930 4"
2428 3875 2636 3931 ratione
2657 3876 3007 3942 necessitatis;
3048 3876 3355 3947 Baptismus
3393 3880 3538 3936 enim

1939 3966 2189 4023 omnibus
2222 3967 2561 4033 hominibus,
2596 3967 2758 4022 etiam
2788 3969 3016 4039 parvulis
3046 3971 3168 4041 (qui
3199 3978 3374 4026 tamen
3404 3986 3539 4028 nua-

1939 4058 2042 4113 nisi
2087 4067 2293 4128 peccata
2331 4058 2575 4130 originali
2608 4059 2938 4130 coinquinati
2984 4060 3153 4135 sunt)
3200 4062 3265 4117 ad
3309 4061 3535 4118 salutent

1940 4153 2281 4209 necessarius
2313 4158 2431 4208 est:
2460 4150 2779 4223 paenitentia
2824 4169 2954 4218 vero
3001 4152 3133 4211 solis
3179 4156 3391 4222 adultis,
3445 4147 3539 4228 qui

1944 4245 2177 4315 peccatis
2206 4246 2420 4318 propria
2454 4245 2761 4317 voluntate,
2795 4262 2891 4303 seu
2929 4256 3085 4319 ante,
3115 4264 3210 4306 seu
3238 4259 3359 4321 post
3399 4248 3539 4322 Bap-

1942 4338 2162 4393 tismum
2210 4337 2552 4408 commissis,
2605 4337 2825 4396 obnoxii
2867 4349 3028 4409 sunt;
3068 4342 3176 4399 hec
3222 4342 3290 4401 de
3334 4356 3541 4415 peccato

1940 4430 2180 4503 originali
2209 4446 2337 4488 vera
2367 4447 2430 4488 ac
2459 4432 2676 4504 proprie
2700 4433 2837 4489 dicta
2873 4436 3190 4505 poenitentia
3209 4476 3226 4503 ,
3268 4436 3364 4492 sed
3399 4453 3540 4492 llOtt-

1941 4523 2041 4580 nisi
2076 4525 2128 4579 in
2160 4522 2336 4581 latiori
2367 4541 2529 4582 sensu
2550 4568 2564 4592 ,
2591 4527 2875 4598 cujuslibet
2904 4529 3158 4584 nimirum
3185 4528 3542 4600 displicentia:

1866 4601 1915 4663 Ι)
1943 4634 2007 4674 ac
2036 4619 2413 4676 detestationis
2440 4620 2567 4676 mali
2598 4620 2864 4693 praeteriti
2885 4663 2900 4688 ,
2930 4620 3014 4693 agi
3043 4629 3237 4692 potest.
3282 4620 3539 4681 Consulto

1941 4722 2116 4769 autem
2147 4724 2411 4784 prtetereo
2441 4716 2573 4770 alias
2603 4696 2968 4783 diﬁ'eren'tias;
3001 4730 3124 4770 cum
3155 4716 3542 4786 impraesentia-

1939 4823 2057 4864 rum
2076 4806 2143 4864 de
2166 4806 2498 4865 Sacramenta
2513 4807 2837 4865 Paenitentia:
2854 4809 3169 4866 abstrahere
3192 4811 3403 4867 animus
3450 4812 3541 4869 sit.

2013 4900 2082 4956 V.
2112 4900 2265 4957 Nunc
2293 4900 2358 4956 ad
2391 4916 2680 4958 AUTIIOREM
2712 4901 2870 4972 hujus
2898 4900 3047 4957 Libri
3075 4902 3398 4959 veniendum
3435 4913 3541 4963 est:

1942 5010 2100 5065 quem
2133 4995 2349 5067 quidem
2391 4994 2764 5050 Tertullianunt
2803 5010 2953 5064 esse,
2995 5010 3154 5051 nemo
3198 5011 3373 5068 neque
3410 4997 3539 5053 olim

1942 5087 2237 5154 dubitavit,
2283 5102 2459 5159 neque
2504 5101 2647 5142 nunc
2689 5086 2919 5142 dubitat.
2967 5085 3116 5143 Unus
3147 5096 3263 5144 erat
3287 5087 3540 5146 Erasmus

1943 5180 2345 5249 Rolerodamus,
2389 5179 2637 5238 eumdem
2686 5179 3012 5235 Tertulliano
3053 5179 3339 5239 detrahere
3374 5197 3542 5240 cenae

1943 5282 2069 5339 tus,
2118 5288 2277 5343 quem
2326 5270 2541 5349 nonnisi
2592 5269 2784 5325 Beatus
2829 5269 3114 5328 Rhenanus
3158 5282 3376 5330 secutus
3419 5282 3542 5338 est,

1944 5374 2171 5437 uterque
2201 5365 2291 5420 uni
2324 5363 2450 5420 huic
2486 5372 2827 5434 argumento,
2873 5365 3004 5420 satis
3041 5365 3224 5436 utique
3267 5365 3539 5434 imbecilli,

1945 5457 2193 5524 innixus,
2242 5456 2364 5529 styli
2402 5457 2698 5513 diversitati.
2750 5459 2927 5529 Atque
2978 5457 3119 5514 hunc
3172 5458 3387 5530 quidem
3435 5476 3541 5515 non

1945 5565 2085 5622 nego
2132 5551 2185 5605 in
2228 5550 2331 5604 hoc
2371 5549 2506 5605 libro
2553 5549 2712 5618 paulo
2760 5547 3073 5620 ﬂoridiorem
3114 5565 3255 5617 esse,
3297 5550 3394 5607 sed
3436 5569 3542 5607 non

1945 5657 2139 5714 magna
2184 5657 2211 5695 a
2262 5641 2639 5713 reliquorum,
2684 5641 2851 5698 etiam
2901 5655 3034 5712 quos
3086 5652 3325 5700 extrema
3375 5643 3544 5700 l‘ertnc

1948 5743 2105 5789 :etate
2141 5732 2388 5803 scripsit,
2435 5731 2777 5797 diversitate,
2808 5742 2857 5788 et
2899 5733 3073 5789 solum
3122 5734 3174 5789 in
3219 5734 3540 5806 quibusdam

1950 5823 2211 5897 allegoriis
2239 5841 2302 5880 ac
2329 5824 2640 5895 metapltoris
2659 5824 2815 5895 paulo
2835 5824 3219 5884 illustrioribus
3234 5826 3357 5883 sita.
3385 5826 3540 5897 Quod

1952 5922 2000 5985 si
2016 5936 2146 5983 vero
2160 5919 2373 5984 similes
2393 5916 2650 5981 ﬂosculos
2664 5933 2732 5981 ex
2743 5917 2862 5984 aliis
2878 5916 3120 5993 ejusdem
3135 5925 3332 5992 arcolis
3349 5926 3545 5998 desero
