3940 6288
349 264 487 327 I207

1768 265 2235 345 mammam

3511 265 3647 324 1908

342 399 478 458 pere
502 396 736 455 vacaret,
762 385 916 443 facile
938 386 1174 458 integras
1211 384 1442 442 corollas
1466 393 1684 442 nectere
1708 376 2031 455 posscmfA
2055 398 2160 455 que
2183 382 2522 441 cohaerentes
2548 384 2821 454 materias,
2843 386 3009 443 variis
3036 387 3367 459 temporibus
3396 425 3414 454 ,
3469 387 3650 442 annis-

419 483 505 538 Ἦ.
553 482 815 538 Cmterum
857 497 919 536 ex
942 482 1057 537 sola
1094 490 1149 537 et
1189 495 1528 552 quacumque
1569 480 1688 550 styli
1729 478 1938 535 discor-

339 575 555 643 dantia,
591 576 690 631 nisi
718 576 981 642 aliorum,
1028 586 1082 631 et
1126 575 1432 647 graviorum
1480 573 1731 645 quidem,
1773 588 1935 644 argu-

341 677 647 724 mentorum
679 666 1000 722 adminicula
1030 676 1378 732 concurrant,
1412 666 1815 721 vix'authorem
1845 680 1936 721 su-

341 771 585 832 spectum
619 761 733 817 fieri
752 803 766 827 ,
796 777 863 815 ne
889 760 1084 826 dicam,
1118 759 1316 830 aliquid
1347 767 1534 814 contra
1564 758 1813 814 eumdem
1842 757 1937 815 de-

338 854 491 910 cerni
516 868 695 923 posse,
723 853 927 923 pridcm
955 868 1173 909 sensere
1201 852 1293 908 alii
1315 852 1531 922 optimae
1560 862 1701 908 notae
1723 852 1932 918 Critici,

338 960 404 1001 ex
438 944 634 1014 quibus
661 944 744 999 vel
777 960 934 998 lllllllll
964 944 1171 999 adduco
1200 943 1530 1000 Guilielmum
1561 945 1810 1012 Caveum,
1843 945 1935 1016 qui

337 1035 395 1090 in
434 1034 568 1089 llist.
589 1035 877 1090 su:12Litcr.
916 1034 1296 1106 l’rolegomcnis
1323 1034 1465 1092 Sect.
1496 1035 1586 1100 IV,
1615 1053 1666 1091 η.
1697 1035 1788 1092 64.
1823 1045 1933 1092 tum

339 1126 557 1182 domum
586 1130 828 1188 νσοιὺσιως
850 1143 941 1183 seu
970 1128 1377 1198 suppositionis,
1400 1137 1773 1199 argumentum
1799 1145 1935 1199 pra:-

335 1218 452 1275 beri
479 1220 572 1284 ait,
598 1221 642 1274 si
666 1221 848 1291 stylus,
871 1221 1119 1290 totiusque
1145 1220 1390 1275 orationis
1409 1230 1695 1289 contextus,
1717 1223 1783 1275 sit
1809 1236 1935 1277 LON-

336 1327 406 1368 cs
434 1326 686 1368 DIVERSUS
714 1311 774 1365 ab
801 1328 858 1365 eo
892 1312 1092 1366 dicendi
1120 1312 1443 1375 charactere,
1475 1327 1573 1382 quo
1609 1312 1662 1365 in
1705 1313 1935 1384 genuinis

336 1403 443 1458 suis
464 1420 583 1458 usus
607 1412 679 1457 est
711 1413 906 1457 auctor.
934 1403 1131 1475 Atquin
1159 1419 1286 1459 vero
1302 1403 1438 1459 adeo
1470 1420 1577 1458 non
1601 1404 1749 1477 longe
1770 1405 1934 1460 diver-

334 1512 449 1551 sum
476 1496 651 1566 quivis
679 1497 863 1569 legens
896 1496 1282 1568 deprehendet,
1312 1506 1369 1553 ut
1396 1498 1571 1567 potius
1585 1508 1781 1568 praeter
1799 1514 1932 1568 pau-

335 1603 429 1646 cas
445 1591 700 1660 quasdam
755 1590 995 1660 phrases,
1029 1591 1187 1663 paulo
1218 1592 1578 1653 excitatiores.
1622 1600 1678 1648 et
1725 1591 1776 1646 in
1813 1591 1933 1647 aliis

335 1679 651 1738 Tertulliani
678 1682 890 1753 scriptis
921 1683 1005 1737 vix
1041 1692 1410 1749 occurrentes,
1443 1682 1628 1737 Afrum
1660 1683 1788 1739 illud
1820 1724 1835 1751 ,
1868 1699 1933 1741 ac

2043 493 2152 549 que
2179 478 2310 551 ipsis
2341 480 2712 551 interpolalas,
2745 481 3165 538 circumduxerit
3213 481 3503 537 calamum.
3557 480 3649 536 Est

2042 570 2187 626 enim
2215 571 2462 642 qumdam
2483 582 2670 643 suapte
2700 582 2891 628 natura
2920 572 3125 630 tristior
3154 582 3247 627 aut
3271 572 3543 637 humilior,
3568 579 3648 626 at-

2040 677 2144 734 que
2171 679 2403 720 exsucca
2428 665 2622 736 magis,
2648 681 2766 736 quae
2787 665 3043 735 juvenilis
3070 680 3286 737 quoque
3343 665 3543 736 ingenii
3568 665 3647 719 vi-

2038 772 2222 829 gorem
2245 758 2375 813 satis
2404 758 2657 814 retundat
2675 768 2838 831 atque
2864 759 3153 830 deprimat,
3180 769 3235 814 et
3255 759 3321 815 ad
3343 774 3503 831 quam
3526 772 3649 815 suc-

2038 850 2250 907 culenta
2270 852 2598 922 caeteroquiu
2631 853 2872 908 virorum
2888 852 3508 924 eloquentiacxarescat
3532 861 3650 908 :cst

2037 950 2215 999 autem
2242 942 2344 997 alia
2375 958 2562 998 rursus
2589 943 2813 1000 materia
2840 945 3057 1000 suavior
3083 986 3098 1012 ,
3133 944 3507 1016 amoeniorque
3536 986 3551 1007 ,
3595 954 3650 998 et

2037 1034 2206 1106 ipsius
2255 1036 2490 1091 auctoris
2529 1035 2688 1106 genio
2736 1035 3211 1102 accommodatior,
3264 1052 3384 1104 qua:
3442 1036 3650 1104 langui-

2038 1128 2160 1183 dius
2190 1129 2516 1200 crcteroquin
2542 1129 2811 1200 ingenium
2837 1129 2971 1185 satis
3000 1130 3240 1185 excitare
3277 1144 3343 1184 ac
3368 1129 3651 1184 stimulare

2047 1232 2209 1293 queat
2241 1241 2254 1277 :
2289 1230 2373 1279 est
2397 1222 2630 1293 denique
2657 1222 2728 1277 ita
2758 1223 2938 1288 vivax,
2966 1237 3031 1279 ac
3056 1222 3330 1277 radiosmn
3373 1220 3650 1292 quidpiam

2035 1314 2362 1381 dill‘undens,
2403 1331 2523 1385 qua:
2544 1314 2865 1371 scribentem
2891 1314 3430 1385 penitusinceudere.
3459 1330 3524 1369 ac
3572 1315 3654 1369 in-

2035 1408 2639 1481 llammarc,quiuetex
2668 1418 2948 1466 senectute
2992 1407 3216 1479 jamjam
3266 1409 3514 1464 cineritia
3559 1409 3653 1462 diu

2036 1502 2346 1573 consopitos
2417 1502 2679 1572 igniculos
2755 1490 3079 1573 quandoque
3151 1500 3413 1556 suscitare
3450 1500 3654 1557 Valeat.

1994 1667 2002 1679 ο
2034 1596 2171 1652 Sunt
2200 1595 2397 1652 deinde
2429 1595 2534 1650 alia
2572 1610 2809 1666 quoque,
2836 1594 3092 1652 scribenti
3130 1594 3350 1650 aliunde
3371 1635 3386 1658 ,
3414 1608 3479 1648 ac
3504 1594 3657 1650 Velut

2036 1704 2134 1759 per
2159 1688 2461 1759 obliquum,
2497 1687 2839 1745 advenientia
2862 1729 2877 1754 ,
2910 1702 3026 1758 qua:
3052 1697 3230 1742 tamen
3257 1686 3323 1742 ad
3352 1686 3473 1757 ejus
3505 1687 3660 1756 iugc-

335 1776 614 1830 concisum
642 1775 1042 1847 eloquiigenus,
1094 1775 1185 1830 uni
1229 1777 1398 1832 ferme
1433 1774 1768 1831 Tertulliauo
1813 1791 1932 1846 pro-
1964 1779 2013 1838 B
2042 1784 2210 1845 nium,
2250 1791 2309 1837 ut
2338 1782 2410 1836 ita
2441 1781 2634 1847 dicam,
2670 1781 3002 1837 alterandum
3023 1821 3040 1848 ,
3073 1780 3396 1852 quandoque
3422 1781 3658 1837 multum

331 1866 534 1937 prium,
569 1867 654 1921 illa
681 1866 874 1922 deinde
899 1869 1021 1939 styli
1053 1868 1195 1921 velut
1217 1868 1460 1937 quaidam
1496 1867 1768 1939 majestas,
1813 1884 1937 1923 sen-

333 1974 599 2029 suumque
618 1960 906 2031 iusing’ulis
928 1976 1093 2031 prope
1120 1960 1298 2016 verbis
1340 1962 1573 2026 ubertas,
1601 1961 1686 2015 illa
1716 1961 1936 2032 grandis

333 2052 658 2122 elaquentia,
689 2067 828 2122 quae,
860 2062 975 2107 utut
1000 2052 1133 2108 dura
1174 2054 1262 2119 sit,
1309 2053 1494 2109 nescio
1533 2053 1802 2125 quomodo
1859 2044 1937 2109 ta-

330 2160 460 2201 men
482 2145 735 2201 lectorem
757 2146 838 2201 vel
863 2145 1082 2200 iuvitqu
1108 2147 1173 2200 ad
1213 2162 1273 2202 se
1324 2162 1515 2218 rapere
1565 2155 1772 2216 potest,
1826 2163 1933 2201 nun

331 2236 516 2294 minus
542 2225 593 2292 in
623 2236 725 2295 hoc
772 2238 909 2293 libro
939 2239 1262 2309 triumphet:
1297 2248 1354 2294 ut
1380 2240 1455 2294 nil
1502 2240 1676 2295 dicam
1702 2239 1771 2294 de
1815 2239 1936 2295 aliis

330 2329 642 2401 phrasibus,
666 2347 729 2386 ex
761 2331 879 2387 aliis
902 2331 1142 2401 ejusdem
1173 2332 1321 2386 libris
1351 2340 1455 2385 tam
1493 2331 1681 2388 sedulo
1708 2346 1933 2401 expres-

332 2424 430 2488 sis,
454 2439 588 2495 quas
613 2425 725 2479 suis
756 2424 889 2479 locis
907 2424 1083 2479 studio
1104 2439 1147 2479 'e
1174 2424 1464 2478 annutabo.

405 2518 515 2572 Vll.
537 2518 758 2573 Fatetur
781 2518 903 2571 dein
928 2517 1042 2587 ipse
1069 2518 1262 2573 Beatus
1293 2518 1581 2575 Rhenanus
1600 2561 1615 2584 ,
1670 2521 1936 2576 authorem

333 2611 492 2681 hujus
515 2609 631 2665 libri
656 2610 817 2664 verbis
858 2618 904 2663 et
950 2611 1126 2681 ﬁguris
1154 2610 1336 2666 iisdem
1363 2612 1456 2677 uti,
1482 2622 1528 2666 et
1554 2614 1778 2684 quisquis
1831 2616 1938 2686 fue-

330 2706 419 2772 rit,
453 2703 781 2774 efusindubie
810 2720 916 2759 esse
940 2703 1136 2770 satculi,
1191 2715 1237 2759 et
1275 2703 1580 2760 Tertulliani
1627 2707 1938 2764 studiosissi-

333 2813 473 2852 mum
508 2797 728 2867 ;quidni
766 2796 893 2853 vero
918 2814 1331 2854 TERTULLMNUM
1360 2798 1582 2869 ipsum?
1622 2801 1743 2872 quis
1792 2803 1934 2856 enim

332 2890 471 2945 alius
498 2890 693 2963 stylum
721 2891 857 2961 ejus,
883 2903 1030 2948 certe
1061 2892 1404 2963 singularem,
1445 2901 1499 2948 et
1516 2893 1601 2946 vix
1629 2909 1660 2948 a
1687 2895 1935 2964 quopiam

331 2982 671 3052 imitabilem,
707 2995 811 3040 tam
839 2987 972 3042 scite
999 2988 1346 3057 expresserit,
1377 2996 1435 3042 ut
1471 2988 1613 3057 apud
1641 2987 1702 3043 S.
1750 2988 1939 3043 Pacia-

333 3095 475 3144 uum,
512 3079 650 3134 Sacc.
677 3078 763 3135 IV.
795 3080 1132 3151 scriptorem,
1167 3096 1462 3151 omnesque
1489 3082 1624 3138 alios
1667 3099 1764 3153 per
1794 3084 1937 3153 plus-

2040 1884 2283 1944 possunt.
2317 1872 2457 1940 Quid
2508 1878 2705 1929 mirum
2754 1874 2916 1944 igitur
2938 1915 2956 1941 ,
2989 1873 3035 1929 si
3064 1890 3237 1945 neque
3286 1873 3663 1930 Tertullianus

2041 1966 2395 2037 undequaquc
2420 1964 2520 2021 sibi
2548 1974 2783 2030 constet,
2806 1965 2922 2033 sed,
2951 1980 3069 2022 cum
3098 1966 3365 2036 primitus,
3391 1967 3519 2023 licet
3539 1967 3658 2036 jam

2039 2060 2289 2115 adultiori
2318 2069 2478 2115 aetate
2502 2101 2518 2125 ,
2551 2075 2610 2116 se
2638 2058 2704 2115 ad
2734 2048 3077 2116 scribendum
3106 2060 3372 2129 contulit,
3403 2062 3661 2117 nonnihil

2039 2152 2285 2208 alacriori
2314 2152 2456 2224 stylo
2483 2167 2610 2208 usus
2641 2153 2824 2220 fuerit,
2856 2152 3112 2223 deinceps
3139 2151 3192 2207 in
3216 2152 3335 2208 aliis
3360 2152 3480 2222 ejus
3502 2154 3664 2209 libris

2039 2243 2284 2299 nonnihil
2316 2244 2487 2315 magis
2516 2243 2849 2310 subsidente,
2874 2243 3173 2315 majorique
3202 2243 3524 2299 eruditionis
3552 2260 3662 2315 ap-

2041 2343 2230 2405 paratu
2280 2345 2526 2390 ornatum
2576 2335 2721 2390 velut
2771 2345 3173 2407 compensante.
3203 2335 3308 2393 Sed
3336 2336 3451 2392 haec
3518 2344 3582 2399 ὡς
3612 2347 3663 2394 ἐν

2041 2433 2581 2501 παράδῳ,‹ιυίιηηυίιιη
2627 2430 2873 2485 nonnihil
2928 2429 3222 2500 prolixius,
3273 2430 3415 2487 dicta
3462 2443 3659 2487 sunto.

2112 2518 2183 2574 X.
2230 2520 2288 2574 Si
2314 2503 2426 2589 jam
2466 2535 2594 2576 vero
2640 2537 2846 2577 TEIPUS
2894 2521 3068 2591 ipsum
3108 2521 3446 2592 scriptionis,
3492 2525 3662 2594 paulo

2040 2613 2394 2686 propinquius
2425 2614 2769 2687 (quamquam
2800 2614 2851 2670 id
2881 2614 3103 2686 praecise
3133 2615 3250 2671 ﬁeri
3275 2617 3529 2691 nequeat)
3556 2618 3662 2674 dc-

2040 2705 2364 2777 signandum
2408 2707 2518 2773 sit,
2552 2707 2623 2762 ita
2651 2707 2877 2776 opinor,
2910 2707 3047 2763 hanc
3076 2709 3454 2764 tractationem
3498 2722 3659 2767 certo

2041 2808 2168 2855 ante
2195 2800 2258 2853 A.
2287 2798 2347 2855 C.
2369 2785 2496 2864 200,
2527 2808 2581 2855 et
2600 2798 2962 2854 verisimiliter
2981 2814 3126 2855 anno
3158 2799 3280 2867 197,
3302 2809 3394 2855 aut
3417 2799 3658 2859 fortasse

2042 2891 2304 2946 maturius
2327 2933 2341 2958 ,
2372 2872 2950 2962 literis'consignatam
2997 2891 3185 2960 fuisse,
3210 2901 3358 2948 certe
3387 2902 3569 2949 autem
3599 2905 3659 2949 et

2044 2981 2233 3051 hujus,
2264 2989 2317 3037 et
2347 2982 2571 3038 alterius
2600 2982 2667 3039 de
2697 2980 2972 3054 Baptismo
2999 2983 3217 3055 scripti,
3259 2992 3473 3056 tempus
3503 2985 3655 3040 haud

2045 3075 2230 3145 procul
2263 3075 2491 3130 invicem
2525 3075 2749 3130 distare.
2808 3067 2815 3074 ’
3126 3080 3137 3095 ’

333 3188 494 3242 quam
523 3173 592 3228 XI
626 3173 830 3230 Saecula
866 3175 931 3229 ad
965 3175 1237 3228 Erasmum
1269 3191 1457 3247 usque,
1482 3176 1708 3246 proipso
1738 3177 1932 3231 Tertul-

2116 3165 2208 3223 Xl.
2241 3166 2322 3222 Au
2343 3183 2469 3221 vero
2492 3167 2686 3221 librum
2702 3168 2773 3222 ’de
2795 3165 3058 3237 Baptismo
3080 3167 3204 3223 huic
3228 3167 3291 3222 de
3319 3166 3650 3235 Paenitentia,

258 3330 281 3341 ὴ
337 3264 477 3319 linito
500 3263 770 3331 fefellerit,
800 3274 854 3321 et
886 3267 1014 3321 nulli
1062 3283 1291 3337 unquam
1343 3283 1408 3322 ex
1447 3268 1568 3338 Styli
1624 3268 1938 3325 diversitate

334 3357 606 3428 quidpiam
638 3357 705 3413 de
736 3359 840 3414 alio
863 3359 1005 3415 Libri
1038 3358 1198 3430 hujus
1223 3359 1448 3415 authore
1470 3360 1764 3415 suboluerit
1788 3360 1812 3416 ?

410 3448 541 3504 Vlll.
599 3449 836 3505 Tandem
893 3466 1023 3522 ergo
1079 3468 1143 3508 ex
1188 3452 1275 3506 illa
1321 3451 1679 3523 qualicunque
1721 3453 1937 3508 demum

334 3543 1002 3616 81)*ιὶ(Ῐίςεωηιηιιιὶτνριυε
1051 3546 1197 3614 argui
1246 3561 1351 3601 non
1392 3561 1551 3616 posse
1600 3535 1885 3602 censemus
1920 3589 1933 3611 ,

334 3651 495 3705 quam
524 3635 936 3703 Tcrtullianum,
965 3652 1086 3693 cum
1110 3638 1283 3693 adhuc
1311 3639 1564 3709 vcgetiori
1596 3651 1742 3694 esset
1781 3648 1938 3694 actate

334 3729 700 3799 vivacior-ique
741 3732 973 3801 ingenio,
1047 3732 1185 3787 hanc
1225 3732 1574 3802 scriptionem
1610 3733 1932 3801 suscepisse.

337 3822 525 3881 Solent
549 3824 689 3878 enim
711 3825 920 3895 ingenia
947 3826 1206 3897 ejusmodi
1246 3825 1446 3883 fervida
1474 3841 1537 3882 ac
1562 3826 1743 3897 agilia,
1768 3826 1939 3882 instar

336 3932 496 3988 apum
517 3933 611 3989 per
637 3918 814 4003 varios
843 3919 1005 3975 liores
1035 3919 1484 3986 circumvolitare,
1514 3928 1676 3992 atque
1702 3934 1769 3975 ex
1808 3918 1939 3976 alic-

338 4010 424 4064 nis
441 4009 600 4064 etiam
626 4003 786 4066 rebus
809 4011 1097 4082 allegorias
1132 4020 1187 4068 et
1233 4011 1577 4079 metaphoras
1626 4027 1888 4085 exsugere
1918 4050 1974 4079 ,.

337 4116 605 4173 suumque
633 4103 683 4156 in
720 4102 902 4158 alvear
916 4110 1275 4172 comportare,
1308 4113 1415 4161 etc.
1432 4106 1579 4161 Solet
1609 4100 1753 4162 item'
1780 4110 1939 4165 aetate

338 4196 540 4250 sensim
556 4196 875 4265 provectiori
902 4195 1184 4252 subsidere
1202 4197 1395 4268 stylus.
1418 4199 1871 4268 temperatiorque
1885 4208 1941 4254 et

334 4286 611 4343 robustior
640 4287 776 4342 ﬁeri.
800 4288 889 4345 Sic
923 4303 1135 4359 quoque
1180 4289 1294 4361 ipse
1342 4288 1628 4345 Oratorum
1681 4288 1939 4363 Princeps

336 4395 563 4437 ἰυιιιοε
595 4378 879 4437 Orationes
929 4397 1055 4437 suas
1093 4398 1189 4453 pro
1228 4380 1296 4437 P.
1338 4381 1599 4450 Quinctio,
1650 4390 1706 4438 et
1751 4381 1939 4440 Roscio

338 4473 581 4529 Amerino
621 4475 867 4546 («piarum
901 4475 1158 4546 priorem,
1188 4460 1539 4544 omniumque
1564 4474 1811 4545 primam,
1837 4492 1937 4533 an-

2042 3272 2111 3313 an
2141 3258 2286 3314 hunc
2319 3259 2416 3324 illi,
2447 3259 2717 3316 scribendi
2744 3260 2956 3327 ordine,
2986 3260 3346 3332 subjunxerit,
3375 3263 3463 3317 vix
3487 3264 3653 3334 quid-

2042 3367 2201 3422 quam
2241 3352 2588 3409 determinari
2627 3362 2820 3424 potest.
2853 3353 3209 3411 Verisimilius
3249 3364 3466 3422 tamen,
3514 3359 3651 3413 mihi

2040 3443 2255 3514 quidem
2332 3444 2573 3513 videtur,
2625 3446 3009 3517 subjunxissc;
3068 3449 3113 3502 si
3162 3448 3307 3504 enim
3355 3447 3503 3505 hunc
3577 3450 3652 3508 de

2042 3536 2363 3593 Poenitentia
2409 3538 2775 3610 praemisisset,
2802 3539 2986 3607 credo,
3002 3540 3056 3595 in
3082 3556 3198 3611 cap.
3220 3540 3395 3596 ultim.
3412 3541 3483 3597 de
3505 3542 3651 3615 Bap-

2040 3630 2222 3697 tismo,
2241 3632 2327 3684 ubi
2342 3631 2409 3687 de
2430 3633 2749 3689 Poenitentia
2766 3633 3038 3703 Baptismo
3054 3633 3224 3689 instar
3239 3635 3651 3706 prmparatiouis

2040 3722 2434 3793 prazmitteuda,
2462 3725 2589 3795 agit,
2618 3725 2776 3796 hujus
2793 3768 2809 3796 ,
2832 3726 3052 3797 ceujam
3070 3725 3195 3781 alibi
3219 3725 3386 3782 fusius
3409 3736 3653 3800 pertrac-

2043 3822 2186 3881 tatae,
2212 3816 2522 3872 nonnullam
2569 3820 2898 3876 mentionem
2938 3818 3202 3876 facturum
3249 3820 3433 3877 fuisse.
3486 3820 3652 3879 Certe

2040 3914 2243 3973 autem,
2275 3907 2326 3963 in
2374 3907 2493 3979 ipso
2538 3908 2774 3967 librode
2800 3911 3096 3982 Baptismo,
3116 3911 3183 3967 ad
3210 3912 3367 3969 finem
3391 3927 3513 3985 cap.
3548 3915 3646 3984 15,

2040 3998 2297 4057 Lectores
2321 4016 2448 4057 suos
2463 4000 2531 4057 ad
2550 4003 2712 4058 alium
2736 4003 2806 4060 de
2817 4003 3008 4061 eodem
3028 4015 3333 4073 tractatum,
3351 4006 3463 4078 jam
3485 4017 3649 4065 antea

2039 4105 2218 4163 graeco
2243 4106 2494 4150 sermone
2515 4103 2813 4163 exaratum,
2837 4096 3067 4154 solerter
3082 4101 3323 4155 remittit.
3362 4099 3495 4169 Quis
3512 4115 3650 4172 ergo

2041 4186 2183 4242 male
2207 4185 2476 4243 videbitur
2500 4188 2708 4258 opinari
2732 4231 2749 4257 ,
2777 4189 2824 4245 si
2866 4192 3144 4248 materiam
3187 4192 3326 4249 hanc
3364 4192 3434 4250 de
3457 4192 3649 4251 Poeni-

2043 4280 2208 4337 tentia
2228 4321 2242 4347 ,
2272 4296 2434 4352 quam
2460 4280 2527 4336 ad
2560 4281 2762 4338 calcem
2792 4281 2917 4340 libri
2962 4283 3032 4341 de
3064 4284 3217 4356 Bapt.
3248 4285 3492 4341 nonnihil
3518 4285 3649 4343 bre-

2041 4374 2161 4430 vius
2208 4375 2635 4445 perstrinxerat,
2683 4390 2825 4432 novo
2872 4377 3140 4447 consilio,
3188 4387 3243 4434 et
3276 4379 3328 4435 in
3380 4379 3646 4449 peculiari

2040 4467 2181 4524 libro
2205 4467 2522 4539 ampliorem
2550 4468 2668 4540 ejus
2708 4470 3079 4526 tractationem
3113 4480 3294 4543 postea
3335 4472 3648 4542 suscepisse

334 4581 460 4635 nos,
492 4574 549 4621 ut
577 4566 645 4624 A.
674 4567 813 4624 Gell.
847 4566 1006 4623 Noct.
1027 4567 1184 4623 Attio.
1240 4566 1334 4621 lib.
1358 4564 1475 4621 XV;
1504 4580 1623 4638 cap.
1660 4568 1751 4624 28.
1806 4584 1932 4638 per.
1958 4565 2014 4627 D
2040 4560 2292 4629 dicatur,
2325 4572 2380 4617 et
2407 4560 2623 4632 quidem
2651 4563 2846 4633 partim
2892 4562 2944 4618 iu
2973 4561 3495 4620 Catechumenorum
3516 4578 3649 4634 gra-

339 4655 510 4724 hibet,
549 4667 704 4715 natus
727 4658 821 4727 26,
853 4659 1078 4715 alteram
1136 4672 1265 4714 mox
1308 4672 1451 4713 anno
1500 4674 1615 4730 scq.
1647 4660 1699 4715 in
1736 4660 1939 4731 judicio

337 4750 570 4819 dixerat)
624 4750 828 4809 floridis
878 4750 1142 4821 ejusmodi
1211 4751 1487 4823 elegantiis
1518 4794 1532 4820 ,
1585 4754 1936 4825 pOSteriorem

334 4844 659 4913 praesertim,
687 4843 927 4900 nonnihil
958 4842 1405 4915 intemperantius
1435 4846 1802 4917 conspersisse
1828 4846 1935 4920 (ni—

335 4937 531 4992 mirum
557 4953 590 4990 a
616 4936 846 5006 Maleae,
871 4936 1059 5022 ultimo
1085 4937 1340 5009 magistro
1361 4952 1480 5004 suo,
1513 4939 1581 4995 ab
1610 4938 1709 4995 hac
1732 4954 1933 4997 sermo-

338 5029 424 5085 nis
453 5026 697 5083 ubertate
722 5026 919 5084 frustra
955 5027 1190 5086 cobibito
1218 5029 1364 5087 illius
1386 5040 1491 5087 tam
1521 5030 1699 5089 vivido
1726 5031 1930 5089 ﬂoren-

335 5123 483 5195 tique
509 5120 747 5193 iugenio)
773 5122 1093 5193 quibusdam
1120 5125 1350 5193 videtur,
1383 5125 1451 5181 ab
1473 5126 1592 5182 aliis
1640 5142 1770 5184 vero
1800 5127 1933 5182 ‘lau—

335 5215 492 5272 datur
515 5214 678 5270 etiam
705 5233 719 5282 ;
754 5232 876 5273 nam
914 5217 1167 5276 adultiori
1194 5221 1393 5277 sensim
1420 5230 1599 5290 aetate,
1632 5231 1932 5294 sponteque

333 5308 527 5367 decido
559 5305 660 5361 hoc
688 5306 876 5367 ﬂorum
906 5321 1098 5368 ornatu
1128 5313 1183 5369 in
1203 5314 1407 5371 fructus
1433 5330 1499 5371 eo
1540 5317 1933 5374 constantiores

331 5397 748 5467 maturescebat,
765 5413 923 5475 atque
942 5405 1088 5462 velut
1104 5406 1536 5464 consolidabatur
1551 5408 1763 5466 virilior
1785 5409 1933 5466 dein-

324 5509 454 5565 ceps
479 5489 804 5559 eloquentia:
832 5498 1068 5565 gravitas
1093 5514 1156 5555 ac
1186 5500 1462 5571 majestas.

394 5582 496 5640 IX.
525 5578 593 5634 Et
620 5581 852 5658 denique
890 5589 1030 5646 haud
1078 5591 1229 5648 facile
1278 5595 1591 5664 scriptorem
1646 5596 1925 5668 quisquam

316 5671 592 5747 reperiet,
617 5677 705 5743 qui
737 5690 998 5751 perpetuo
1023 5683 1121 5739 sibi
1150 5693 1382 5753 constet,
1413 5689 1711 5760 praesertim
1741 5690 1786 5744 si
1815 5706 1920 5748 non

306 5779 416 5826 uno
445 5762 719 5828 continuo
741 5785 906 5838 opere
922 5778 1263 5847 protraxerit,
1293 5779 1387 5836 sed
1435 5796 1530 5852 per
1564 5780 1738 5839 varias
1760 5821 1776 5851 ,
1826 5796 1922 5839 ne-

2040 4655 2198 4723 tiam,
2234 4662 2293 4711 ut
2322 4654 2375 4710 bi
2406 4670 2471 4711 eo
2492 4656 2750 4727 majorem
2788 4656 2857 4713 de
2885 4656 3155 4728 Baptism‘r
3198 4658 3371 4729 pretio
3396 4658 3643 4715 aestima-

2039 4748 2239 4806 tionem
2259 4750 2626 4821 conciperent,
2649 4766 2807 4821 quem
2837 4751 3196 4823 intelligerent
3218 4761 3325 4808 tam
3354 4751 3647 4811 laboriosis

2039 4842 2373 4914 poenitentiae
2435 4843 2692 4914 operibus
2745 4845 3168 4916 comparandum
3216 4845 3380 4902 esse?
3441 4844 3644 4915 Quidni

2037 4948 2169 5006 ergo
2196 4935 2248 4989 in
2276 4934 2358 4991 his
2388 4949 2448 4991 se
2488 4949 2556 4992 eo
2594 4934 2891 4994 ardentiori
2914 4936 3169 5010 deinceps
3200 4937 3380 4995 studio
3416 4954 3649 4997 exerce-

2035 5036 2190 5097 rent,
2222 5036 2281 5085 ut
2309 5036 2416 5085 tam
2444 5029 2663 5100 largiter
2689 5031 3022 5102 propositum
3046 5030 3302 5103 Baptismi
3329 5033 3643 5104 praemium,

2033 5122 2259 5194 ejusque
2284 5124 2512 5194 gratiam
2535 5167 2551 5194 ,
2581 5138 2649 5182 eo
2678 5126 2880 5183 certius
2923 5136 3412 5200 consequerentur,
3459 5142 3646 5200 eoque

2032 5218 2202 5271 tutius
2227 5215 2481 5287 deinceps
2507 5219 2933 5275 conservarent?

2108 5311 2226 5368 XII.
2274 5312 2518 5384 Denique
2559 5312 2699 5369 vero'
2732 5313 3049 5383 praeclarum
3079 5311 3147 5369 de
3184 5312 3286 5368 hoc
3328 5311 3466 5370 libro
3491 5312 3647 5385 judi-

2033 5405 2175 5462 cium
2206 5406 2533 5463 audieudum
2556 5415 2661 5474 est,
2689 5406 2831 5478 quod
2858 5406 2975 5479 ipse
2999 5406 3188 5463 beatus
3208 5405 3528 5475 Bhenanus,
3552 5407 3649 5466 vir

2032 5505 2210 5575 magni
2243 5504 2467 5574 judicii,
2504 5504 2873 5575 in‘praamisso
2919 5503 2987 5559 ad
3026 5502 3272 5560 eumdem
3311 5517 3645 5573 argumento

2030 5595 2188 5661 tulit,
2219 5610 2411 5666 nempe
2453 5596 2885 5653 Commentarium
2933 5595 3067 5651 hunc
3109 5610 3212 5650 esse
3253 5594 3550 5662 eiusmodi,
3583 5607 3647 5653 ut
3698 5610 3709 5617 '

2028 5689 2386 5762 theologicam
2417 5689 2629 5745 debeant
2668 5690 2737 5744 ad
2781 5707 3000 5761 unguem
3049 5688 3296 5752 ediscere;
3335 5703 3457 5743 nam
3486 5708 3642 5763 egre.

2024 5783 2188 5856 gium,
2222 5783 2424 5858 pergit,
2450 5794 2828 5841 monumentum
2854 5792 2927 5841 est
2950 5781 3297 5856 antiquitatis;
3324 5790 3431 5838 tam
3457 5796 3647 5845 sancte
