3940 6288
334 346 479 405 1209

1140 340 1486 401 APPENDIX
1523 338 1801 411 QUINTA,
1845 336 1910 395 IN
1983 332 2370 404 LIBRULLDE
2408 332 2877 391 POENITEN'ILI.

3482 310 3645 389 ’teto

330 466 498 529 docet,
524 471 624 516 tam
648 459 728 531 pie
750 458 948 526 suadet,
974 466 1079 514 tant
1098 458 1344 515 instanter
1365 464 1507 528 urget
1534 471 1641 510 rem
1666 452 1932 509 ecclesias-
1960 449 2177 521 Asigni
2229 455 2416 503 contra
2470 455 2756 505 novatorcs
2817 452 3034 504 nostros
3093 443 3365 512 utilitate,
3416 444 3636 501 modum

330 557 445 612 lica:
465 554 751 624 disciplina:
780 568 1099 624 summOpere
1120 551 1482 615 necessariam,
1506 545 1930 618 exornologesin,

329 650 424 705 hoc
449 658 543 713 est,
571 657 741 701 actum
764 686 780 712 ,
814 654 859 700 et
885 644 1222 699 ministerium
1253 640 1595 697 Paenitentiaa.
1642 638 1803 694 Certe
1829 651 1929 691 au-

327 748 438 797 tem
462 746 523 795 ut
554 738 751 809 passim
780 751 847 793 ex
866 734 1205 792 Tertulliano
1241 733 1440 789 veteris
1471 730 1731 787 Ecclesiae
1759 727 1928 784 tradi-

328 834 505 892 tiones
533 841 588 889 et
615 830 952 902 disciplinam
992 827 1323 885 addiscimus
1346 868 1363 895 ,
1392 826 1464 881 ita
1493 828 1656 880 etiam
1687 821 1773 878 hic
1793 864 1808 891 ,
1841 821 1927 877 in-

2034 539 2259 611 agendae
2294 539 2624 610 poenitentia:
2642 580 2657 605 ,
2681 546 2842 610 prout
2868 552 2932 599 ea
2955 535 3145 607 primis
3171 551 3294 590 mox
3321 534 3559 599 sacculis,
3587 542 3643 591 et

2034 634 2220 703 utique
2253 648 2318 687 ex
2349 631 2659 703 Apostolica
2703 630 3041 687 institutione
3064 671 3079 695 ,
3129 627 3215 699 agi
3258 638 3635 697 consueverat,

2033 726 2256 798 pulchre
2300 725 2579 797 solidequc
2612 724 2891 781 docemur.
2923 722 3028 781 Sed
3064 720 3175 793 .jam
3208 722 3384 793 potius
3424 720 3491 777 ad
3519 736 3633 777 rem

2030 820 2205 892 ipsam
2239 835 2548 892 pergamus.

329 969 3584 1017 Μ

927 1127 1478 1242 LIBER
1529 1127 1770 1242 DE
1820 1127 3107 1246 PIENITENTIA.

322 1332 495 1407 Caput
526 1336 568 1393 I.
613 1338 973 1398 Ptenitentiam
998 1341 1062 1397 de
1084 1341 1234 1396 malis
1262 1349 1481 1409 tantum,
1534 1356 1637 1395 non
1676 1342 1741 1395 de
1786 1339 1928 1396 bonis

397 1430 654 1501 operibus,
687 1450 792 1490 esse
818 1444 1069 1507 aporlere.

322 1519 389 1578 Il.
439 1522 623 1580 Veram
653 1524 1014 1584 Paenitentiam
1039 1543 1167 1597 esse,
1191 1543 1305 1600 qua:
1329 1527 1392 1584 de
1417 1526 1588 1598 malis,
1614 1538 1701 1583 seu
1721 1524 1929 1594 offensis

398 1630 512 1683 DEI,
554 1626 649 1672 est.

323 1708 410 1766 Ill.
457 1710 533 1767 De
561 1713 795 1770 omnibus
836 1715 1057 1788 peccatis
1080 1759 1096 1785 ,
1142 1732 1230 1772 seu
1277 1716 1537 1785 externis,
1566 1732 1655 1771 seu
1684 1731 1818 1773 mere
1842 1715 1926 1772 in-

397 1804 565 1861 ternis
586 1847 601 1872 ,
656 1809 1005 1879 paenitentiam
1034 1810 1285 1881 agendam
1316 1825 1442 1865 esse.

325 1895 416 1954 IV.
454 1884 772 1956 :4dltortatur
813 1903 882 1956 ad
931 1902 1293 1959 Paenitentiam
1347 1902 1785 1975 amplectendam,
1825 1910 1929 1957 tant

395 1993 732 2047 necessariam
759 1993 1166 2065 delinquentibus
1181 2035 1197 2062 ,
1228 2010 1383 2068 quam
1407 1994 1606 2049 utilem.

324 2083 394 2141 V.
427 2084 794 2143 Paenitentiam
815 2089 956 2144 novis
985 2089 1204 2159 peccatis
1227 2104 1327 2143 non
1355 2086 1744 2153 obliterandam,
1774 2102 1931 2156 neque

397 2181 567 2237 animo
593 2182 782 2252 solum,
811 2183 901 2238 sed
948 2183 1063 2256 ipso
1112 2200 1315 2256 quoque
1358 2199 1515 2255 opere
1549 2180 1921 2254 perficiendam

397 2289 521 2329 £588.

330 2363 417 2421 Vl.
459 2364 581 2421 Non
631 2375 903 2439 propterea
938 2358 1324 2427 Catechumenis
1362 2384 1463 2422 non
1498 2383 1628 2438 opus
1674 2382 1780 2421 esse
1819 2380 1928 2435 pte-

400 2458 633 2530 nitcntia,
662 2460 800 2533 quod
830 2478 921 2533 per
939 2461 1262 2532 Baptismum
1290 2460 1460 2532 ipsum
1487 2468 1693 2533 peccata
1717 2459 1931 2530 denique

773 2640 928 2699 Nota:
953 2643 1021 2698 ad
1051 2642 1213 2717 Caput
1242 2645 1484 2717 primunt.

403 2823 785 2900 Pgnitentiam.
835 2827 1153 2900 Ptenitentia
1208 2828 1267 2886 S.
1318 2828 1490 2895 Isid.,
1543 2828 1644 2900 Ep.
1695 2828 1925 2899 Hispal.,

329 2895 423 2951 lib.
454 2896 823 2971 IV.AQrig.,c.
848 2899 953 2963 I9,
1000 2899 1261 2970 appellata
1301 2900 1397 2955 l'uit
1441 2895 1607 2971 quasi
1629 2895 1924 2971 punieitlia,

328 2984 396 3043 eo_
416 2969 554 3043 (Inod
594 2969 705 3043 ipse
735 2970 886 3043 homo
910 2973 964 3025 in
990 2969 1044 3026 se
1072 2969 1257 3041 puniat
1296 2969 1606 3043 paenitendo,
1633 2969 1768 3042 quod
1797 2974 1931 3028 male

325 3040 551 3114 admisit.
591 3039 744 3114 Idem
778 3042 945 3098 ferme
995 3039 1085 3098 ait
1108 3039 1306 3099 anetor'
1334 3044 1427 3105 lib.
1458 3044 1521 3098 de
1562 3039 1688 3097 Vera
1717 3053 1765 3099 et
1795 3045 1927 3114 falsa

363 3111 502 3186 uenit.
528 3112 681 3186 (olim
708 3112 764 3167 S.
788 3115 1086 3185 Augustino
1110 3114 1411 3186 adscripti),
1436 3130 1484 3170 e.
1519 3116 1608 3179 I9,
1639 3111 1884 3185 inquiens
1913 3132 1925 3168 :

369 3183 597 3240 (enuere
628 3184 761 3238 idem
789 3195 861 3239 est
877 3183 949 3240 Iac
979 3200 1189 3254 [mnam
1219 3183 1401 3243 tenere
1426 3228 1439 3251 ,
1478 3196 1533 3240 nt
1572 3183 1750 3255 nempe
1778 3187 1928 3242 homo

324 3270 519 3327 semper
542 3256 717 3327 puniat
738 3256 790 3309 in
811 3273 863 3310 se
882 3256 1191 3320 ulciscendo,
1214 3258 1349 3327 quod
1373 3259 1622 3313 commisit
1644 3260 1922 3327 peccando.

325 3324 527 3381 Cnet-is
556 3325 751 3381 dicitur
790 3333 1052 3397 μετάνθια,
1090 3324 1303 3383 mutatio
1342 3330 1554 3394 mentis,
1598 3324 1691 3383 seu
1741 3330 1927 3398 prioris

323 3398 585 3451 sententia:
606 3440 619 3462 ,
651 3411 680 3452 a
710 3405 986 3468 μετανοεῖν,
1024 3399 1161 3469 quod
1195 3409 1276 3455 est
1312 3400 1424 3467 post
1468 3400 1749 3470 intelligere
1771 3442 1787 3465 ,
1829 3416 1926 3456 seu

326 3479 436 3534 post
466 3472 653 3538 [thlllm
679 3487 872 3539 sapere.
909 3472 1018 3525 Hoc
1056 3471 1244 3526 eodem
1288 3486 1451 3527 sensu
1493 3470 1687 3526 dicitur
1713 3485 1926 3542 quoque

322 3545 630 3611 μετάγνωσις,
665 3549 924 3610 [serite/votat
966 3550 1021 3597 et
1053 3551 1361 3611 μεταμέλεια.

405 3610 518 3685 tloc
543 3615 1011 3685 genusliominum.
1041 3610 1302 3681 Gentiles,
1331 3628 1623 3685 eorumque
1652 3614 1923 3684 prmcipuc

330 3681 682 3752 philosophos
711 3683 795 3739 hic
820 3693 985 3740 taxat.
1362 3699 1370 3707 ’

402 3751 557 3807 Retro
584 3756 795 3825 fuimus.
832 3754 967 3811 Nam
1018 3756 1401 3821 Tertullianus,
1426 3755 1713 3828 gentilibus
1739 3772 1922 3826 paren-

323 3825 465 3897 tibus
506 3834 686 3889 ortus,
717 3835 875 3897 atque
931 3829 983 3882 in
1021 3828 1328 3896 gentilismo
1375 3825 1633 3884 educatus
1659 3869 1675 3893 ,
1707 3825 1917 3885 nonnisi

318 3894 429 3965 jam
456 3908 539 3967 sat
574 3894 802 3967 grandis
817 3909 940 3955 natu
971 3894 1043 3954 ad
1075 3898 1376 3955 Christiana
1404 3915 1555 3955 sacra
1585 3913 1644 3955 se
1670 3901 1915 3966 contulit,

321 3968 454 4021 utin
496 3965 621 4023 Vitae
647 3968 763 4039 ejus
793 3971 1027 4038 epitome,
1051 3971 1145 4025 lib.
1179 3972 1242 4025 de
1277 3970 1574 4040 Prwscript.
1617 3965 1914 4039 praemissa,

319 4048 535 4164 Zunmet
560 4042 886 4109 testimonio,
914 4057 982 4097 ex
1011 4040 1256 4114 Apolog.,
1278 4057 1327 4097 c.
1355 4043 1443 4108 18,
1464 4043 1806 4112 deprompta,
1837 4043 1919 4098 in-

362 4125 641 4164 tcavnnus.

362 4125 641 4165 tcavnnus.

391 4180 489 4234 Dei
544 4181 752 4254 lumine.
811 4180 945 4240 Fide
995 4182 1248 4239 nimirum
1275 4223 1289 4249 ,
1342 4198 1464 4254 quae
1508 4182 1916 4254 supernaturale

320 4250 493 4306 lumen
520 4252 712 4307 anima}
736 4263 841 4309 est.

391 4321 601 4378 Natura
638 4334 803 4392 tenus,
870 4326 908 4380 i.
938 4340 1025 4394 e.,
1081 4324 1373 4383 secundum
1406 4325 1620 4381 rationis
1662 4327 1913 4382 naturalis

318 4393 868 4470 ductumduntaxat,
900 4393 1313 4470 seuquousque
1354 4413 1417 4455 se
1459 4396 1696 4455 extendit
1738 4398 1909 4468 ipsum

319 4466 496 4520 lumen
544 4465 837 4524 intellectui
866 4465 1339 4527 nestro'innatum.

392 4537 667 4620 Sententia:
682 4540 894 4620 prioris.
910 4539 1189 4620 Generalis
1205 4541 1320 4598 haec
1337 4540 1577 4620 deﬁnitio
1591 4549 1693 4605 est,
1710 4556 1777 4598 ex
1790 4539 1910 4620 pbi-
1934 4560 1987 4620 ῃ

320 4607 561 4677 losopbia
618 4612 802 4684 tuorali
836 4613 1021 4681 petita.
1065 4613 1246 4683 Itaque
1271 4614 1637 4684 paenitentiam
1678 4607 1806 4684 esse
1834 4614 1911 4668 ait

317 4689 509 4732 motum
532 4679 958 4755 ,‘ulteration—em,
992 4685 1077 4740 vel
1120 4679 1360 4752 affectum
1399 4684 1680 4755 quemdam
1721 4683 1906 4753 animi,

315 4765 439 4832 cum
461 4751 686 4804 molestia
710 4751 1304 4832 quadamcottjuuCtum
1326 4799 1341 4827 ,
1364 4751 1648 4832 ortumque
1685 4770 1750 4813 ex
1790 4751 1909 4810 sen-

316 4825 486 4905 tentia:
511 4863 526 4886 ,
554 4837 645 4878 seu
668 4825 930 4905 opinionis
957 4825 1168 4905 prioris,
1200 4844 1267 4885 ex
1290 4825 1399 4905 qna
1427 4825 1700 4905 quidpiam
1728 4838 1906 4905 actum

316 4903 401 4975 est
426 4934 442 4959 ,
469 4898 824 4975 aversatione.
855 4898 985 4975 Cum
1026 4901 1169 4975 enim
1214 4898 1333 4971 quis
1373 4898 1486 4975 jam
1535 4899 1817 4975 intelligit,
1848 4914 1909 4956 se

316 4974 471 5047 antea
494 4970 681 5047 minus.
700 4976 845 5024 recte
868 4970 1044 5047 egisse
1064 5013 1078 5037 ,
1096 4970 1293 5047 itaque
1331 4970 1491 5047 etiam
1529 4970 1905 5047 detrimentum

318 5035 531 5106 aliquod
561 5037 639 5091 vel
669 5035 1070 5097 incommodum
1095 5035 1384 5099 incurrisse
1407 5085 1421 5107 ,
1455 5044 1507 5099 in
1544 5045 1723 5098 animo
1753 5043 1906 5098 dein-

2102 1342 2320 1397 delenda
2352 1344 2475 1399 sint.

2030 1431 2144 1490 VII.
2180 1433 2306 1490 Post
2329 1434 2653 1508 Baptismum
2676 1435 2834 1508 lapsis
2862 1452 3040 1492 rursus
3079 1436 3428 1507 paenitentiam
3458 1452 3635 1509 agen-

2101 1528 2222 1583 dam
2249 1541 2376 1585 esse.

2028 1619 2167 1678 VIII.
2202 1620 2372 1678 Toties
2401 1621 2761 1680 Paenitentiam
2799 1622 3079 1696 agendam,
3126 1623 3323 1695 quoties
3359 1622 3472 1695 quis
3516 1639 3634 1695 pec-

2100 1715 2285 1771 caverit
2309 1756 2320 1779 ,
2349 1716 2596 1785 exemplis
2625 1716 2686 1772 S.
2722 1716 3009 1788 Scriptura:
3037 1715 3394 1785 conﬁrmatur.

1954 1785 2003 1847 Β
2030 1804 2124 1862 IX.
2173 1806 2312 1874 Quid
2353 1808 2419 1864 sit
2461 1785 2872 1881 Exomologesis,
2907 1817 2955 1864 et
2981 1824 3097 1882 qua:
3123 1809 3384 1881 praecipua
3408 1807 3635 1876 eiusdem

2107 1916 2263 1969 opera
2283 1901 2309 1956 2
3458 1962 3461 1963 ν

2032 1990 2101 2047 Χ.
2146 1992 2525 2064 Confessionem
2552 2001 2875 2064 peccatorum
2915 1991 3171 2065 publicam
3200 2009 3301 2048 non
3332 1992 3630 2049 erubescen-

2104 2085 2258 2152 dum,
2300 2102 2390 2140 nec
2433 2084 2770 2153 di/ferendnm
2798 2098 2923 2141 esse.

2032 2176 2127 2235 XI.
2170 2178 2351 2251 Neque
2393 2182 2620 2252 corporis
2644 2174 2978 2236 incommodis
3012 2196 3104 2235 nos
3134 2179 3199 2235 ab
3240 2178 3441 2252 agenda
3466 2179 3631 2250 paeni-

2108 2275 2259 2329 tentia
2286 2273 2557 2330 absterreri
2583 2285 2837 2347 oportere.

2032 2364 2149 2422 XII.
2181 2365 2482 2422 Adhortatio
2525 2367 2595 2422 ad
2646 2366 3029 2439 paenitentiam,
3062 2366 3339 2438 propositis
3384 2365 3632 2438 exemplis

2103 2460 2460 2528 conﬁrmatur.

2037 2614 2200 2672 modo
2251 2613 2813 2686 cognoscerent,rqni
2868 2611 3005 2686 adeo
3040 2620 3308 2686 escereato
3362 2610 3631 2686 intellectu

2030 2696 2205 2750 erant,
2240 2694 2298 2741 ut
2325 2683 2661 2741 Divinitatem
2689 2683 2755 2741 in'
2770 2685 3055 2752 sideribus,
3086 2683 3413 2747 hominibus,
3436 2683 3629 2751 brutis,

2033 2767 2089 2815 et
2117 2758 2383 2812 vilissimis
2412 2758 2733 2826 quibuslibet
2756 2757 3018 2813 creaturis
3039 2798 3054 2823 ,
3087 2754 3449 2826 reponerent?

2108 2828 2398 2883 Ordinavit.
2428 2824 2619 2884 Omnia
2651 2829 2793 2884 enim
2838 2830 2953 2883 haec
2998 2828 3123 2883 fecit
3151 2824 3465 2883 secundum
3499 2841 3630 2883 con-

2031 2901 2149 2958 Silia
2175 2899 2395 2956 inﬁnita:
2415 2900 2799 2957 SAPIENTIAB
2820 2914 2951 2954 sum.
3030 2948 3040 2959 ,

2104 2969 2399 3039 Extraneis,
2424 2971 2470 3043 7i.
2500 2986 2550 3025 e.
2573 3012 2601 3043 ,_
2622 2968 2788 3025 Extra
2830 2970 2940 3026 veri
2978 2969 3074 3026 Dei
3102 2969 3461 3043 cognitionem
3490 2970 3628 3042 posi-

2033 3045 2119 3109 tis,
2154 3058 2217 3099 ac
2244 3044 2311 3097 ab
2338 3042 2527 3098 eadem
2559 3041 2769 3098 alienis.
3179 3041 3188 3043 '
3493 3041 3498 3042 ί
3554 3066 3561 3067 γ

2107 3113 2418 3170 Proceltam.
2483 3114 2555 3170 De
2603 3114 2789 3171 ﬂorida
2831 3112 2931 3170 bac
2976 3112 3228 3186 allegoria
3250 3114 3361 3185 jam
3406 3113 3460 3171 in
3482 3111 3625 3169 Diss.

2107 3150 2132 3170 ι
2160 3150 2418 3169 ,υιωιωηη
2483 3150 2508 3169 ι.

1956 3150 2000 3213 C
2032 3184 2228 3241 Inlerc.
2254 3188 2508 3241 diximus.

2107 3257 2462 3342 Depersentnr.
2528 3258 2640 3342 [loc
2685 3256 3144 3342 quotque-verbo
3186 3256 3352 3340 utitur
3413 3256 3468 3342 in
3529 3256 3622 3342 lib.

2028 3330 2147 3385 adu.
2176 3328 2454 3394 Valentin.,
2473 3344 2520 3384 c.
2536 3332 2629 3396 50,
2650 3328 2736 3385 ubi
2762 3347 2775 3384 :
2803 3330 2901 3397 Qui
2916 3328 3208 3383 deversatus
3221 3330 3274 3381 in
3293 3329 3624 3394 mundo,etc.

2027 3402 2099 3456 At
2123 3402 2212 3456 alii
2240 3400 2489 3467 codices,
2518 3412 2570 3455 et
2600 3402 2780 3470 utique
2809 3401 2997 3456 melius
3017 3441 3032 3465 ,
3062 3399 3378 3455 diversentur
3405 3399 3622 3470 habent.

2027 3470 2294 3528 Cancrum
2328 3471 2639 3527 utrumlibet
2673 3469 2706 3526 a
2729 3470 3063 3526 Tertulliano
3088 3471 3291 3532 dictum
3319 3469 3621 3537 credamus,

2025 3556 2253 3613 semper
2269 3544 2383 3598 lure
2406 3542 2567 3598 dictio
2587 3559 2682 3614 per
2703 3551 3062 3599 conuersentur
3080 3542 3249 3613 inagis
3268 3541 3432 3597 latine
3451 3555 3620 3611 expo-

2025 3623 2205 3670 netur.
2296 3620 2307 3631 '

2099 3686 2380 3757 Empedire.
2409 3686 2514 3744 Pro
2556 3685 2822 3753 refellere,
2857 3692 2950 3740 ant
3002 3694 3155 3741 extra
3200 3681 3421 3740 dubium
3451 3681 3621 3740 collo-

2023 3771 2148 3814 care
2158 3799 2169 3812 .

2096 3828 2163 3883 In
2189 3831 2498 3902 ingratiam,
2540 3844 2647 3902 _seu
2683 3829 2980 3902 ingratum,_
3012 3827 3294 3902 molestum,
3339 3825 3625 3902 aut‘inju-

2020 3898 2485 3955 cumlnm'accidit.
2529 3898 2764 3970 Ingratia
2805 3914 2933 3969 ergo
2962 3898 3221 3969 (obsoleta
3253 3898 3381 3970 rex)
3412 3898 3499 3952 hic
3533 3914 3624 3952 su-

2020 3974 2187 4025 mitur
2219 3986 2314 4040 pro
2341 3968 2665 4041 displiceniia
2702 3972 2769 4025 de
2801 3968 2940 4041 laeto
2974 3968 3214 4024 alterius.
3271 3968 3381 4041 Hac
3410 3983 3624 4041 quoque

2019 4055 2152 4111 yoce
2198 4038 2343 4104 mox,
2391 4038 2508 4111 cap.
2559 4040 2627 4107 2,
2662 4043 2846 4096 utitur.
2904 4039 3169 4111 Cmterum
3213 4038 3458 4111 geminus
3500 4039 3623 4111 buic

2018 4110 2171 4168 Iocus
2215 4122 2299 4168 est
2327 4113 2366 4168 ι.
2415 4109 2463 4167 II
2511 4113 2629 4167 adv.
2680 4112 2872 4179 Marc.,
2922 4128 3038 4182 cap.
3085 4110 3156 4166 24
3181 4154 3195 4175 ,
3223 4109 3314 4166 ubi
3346 4112 3415 4165 ita
3450 4129 3462 4163 :
3497 4109 3623 4165 Non

2017 4184 2153 4238 enim
2195 4185 2239 4239 si
2287 4184 2545 4240 hominem
2597 4201 2660 4240 ex
2708 4183 3059 4239 recordatione
3096 4184 3372 4255 plurimum
3427 4183 3619 4249 delicti,

2015 4255 2273 4329 interdum
2312 4265 2376 4311 et.
2403 4272 2466 4312 ea;
2502 4256 2723 4329 alicujus
2763 4257 2879 4311 boni
2919 4256 3086 4327 operis
3125 4255 3348 4326 ingratia
3393 4256 3618 4325 paenitet,

2012 4326 2128 4382 ideo
2154 4337 2201 4381 et
2222 4326 2386 4382 Deum
2409 4326 2641 4398 proinde.

2087 4398 2385 4470 lrrogatur.
2410 4396 2530 4454 Pro
2572 4399 2855 4470 adhibetur,
2897 4398 2979 4455 vel
3028 4396 3367 4470 impenditur,
3398 4404 3491 4450 aut
3521 4396 3619 4449 im-

2017 4468 2241 4541 ponitur,
2288 4470 2526 4541 infertur,
2554 4479 2640 4526 etc
2666 4511 2685 4539 ,
2717 4479 2773 4525 ut
2798 4469 3094 4541 Plautusrin
3127 4468 3322 4539 (iaptiv.

2092 4539 2185 4595 llis
2206 4539 2551 4608 diem'dicam,
2582 4551 2629 4612 et
2658 4541 2900 4612 irrogabo,
2920 4540 3189 4612 malitiam.

2086 4612 2149 4667 Et
2172 4629 2265 4682 pro
2296 4612 2446 4667 domo
2472 4606 2563 4668 sua
2596 4606 2788 4670 Cicero
2820 4630 2833 4666 :
2867 4610 3044 4667 I’etant
3076 4608 3204 4682 X|I_
3218 4606 3453 4682 Tabulae,
3485 4607 3620 4682 leges

2012 4665 2221 4761 ρνίῑωζεε
2265 4665 2563 4761 tamen...
2592 4665 2829 4761 sisne.
2896 4665 3001 4761 sed
3052 4690 3108 4737 et
3163 4678 3378 4735 τεείιυε
3427 4665 3464 4733 ι’.
3494 4665 3616 4761 εν.

2010 4755 2203 4811 Annal.
2235 4772 2281 4809 c.
2308 4755 2398 4824 IO,
2429 4757 2496 4812 de
2520 4754 2817 4821 Druso‘ait,
2848 4754 3108 4810 exhausto
3122 4764 3333 4808 veneno
3360 4754 3622 4819 suspicio-

2010 4841 2133 4883 nem
2161 4826 2396 4893 auxisse,
2429 4838 2671 4899 tanquam
2701 4828 2897 4899 sibimet
2931 4827 3179 4899 irrognret
3206 4830 3440 4899 mortem,
3468 4837 3619 4886 quam

2009 4900 2144 4974 patri
2173 4908 2445 4974 struxerat.
2462 4892 2675 4974 Itursus
2702 4897 2815 4954 Cic.
2834 4913 2929 4968 pro
2954 4892 3191 4961 Rabirio,
3203 4892 3405 4974 mulctra
3425 4894 3618 4961 irroga-

2010 4970 2202 5043 tionem
2224 4970 2376 5025 dixit.
2411 4970 2511 5025 Alii
2538 4971 2768 5043 irrogare
2789 4984 2884 5039 pro
2912 4982 3132 5043 erogare
3146 4970 3432 5034 accipiunt,
3466 4978 3618 5043 cupis

2010 5039 2152 5097 idem
2181 5040 2347 5096 ferme
2375 5056 2495 5097 cum
2530 5033 2689 5108 priori
2721 5033 2912 5096 sensus
2950 5033 3052 5094 es].
3098 5037 3174 5108 De
3202 5033 3334 5089 vace
3372 5033 3617 5108 erogandi

315 5104 442 5176 cep's
473 5107 685 5185 nitidam
715 5113 1144 5185 tnotus_exurgit,
1173 5128 1239 5169 ex
1264 5104 1429 5170 sensu
1472 5115 1613 5170 illius
1639 5114 1904 5181 molestias,
2005 5110 2117 5182 jam
2151 5112 2201 5165 in
2231 5112 2269 5185 l_.
2310 5112 2373 5185 de
2405 5104 2646 5185 Pi'cescr._
2669 5111 2796 5181 Cap.
2828 5108 2894 5177 ll,
2943 5108 3070 5185 Not.
3099 5107 3169 5162 In
3191 5115 3328 5170 actu,
3381 5104 3477 5160 sed
3512 5104 3618 5157 alio

318 5193 411 5261 seu
453 5177 661 5261 o/fensa.’
680 5188 849 5261 ortus.
894 5177 1079 5255 Itaque
1122 5177 1443 5261 sententiam
1488 5201 1638 5261 suam
1669 5177 1906 5261 priorem

311 5256 724 5331 j:nn_.mutat,.et
752 5260 1044 5331 retractat,
1066 5265 1325 5326 concepta
1356 5257 1411 5311 in
1438 5256 1682 5331 eamdem
1723 5256 1908 5331 displi-

317 5321 486 5400 centia
515 5330 570 5377 et
595 5321 719 5400 odio
740 5321 1083 5400 quodam_,_in
1113 5321 1708 5400 qupg'yeramrationem
1738 5321 1909 5400 poeni-

319 5394 496 5469 tentia:
519 5394 745 5469 positam
771 5408 913 5469 esse,
937 5394 1239 5469 philosophi
1268 5397 1339 5469 illi
1359 5398 1703 5469 arbitrantur.
1735 5394 1908 5469 Arique

316 5462 394 5535 sic
421 5464 661 5534 ρωηίιενε
700 5462 953 5535 (quidam
983 5468 1124 5535 apud
1152 5462 1221 5524 Ἀ.
1253 5468 1421 5535 Gell.,
1462 5469 1558 5524 lib.
1581 5467 1723 5523 xvn
1748 5462 1905 5522 Νόει.

317 5483 394 5517 sn:
421 5483 661 5534 pwnuere
700 5483 940 5535 (quinam
983 5483 1010 5520 a
1056 5483 1124 5523 uu
1159 5483 1221 5524 Α.
1253 5483 1421 5535 uetl.,
1463 5483 1558 5524 nn.
1583 5483 1723 5523 λγιι
1748 5483 1905 5522 tvoct.

317 5533 449 5611 4a.,
474 5550 526 5589 c.
563 5541 611 5600 t,
644 5534 816 5607 aiunt)
842 5547 948 5611 tum
997 5483 1162 5595 dicere
1210 5542 1427 5595 solemus
1452 5581 1465 5603 ,
1507 5555 1622 5593 cum
1658 5555 1771 5608 qua
1807 5539 1908 5611 ipsi

315 5606 547 5681 [ecimus,
575 5616 665 5660 aut
697 5623 823 5681 quae,
846 5608 908 5665 de
929 5620 1103 5664 nostra
1123 5611 1377 5667 voluntate
1406 5606 1679 5681 nostroque
1696 5606 1907 5665 consilio

313 5676 450 5756 {acut
469 5686 603 5759 sunt,
629 5694 689 5732 ea
709 5676 852 5734 nobis
874 5692 984 5759 post
1004 5683 1255 5754 incipiunt
1275 5683 1562 5754 displicere,
1585 5676 1907 5738 sententiam-

311 5753 483 5827 qnehin
497 5753 571 5827 .iis
602 5759 826 5805 nostram
848 5753 1184 5827 demutamus.

382 5816 622 5893 Ratione,
654 5837 751 5877 seu
781 5837 903 5878 vera
932 5825 1155 5890 notione,
1186 5841 1247 5882 ac
1272 5826 1587 5893 deﬁnitione.
1640 5832 1643 5833 ⁷

310 5903 337 5965 ιι
389 5891 629 5948 Auctore.
700 5893 902 5965 Supple
952 5911 968 5949 :
1017 5905 1150 5953 recte
1216 5891 1585 5970 cognoscendo.
1637 5899 1708 5957 Et
1762 5914 1901 5971 quo-

284 6016 317 6030 κ

2009 5180 2193 5248 sensu,
2219 5181 2471 5253 diximus.
2500 5181 2607 5237 Sed
2634 5180 2751 5237 haec
2777 5180 3250 5253 grammaticorum
3277 5186 3457 5253 sunto.

2081 5247 2290 5318 Contra,
2318 5253 2538 5307 omnino
2589 5247 2813 5308 accentu
2842 5250 3157 5323 notandum,
3212 5258 3269 5305 ut
3297 5247 3559 5320 signiticet
3590 5260 3617 5298 e

2008 5323 2286 5393 contrario,
2316 5324 2398 5382 vel
2427 5340 2489 5379 ea:
2512 5323 2742 5380 adverso.

2523 5532 2679 5590 Notae
2705 5533 2773 5590 ad
2800 5531 2967 5608 Caput
2992 5531 3083 5590 11.

1990 5682 2019 5691 θ
2080 5690 2334 5765 Rationis.
2364 5693 2572 5765 Quippe
2606 5713 2685 5751 res
2713 5696 2813 5753 Dei
2850 5698 3002 5761 ratio,
3059 5705 3111 5754 et
3156 5692 3338 5750 divino
3393 5702 3615 5750 munere

1896 5768 1913 5783 ‘
2006 5761 2159 5838 nobis
2198 5764 2342 5838 data,
2373 5761 2431 5821 ut
2463 5761 2622 5838 supra
2651 5768 2844 5825 Noster
2870 5770 3023 5825 dixit.

2046 5856 2052 5910 ς
2080 5833 2289 5901 Merita,
2322 5837 2359 5910 i.
2392 5852 2443 5893 e.
2482 5833 2769 5910 momenta;
2800 5856 2907 5909 quo
2928 5854 3090 5897 sensu
3134 5837 3427 5910 iurisperiti
3463 5852 3611 5910 “me-

2004 5904 2105 5961 rita
2132 5923 2300 5964 causa:
2325 5908 2506 5967 dicere
2548 5904 2765 5969 solent."
2805 5904 2985 5969 Pmest
3029 5904 3190 5969 etiam
3245 5904 3343 5980 pro
3394 5908 3618 5967 utilitate
