3940 6288
285 368 427 432 Hi?»

1009 368 1361 430 specum):
1396 368 1675 443 QUINTA,
1716 367 1787 428 IN
1824 366 2081 430 menum
2122 368 2209 429 ea
2245 364 2714 430 POENITENTIA.
2781 329 2791 341 ’

3449 363 3588 427 i9.“

285 491 389 563 tio,
439 488 549 563 lucc
575 487 867 563 disciplina,
901 484 1009 546 hac
1059 487 1499 563 operacaetestis,
1534 497 1581 545 et
1610 499 1747 553 vera,
1782 497 1888 546 etc.
1919 490 1973 551 Λ
2072 491 2371 561 Respectus.
2405 490 2567 546 Velut
2590 487 2755 545 radiis
2779 503 2808 545 a
2836 487 2969 558 Deo,
2992 483 3169 544 omnis
3214 483 3372 543 Lucis
3415 484 3583 555 fonte,

285 562 354 616 Et
386 562 436 615 in
470 562 530 616 L.
566 564 630 616 de
655 558 872 619 Resurr.
908 570 1052 616 earn.
1094 558 1144 617 e.
1195 558 1264 616 ιδ
1297 578 1308 613 :
1355 560 1557 631 Negcnt
1597 575 1878 630 operarum

285 635 594 699 societatem,
626 644 679 688 ut
710 634 888 689 merito
912 635 1107 703 possint
1128 633 1280 687 etiam
1313 633 1590 687 mercedem
1617 648 1823 702 negare.

364 703 892 777 Hominiproﬁcit,_i.
925 705 1072 777 e_._ad
1111 705 1405 774 proiectum
1445 703 1562 775 ejus
1606 703 1879 771 conducit,

284 784 345 831 ιιι
368 775 421 829 in
439 774 503 830 L.
531 774 770 846 de'Bapt.
797 775 926 845 Cap.
949 775 1064 831 VII.

355 846 512 918 Ratio
537 844 1009 918 ejus,APtznitentia
1031 845 1304 903 videlicet.

360 916 633 972 Dissimus.
669 916 783 973 Hoc
813 920 957 973 enim
1016 918 1264 988 ignorate
1307 930 1501 988 veram
1548 916 1882 988 pmnitentim

240 1045 247 1050 _
285 989 549 1045 rationem
592 990 826 1060 ignorari
867 986 1090 1045 necesse
1127 999 1244 1060 est_:
1278 987 1399 1043 νεα.
1442 1003 1601 1058 supra
1652 987 1783 1058 Cap.
1835 986 1874 1057 Ι,

286 1060 386 1133 ubi
414 1077 428 1116 :
457 1058 631 1131 Igitur
654 1062 946 1133 ignorantes
986 1061 1173 1129 quique
1204 1058 1392 1133 Deum,
1423 1068 1528 1133 etc.

359 1129 691 1197 Iniiciaturf
729 1130 1105 1187 Ptenitentiam
1170 1130 1333 1186 etiam
1397 1131 1464 1184 ad
1542 1144 1701 1200 opera
1748 1129 1881 1184 bona

286 1203 575 1270 violenter,
629 1217 693 1259 ac
738 1213 924 1258 contra
971 1211 1452 1269 naturam.suam,
1485 1201 1877 1271 deturquendo,

287 1275 544 1347 deinceps
568 1290 667 1347 per
697 1275 839 1329 illam
869 1274 1233 1346 impedienda.

363 1345 448 1415 Et,
486 1345 585 1415 pro
611 1347 782 1401 etiam.

375 1414 584 1471 Viderit.
652 1416 903 1473 Formula
950 1415 1205 1488 loquendi
1261 1416 1461 1488 passim
1517 1414 1712 1472 Nostro
1764 1414 1879 1469 fre-

288 1502 492 1561 quens;
536 1496 595 1543 ut
620 1489 770 1559 Apol.
817 1505 934 1561 cap.
990 1490 1078 1556 16,
1109 1489 1186 1545 ait
1219 1505 1230 1543 :
1260 1488 1449 1542 Viderit
1487 1488 1707 1561 habitus,
1760 1488 1881 1561 dum

288 1560 515 1613 materiae
577 1561 795 1629 qualitas
845 1560 1023 1615 eadem
1071 1561 1180 1627 sit;
1240 1561 1419 1613 viderit
1482 1560 1687 1623 forma,
1757 1560 1880 1612 dum

286 1629 511 1704 idipsum
537 1630 632 1685 Dei
661 1647 845 1703 corpus
870 1632 1082 1704 sit,_etc._
1119 1640 1176 1686 et
1200 1631 1252 1685 in
1286 1630 1344 1684 L.
1376 1630 1440 1685 de
1460 1630 1582 1704 Dat.
1614 1644 1733 1704 cap.
1759 1629 1877 1704 i6;

298 1699 528 1773 Viderint
559 1719 706 1757 suam
734 1699 833 1758 sui.
867 1703 928 1758 L.
960 1699 1026 1757 de
1057 1702 1229 1773 Spect.
1261 1704 1411 1773 c.7135
1441 1720 1451 1754 :
1477 1701 1666 1755 Viderit
1690 1702 1878 1767 princi-

288 1771 422 1844 palis
454 1773 629 1828 titulus
653 1773 966 1835 idololatria,
997 1771 1298 1844 ethtaquc
1321 1772 1421 1828 liae
1446 1773 1626 1843 phrasi
1652 1772 1881 1844 plerum-

285 1841 392 1916 que
424 1845 639 1909 utimur,
667 1860 787 1900 cum
815 1847 1040 1901 alterum
1079 1846 1130 1900 in
1168 1841 1756 1916 quoddam'discrimen
1781 1841 1880 1897 ad-

285 1915 527 1981 ductum,
560 1916 628 1971 de
653 1917 842 1972 eodem
870 1916 1106 1972 cavendo
1139 1928 1552 1986 praemonemus,
1587 1924 1643 1968 ut
1667 1915 1887 1986 reisute

285 2001 469 2042 curam
500 1987 711 2043 habeat.
740 1987 830 2043 Sic
854 1987 961 2043 Cic.
991 1989 1043 2042 in
1068 1985 1227 2042 Bruto
1247 1988 1350 2041 ait:
1372 1987 1445 2041 De
1468 1987 1562 2040 hoc
1594 1994 1649 2039 tu
1674 1985 1886 2049 videris:

284 2057 326 2113 i.
354 2072 403 2112 e.
435 2057 597 2129 hujus
623 2061 700 2115 rei
730 2074 913 2114 curam
947 2061 1040 2115 tibi
1073 2060 1337 2129 relinquo,
1366 2073 1456 2125 ne,
1489 2060 1535 2110 si
1556 2056 1689 2183 (quid
1730 2071 1886 2112 secus

285 2129 560 2195 acciderit,
592 2130 722 2186 mihi
751 2132 1002 2199 imputes.
1031 2131 1095 2186 Et
1113 2130 1403 2186 Terentius
1431 2131 1482 2183 in
1507 2129 1551 2183 A
1594 2128 1738 2198 elpli.
1771 2126 1887 2199 Ego

1594 2143 1738 2198 etpn.

285 2129 560 2195 acciderit,
592 2130 722 2186 mihi
751 2132 1002 2200 imputes.
1031 2131 1095 2186 Et
1113 2130 1403 2186 Terentius
1431 2131 1482 2183 in
1507 2129 1551 2183 A

283 2201 448 2274 isthoc
474 2201 671 2269 uidero;
698 2202 850 2274 quasi
868 2202 1119 2274 diceret;
1151 2201 1329 2274 ls_t_hoc
1354 2200 1481 2274 mihi
1506 2215 1642 2274 curta
1658 2201 1773 2274 erit.

360 2271 427 2327 In
453 2270 744 2343 ingrtttiani.
785 2272 916 2328 Vide
942 2274 1072 2342 Cap.
1108 2273 1148 2327 Ι.
1198 2270 1619 2343 Νοιηληρναιία.
1662 2270 1799 2339 Quid
1837 2272 1885 2327 si

286 2358 417 2413 vero
437 2346 766 2416 sententiam
796 2345 875 2401 sic
899 2346 1181 2416 explicem:
1214 2362 1233 2397 ι
1259 2342 1463 2416 Viderit
1490 2357 1738 2416 perversa
1764 2343 1882 2416 cpi-

290 2416 380 2471 nio
435 2415 749 2482 hominum,
799 2416 917 2471 aliis
967 2413 1151 2487 utique
1198 2415 1563 2487 ingrata‘ietc.
1599 2413 1692 2487 Vel
1738 2414 1779 2467 si
1809 2417 1877 2487 ii,

286 2487 481 2557 quibus
527 2487 891 2544 benefecimus
914 2529 929 2553 ,
984 2482 1271 2559 displicere
1329 2485 1484 2540 nobis
1508 2523 1524 2552 ,
1553 2498 1617 2538 ac
1647 2482 1877 2555 ingrati,

285 2572 382 2614 seu
411 2561 557 2613 exosi
585 2574 705 2616 esse
731 2560 1011 2629 incipiunt.
1050 2578 1068 2612 ι

362 2629 720 2702 Paenitentiam
750 2625 905 2702 cogit.
933 2631 1138 2688 Sensus
1163 2644 1286 2696 esse
1312 2628 1543 2702 videtur:
1573 2645 1594 2679 ι
1635 2625 1690 2682 Si
1716 2628 1879 2683 etiam

286 2699 354 2755 ad
404 2701 683 2756 malefacta
718 2699 1121 2771 ptenitentiam,
1170 2702 1319 2757 velut
1374 2701 1763 2764 reluctantem,
1816 2715 1879 2755 ac

286 2779 474 2846 contra
501 2782 743 2846 naturam
774 2787 944 2846 suam,
978 2775 1143 2846 cogit,
1170 2773 1351 2844 adigit,
1383 2786 1446 2825 ac
1473 2771 1752 2846 detorquet,
1783 2790 1800 2846 ρ

358 2838 598 2915 Captatio
639 2845 771 2914 ejus.
819 2838 1014 2901 Gratia;-
1040 2838 1279 2915 captatio
1322 2851 1404 2899 est
1442 2842 1712 2915 appetitus
1750 2844 1881 2897 alie-

286 2913 609 2984 integratite
655 2913 708 2970 et
749 2913 1139 2972 benevolentia:
1207 2915 1311 2971 sibi
1376 2913 1768 2979 conciliandae,
1824 2921 1880 2969 ut

285 2983 441 3059 alteri
476 2986 812 3059 placeamus,
844 2984 1003 3058 eique
1046 2987 1200 3059 grati,
1234 2987 1288 3041 id
1307 2994 1429 3059 est,
1454 2983 1875 3059 acceptisimus.

282 3056 431 3112 Raro
459 3057 603 3111 enim
634 3055 935 3128 reperitur,
962 3055 1089 3129 qui,
1119 3074 1240 3113 cum
1270 3057 1421 3112 alteri
1452 3055 1769 3129 beneﬁcium
1800 3057 1878 3110 ta-

283 3130 408 3192 eiat,
439 3138 530 3182 aut
558 3146 662 3183 non
692 3127 903 3200 plaetere
932 3127 1139 3200 cupiat,
1170 3139 1260 3183 aut
1289 3144 1392 3183 non
1424 3127 1639 3197 aliquod
1672 3137 1873 3200 speret,

283 3208 569 3273 captetque
592 3198 1014 3273 euiolumentuni
1038 3243 1051 3267 ,
1095 3202 1163 3255 ad
1200 3215 1258 3255 se
1302 3200 1621 3255 rediturum.
1675 3198 1748 3254 ita
1782 3213 1878 3253 no-

283 3279 453 3344 struat
485 3271 706 3344 ubilibet
733 3271 1062 3344 nimiumque
1089 3280 1332 3327 amantes
1359 3286 1565 3344 sumus.

358 3341 616 3415 Mortalis,
668 3343 706 3397 i.
739 3358 790 3399 e.
829 3341 1139 3415 temporalis
1160 3385 1174 3409 ,
1206 3354 1260 3399 et
1297 3343 1584 3414 aliquando
1613 3341 1870 3411 desitum,

284 3420 396 3487 tam
420 3413 590 3483 gratia
608 3428 824 3487 nempe,
844 3413 1018 3486 ‘quam
1046 3416 1289 3487 ingratia.

354 3482 676 3557 compendii.
709 3482 815 3542 Seu
846 3482 1070 3557 q'utestus
1092 3482 1146 3544 ét
1172 3487 1336 3554 lucri;
1361 3495 1418 3541 ut
1447 3486 1633 3557 optimi
1661 3484 1873 3543 Aulim.-

278 3568 371 3611 res
403 3556 599 3623 passim
630 3555 867 3613 habent.
1446 3558 1463 3565 ’⁷

352 3625 665 3695 Debitorem,
712 3627 965 3685 Mercedis
995 3629 1268 3685 nimirum.

352 3695 576 3772 dictum,
622 3697 799 3755 Preme
820 3702 1020 3772 utique.

353 3767 744 3839 Remunerator,
781 3773 814 3826 i.
840 3789 889 3829 e.
913 3767 1207 3828 retributor.

354 3840 590 3915 sanciat,
626 3856 722 3912 pro
749 3853 938 3898 statuat
968 3860 989 3909 ;
1040 3856 1123 3900 est
1169 3851 1347 3901 autem
1396 3843 1612 3912 sancire,
1647 3844 1868 3915 aliquid,

278 3913 420 3987 quod
453 3913 671 3987 impune
697 3916 880 3970 violari
911 3919 1117 3987 nequit,
1148 3918 1496 3973 constituere.

354 3982 713 4059 l’rtestandam
744 4002 868 4042 esse.
919 3982 1242 4057 Supremum
1298 3988 1393 4044 Jus
1415 3988 1551 4059 ejus,
1610 4002 1706 4056 per
1747 4000 1874 4058 pec-

276 4065 393 4130 cata
425 4057 607 4130 laesum
627 4099 642 4125 ,
669 4059 1039 4130 satisfactione
1067 4061 1385 4130 reparando.

351 4126 909 4207 Priva_tum._Latini_us
970 4126 1222 4207 privatum
1267 4132 1438 4207 delet,
1497 4132 1871 4207 tanquamin-

277 4197 419 4271 signi
446 4198 582 4271 alias
632 4202 752 4256 loco
797 4197 1181 4258 obscuritatem
1237 4203 1489 4256 aiierens:
1523 4211 1577 4253 at
1601 4197 1701 4271 ego
1740 4202 1870 4256 citra

277 4268 662 4343 clietidieulum
713 4275 933 4328 retineri
1006 4289 1163 4343 posse
1207 4274 1478 4337 existimo,
1517 4282 1570 4326 ct
1617 4268 1871 4340 privatum

277 4339 363 4419 lite
391 4350 637 4419 tanquam
670 4346 936 4419 proprium
976 4339 1238 4419 intelligo,
1289 4354 1346 4399 ut
1385 4343 1580 4419 Noster
1618 4339 1674 4399 in
1718 4343 1779 4397 L.
1809 4344 1872 4419 de

274 4410 451 4479 Spect.
480 4410 526 4467 ὁ.
557 4413 642 4481 10,
670 4410 1187 4489 explicatiusdicit':
1218 4410 1332 4487 quae
1355 4417 1552 4489 privata
1581 4425 1627 4489 et
1658 4417 1869 4489 propria

273 4493 391 4537 situt
419 4500 601 4545 scema.
624 4495 730 4541 etc.
753 4485 825 4541 Et
848 4489 960 4546 Cic.
988 4487 1053 4543 L.
1090 4485 1419 4543 lllde’Finib.
1453 4486 1546 4541 ait:
1585 4485 1755 4541 Verbis
1789 4496 1868 4541 ta-

275 4570 388 4608 men
417 4557 471 4609 in
500 4557 714 4612 dicendo
742 4562 888 4629 quasi
915 4560 1135 4629 privatis
1163 4568 1398 4625 utmttur,
1428 4574 1488 4611 ac
1520 4560 1650 4614 suis.

348 4629 617 4704 ofﬁcium.
685 4633 840 4701 Quod
908 4642 1086 4689 autem
1160 4635 1379 4690 malitiae
1455 4634 1671 4704 o/ﬁcium
1732 4644 1865 4704 esse

274 4698 489 4778 po‘lest‘,
532 4704 635 4778 nisi
665 4698 741 4778 in
770 4707 893 4778 iis,
955 4706 1024 4763 de
1081 4707 1274 4778 quibus
1319 4706 1370 4760 in
1423 4698 1542 4760 L."l
1578 4706 1643 4778 de
1712 4703 1857 4775 Olﬁc.

271 4771 363 4826 sub
416 4774 531 4831 init.
563 4776 637 4830 ait
663 4771 898 4845 Tullius:
932 4779 1066 4834 Sunt
1099 4771 1366 4834 nonnulla:
1400 4775 1718 4846 disciplima,
1749 4771 1864 4840 qua:

274 4846 551 4919 propositis
579 4845 898 4904 bonorumet
928 4851 1179 4904 malarum
1216 4849 1404 4919 ﬁnibus
1441 4845 1677 4904 cilicium
1718 4863 1866 4901 omne

273 4918 587 4984 perturbant.
629 4920 857 4976 Secutus
895 4932 1073 4976 autem
1112 4918 1426 4977 hic’Noster
1458 4922 1632 4989 pctius
1658 4920 1867 4973 videtur

272 4999 487 5060 etymon
509 4990 762 5053 nominis,
781 4992 975 5060 dequo
996 4992 1046 5047 S.
1077 4993 1263 5047 Ambr.
1293 4992 1356 5046 L.
1382 4991 1401 5046 1
1437 4992 1500 5047 de
1533 4991 1638 5059 Uff.
1666 5008 1782 5060 cap.
1810 4993 1862 5056 8,

271 5059 357 5135 ai_t_
387 5059 678 5135 :VOl‘ticium
715 5062 779 5116 ab
822 5059 1108 5119 efficiendo
1177 5064 1369 5118 dictum
1411 5074 1684 5135 putamus,
1724 5059 1871 5135 quasi

271 5129 527 5197 ofﬁcium,
557 5148 680 5200 etc,
710 5142 829 5204 quc'
854 5151 1017 5189 sensu
1043 5137 1200 5191 etiam
1232 5129 1445 5190 malitiae
1472 5150 1625 5190 suum
1654 5133 1873 5203 ofﬁcium

270 5213 390 5269 est,
432 5204 526 5258 sed
566 5204 888 5275 improprie,
930 5216 984 5261 et
1010 5208 1220 5261 nonnisi
1259 5206 1537 5261 secundum
1578 5221 1758 5258 nomen
1786 5206 1865 5257 di-

271 5281 436 5348 ctum,
459 5292 519 5348 re
534 5290 783 5332 vacuum.
804 5279 1140 5348 Quamquam
1166 5278 1360 5347 potius,
1394 5286 1452 5332 ut
1479 5293 1605 5348 tnox
1636 5289 1871 5344 sequen-

273 5344 342 5397 tia
390 5345 653 5413 suadent,
700 5350 780 5403 sic
824 5344 1228 5418 intelligendum
1274 5351 1486 5417 putemi:
1538 5347 1867 5415 «Proprium

271 5429 394 5486 erga
446 5417 703 5491 malitiam
761 5417 1008 5475 cilicium
1032 5422 1050 5491 (
1075 5430 1132 5475 ut
1170 5418 1378 5474 scilicet
1415 5419 1484 5473 de
1513 5419 1659 5473 malo
1699 5418 1864 5491 paeni-

273 5488 501 5562 teamus)
518 5559 532 5562 _
556 5490 718 5562 etiam
766 5488 1300 5562 impenditbonitati,
1326 5505 1423 5546 seu
1446 5491 1587 5545 iouis
1609 5488 1864 5559 operibus,

270 5571 334 5613 ac
356 5559 637 5633 beneﬂciis
667 5561 821 5616 alteri
843 5559 1128 5633 impensis.
1170 5581 1188 5614 ι

344 5629 669 5704 Negligatur.
700 5633 840 5691 Vide
865 5629 1006 5690 dicta
1034 5635 1161 5706 Cap.
1192 5634 1233 5690 1.
1262 5633 1332 5689 ad
1360 5633 1457 5704 ﬁn.

779 5773 932 5832 Nota:
958 5775 1026 5831 ad
1052 5774 1220 5849 Caput
1248 5774 1374 5831 111.

343 5908 593 5987 Spiritus.
624 5913 831 5987 Anima,
861 5929 954 5977 seu
983 5915 1099 5989 ejus
1127 5916 1434 5975 intellectus.

1914 1888 1964 1948 B

1888 4672 1942 4731 D

1996 563 2050 618 in
2083 578 2204 617 eum
2236 563 2472 617 emissis.

2057 633 2353 704 Praecepta,
2383 633 2587 704 scilicet
2614 632 2982 704 cognoscenda.

2055 700 2435 774 Deputandum.
2468 702 2613 761 Inter
2642 700 2858 773 peccata
2896 700 3265 759 referendum.

2058 772 2228 830 Homo
2282 777 2372 831 sit.
2412 772 2688 846 Tanquam
2738 789 2805 829 ex
2849 789 3061 846 corpore
3115 783 3169 829 et
3231 772 3404 826 anima
3455 786 3585 829 con-

1984 856 2153 902 stans.

2061 917 2175 973 Duo
2203 934 2360 972 unum
2391 917 2627 988 efﬁciunt.
2657 917 2747 973 Sic
2785 917 2929 972 enim
2963 916 3135 971 anima
3165 914 3448 987 conjuncta
3471 926 3599 970 εον-ο

1988 991 2107 1061 pori
2131 1006 2293 1044 unum
2326 988 2490 1061 efficit
2519 989 2793 1044 hominem.

2059 1060 2416 1115 Mater-iurum.
2435 1059 2541 1115 Seu
2562 1061 2785 1130 partium
2803 1058 3263 1131 componentium,
3284 1072 3404 1130 quae
3430 1058 3585 1113 totius

1984 1131 2133 1190 velut
2157 1132 2369 1186 materia
2399 1139 2543 1185 sunt.

2057 1203 2156 1258 Dei
2181 1221 2282 1258 res.
2318 1201 2411 1273 Ub
2424 1217 2608 1272 supra,
2644 1202 2772 1273 Cap.
2806 1200 2845 1273 l,
2882 1201 3048 1273 dixit:
3081 1201 3183 1257 Res
3214 1200 3325 1273 Dei
3347 1201 3498 1256 ratio.

2055 1247 2631 1358 Expregsarorritavit
2653 1247 2785 1358 enipi
2815 1247 2951 1358 Deus
2977 1272 3229 1358 hominem
3253 1271 3328 1344 (id
3357 1281 3440 1329 est
3469 1287 3588 1329 cor-

1983 1362 2084 1418 pus
2109 1343 2262 1418 ejus)
2289 1347 2351 1399 de
2376 1344 2497 1398 timo
2524 1354 2691 1418 tet-rte.
2720 1344 2855 1418 Gen.
2881 1344 3196 1418 2.Avers.g7.
3264 1343 3269 1344 '
3297 1416 3304 1418 Α
3369 1383 3383 1391 .

2055 1417 2135 1472 Ad
2161 1414 2341 1487 ﬂatum
2362 1418 2490 1483 ejus.
2524 1414 2588 1470 Et
2638 1416 2901 1486 inspiravit
2940 1416 2993 1469 in
3033 1416 3366 1487 facienuejus
3415 1417 3582 1486 spira-

1985 1489 2159 1543 culum
2178 1489 2312 1554 vitaa,
2332 1498 2377 1542 et
2399 1487 2563 1555 [actus
2583 1497 2655 1542 est
2678 1501 2825 1542 ncnc
2846 1488 2896 1542 in
2918 1486 3142 1541 animam
3162 1486 3421 1543 viventem.
3446 1486 3579 1543 Ibid.

2062 1559 2312 1628 Olfeudit.
2364 1558 2479 1630 Non
2553 1558 2671 1614 ideo
2703 1628 2710 1630 Α
2738 1556 3081 1613 Tertnlianus
3145 1559 3314 1614 voluit
3352 1568 3584 1630 peccata

1985 1634 2184 1698 omnia,
2245 1639 2301 1686 nt
2356 1629 2521 1687 Stoici
2570 1628 2848 1699 putabant,
2893 1630 3039 1698 paria
3074 1644 3215 1697 esse,
3269 1628 3386 1684 sed
3415 1629 3466 1684 id
3495 1645 3581 1685 so.

1985 1705 2094 1758 lum
2113 1746 2128 1770 ,
2160 1718 2225 1759 ex
2254 1703 2387 1769 hoc,
2416 1701 2558 1771 quod
2585 1701 2687 1755 alia
2714 1700 2941 1755 carnalia
2971 1701 3104 1765 sint,
3138 1702 3239 1755 alia
3271 1702 3580 1771 spiritantia,

1985 1790 2080 1830 seu
2110 1775 2209 1829 alia
2243 1790 2455 1844 corpore
2487 1773 2895 1843 perpetrantur,
2925 1772 3030 1844 alia
3070 1772 3122 1826 in
3165 1774 3339 1826 anima
3378 1784 3431 1827 et
3466 1773 3583 1842 ejus

1988 1846 2266 1902 voluntate
2292 1843 2405 1900 scla
2432 1844 2723 1901 subsistant
2751 1885 2764 1907 ,
2797 1859 2903 1898 non
2940 1843 3062 1915 inde
3089 1844 3345 1912 majorem
3378 1845 3580 1915 peccati

1993 1916 2148 1972 unius
2176 1932 2284 1987 prie
2306 1916 2478 1971 altero
2504 1915 2814 1987 gravitatem
2831 1914 3210 1970 dimetiendum
3236 1928 3375 1971 esse.

2064 1988 2129 2043 In
2164 1985 2442 2059 judicium.
2512 1987 2663 2059 Ignis
2730 1985 2982 2041 videlicet
3046 1987 3584 2059 aeternitiiamqtte

1979 2057 2237 2132 judicium
2269 2057 2597 2132 liic_cpponit
2618 2057 2748 2132 vith
2769 2057 3276 2132 aete_r_na:_t_iimirum.
3303 2057 3438 2132 Yide
3463 2075 3582 2130 qua:

1987 2075 2237 2131 judicium
2269 2075 2353 2113 mc
2378 2075 2597 2184 oplpontt
2618 2075 2748 2121 vute,
2769 2075 2985 2112 acterna:
3003 2075 3276 2112 nimirum.
3311 2075 3438 2114 vute
3463 2075 3503 2130 q‘

1987 2130 2221 2187 diximus
2249 2132 2298 2185 in
2333 2129 2393 2184 L.
2468 2149 2493 2184 e
2518 2129 2672 2200 Bapt.
2708 2127 2837 2197 Cap.
2868 2127 2937 2185 X.
2975 2126 3103 2184 Not.
3140 2127 3206 2183 In
3222 2129 3503 2200 judicium.

2061 2202 2162 2257 Eo.
2197 2202 2300 2257 Pro
2327 2211 2615 2273 eapropter.

2060 2272 2397 2346 Impendere.
2440 2272 2623 2344 Itaque
2664 2275 2730 2330 ad
2776 2272 3405 2346 ptenitentiamuquoque
3436 2286 3580 2346 _cor-

1990 2361 2087 2415 pus
2130 2343 2416 2401 concurrat
2467 2343 2688 2401 necesse
2743 2343 2846 2411 est,
2896 2359 2990 2414 per
3026 2343 3289 2399 sensibiles
3321 2344 3573 2399 nimirum

1986 2433 2051 2472 ac
2072 2426 2305 2471 externos
2328 2425 2479 2471 actus
2499 2425 2551 2471 et
2568 2415 2888 2474 amictiones
2903 2417 3233 2486 corporales:
3257 2417 3435 2471 anima
3450 2430 3581 2472 vero

1984 2504 2081 2559 per
2102 2490 2356 2543 internum
2386 2487 2648 2559 dolorem,
2681 2499 2786 2544 etc.

2059 2559 2337 2614 Amborum
2387 2566 2478 2613 est.
2533 2557 2601 2613 Ut
2663 2561 2804 2614 enim
2867 2559 3090 2613 actiones
3154 2557 3403 2613 dicuntur
3460 2573 3583 2615 esse

1983 2633 2362 2702 suppositarum
2387 2671 2400 2692 ,
2435 2631 2642 2702 sicnec
2681 2644 2879 2702 corpus
2921 2638 3109 2700 pet-cat
3139 2631 3314 2684 solum
3342 2674 3357 2695 ,
3406 2645 3582 2701 neque

1982 2699 2161 2758 anima
2191 2704 2324 2765 sola,
2355 2701 2449 2756 sed
2477 2699 2668 2765 Homo,
2697 2699 3139 2772 qni'conipositus
3165 2708 3334 2756 estex
3354 2699 3581 2773 corpore

1983 2784 2037 2828 et
2057 2776 2256 2839 anima,
2286 2774 2340 2828 in
2367 2788 2527 2826 unum
2556 2775 2895 2844 suppositum,
2926 2788 3018 2828 seu
3060 2789 3346 2842 personant,
3389 2790 3579 2829 cxsura

1981 2860 2132 2915 gens;
2165 2846 2288 2899 huic
2310 2845 2452 2900 enim
2475 2846 2734 2911 actiones,
2756 2855 2862 2900 tam
2885 2844 3063 2913 bonae,
3087 2860 3245 2915 quam
3275 2846 3450 2913 malm,
3482 2848 3580 2901 im-

2002 2926 2257 2972 )tttanlttr.
3312 2968 3316 2972 Α

1984 2933 2257 3058 νυῖὣὲἒιῗξ
2281 2987 2495 3058 Scilicet
2515 3000 2680 3057 opere
2696 2986 2927 3056 quodam
2957 2995 3162 3041 externo
3206 2999 3271 3041 ac
3312 2968 3574 3044 Setisibili.

2053 3057 2333 3130 Cogitatnr.
2365 3057 2615 3127 Mercque
2640 3060 2776 3113 intra
2800 3068 3014 3130 mentem
3040 3059 3318 3113 retinetur.

2052 3129 2287 3201 Contingi
2326 3130 2492 3183 habet.
2541 3130 2774 3200 Contingi
2802 3129 2887 3183 hic
2933 3145 3038 3184 non
3084 3130 3313 3183 sumitur
3329 3144 3430 3200 pro
3461 3131 3579 3185 solo

1981 3216 2141 3258 sensu
2175 3212 2358 3267 tactus,
2378 3201 2470 3257 sed
2494 3201 2717 3256 aliorum
2737 3216 2962 3273 quoque
2990 3215 3244 3256 sensuum
3272 3203 3576 3273 perceptio-

1903 3278 1948 3343 C
1982 3290 2067 3329 ne.
2104 3273 2370 3328 Caeterum
2402 3274 2628 3343 contingi
2658 3271 2827 3336 habet,
2853 3286 2948 3342 pro
2971 3274 3193 3343 contingi
3218 3271 3575 3341 potestfilrl-

1982 3346 2241 3401 lenismus
2267 3355 2368 3409 est;
2399 3345 2575 3399 solent
2605 3345 2746 3399 enim
2777 3343 2953 3399 (ἶνεεοί
2978 3343 3157 3400 dicere
3183 3359 3269 3412 ex,
3304 3359 3385 3415 gr.
3428 3349 3579 3406 esset,

1983 3423 2134 3472 εἰπεῖν
2162 3426 2283 3487 ἔχει,
2318 3416 2488 3471 nullus
2519 3417 2688 3470 dicere
2718 3424 2899 3487 potest.

2052 3489 2234 3558 Neque
2253 3498 2465 3542 tenetur.
2496 3487 2651 3543 Nullo
2679 3486 2931 3541 videlicet
2954 3501 3116 3542 sensu
3154 3486 3452 3558 attingitur.

2060 3558 2349 3614 Voluntatis
2372 3559 2577 3613 delicta.
2605 3558 2750 3614 Mere
2773 3559 2974 3612 interna
2999 3559 3226 3615 scilicet.

2054 3629 2402 3685 Mediocritas.
2464 3630 2595 3699 Qua:
2670 3630 2818 3684 velut
2861 3630 2913 3682 in
2937 3628 3186 3684 confiniis
3235 3630 3406 3699 posita
3433 3672 3447 3697 ,
3492 3629 3576 3683 ul-

1977 3705 2148 3759 terius
2175 3712 2459 3772 penetrare
2478 3744 2491 3765 ,
2521 3702 2807 3771 ipsumque
2830 3701 2908 3756 rei
2935 3701 3280 3755 meditultium
3312 3701 3574 3771 attingere

1979 3775 2183 3844 nequit.
2216 3774 2340 3828 szc
2376 3773 2538 3844 igitur
2570 3774 2794 3826 humana
2825 3772 3144 3826 mediocritas
3176 3780 3290 3838 est,
3333 3781 3391 3826 ut
3430 3773 3574 3826 solo..-

1975 3843 2131 3901 actus
2159 3843 2516 3917 externos(et
2548 3859 2616 3899 ne
2658 3844 2757 3899 ltcs
2801 3844 3017 3913 quidem
3060 3858 3296 3917 semper,
3335 3845 3573 3917 satisque

1978 3916 2114 3989 tuto)
2142 3915 2710 3989 perspiciat,_internos
2739 3929 2864 3970 vero
2894 3930 3069 3989 neque
3102 3915 3350 3983 inspicere
3377 3915 3571 3989 valeat.

2053 3985 2159 4041 Par
2182 4003 2281 4041 non
2310 3998 2400 4042 est.
2422 3986 2632 4042 Etenim
2653 3987 2664 4040 i
2674 4003 2764 4057 pse
2786 4001 3000 4056 quoque
3022 3985 3226 4041 Prwtor
3248 4001 3348 4039 non
3368 3986 3571 4057 judicat

1976 4061 2039 4113 de
2063 4058 2293 4114 internis.

2049 4130 2156 4184 Sub
2185 4129 2312 4184 Deo.
2343 4129 2498 4185 Nullo
2525 4128 2776 4184 videlicet
2807 4128 2897 4183 Del
2925 4136 3176 4198 respectu
3210 4127 3421 4184 habito.

1973 4273 2006 4330 ἀ
2050 4201 2246 4269 Unde,
2299 4200 2335 4256 i.
2400 4218 2453 4257 e.
2526 4218 2615 4273 per
2689 4200 2867 4271 quod,
2939 4208 2996 4255 et
3090 4198 3574 4272 quomodocunquc

2011 4288 2211 4328 eruum.

2011 4288 2211 4328 θηιηιη.

2046 4344 2298 4400 Decernat
2312 4346 2361 4399 in
2374 4344 2655 4416 judicium.
2673 4342 3076 4416 Decernitenim
3096 4344 3241 4413 prius
3255 4345 3305 4396 in
3315 4342 3570 4414 judicium

1974 4417 2075 4480 ire,
2103 4414 2390 4488 antequam
2416 4418 2469 4471 in
2500 4419 2614 4487 ipso
2627 4416 2827 4488 judicio
2851 4414 3147 4488 decernat,
3169 4416 3410 4483 feratque
3446 4428 3573 4488 sen—

1974 4489 2218 4544 tentiam.
2245 4485 2350 4542 Ant
2374 4485 2603 4542 fortasse
2618 4485 2869 4558 judicium
2896 4485 2983 4540 hic
3014 4489 3115 4555 pro’
3140 4487 3251 4554 ipsa
3284 4485 3573 4538 damnatio-

1972 4576 2055 4625 ne,
2092 4566 2145 4614 et
2195 4574 2350 4630 ptena
2404 4560 2540 4629 ignis
2577 4558 2783 4630 aeterni,
2823 4558 3037 4630 accipit,
3086 4566 3142 4609 ut
3182 4572 3346 4630 supra
3387 4571 3571 4630 excur-

1975 4631 2120 4700 plnm
2165 4626 2545 4695 occurritfant
2584 4629 2820 4698 denique
2863 4642 2983 4682 cum
3014 4626 3092 4681 “eo
3130 4626 3406 4700 congruit,
3429 4626 3569 4700 (picti

1969 4696 2098 4771 Cap.
2119 4719 2222 4772 seq.
2244 4703 2395 4756 initio
2418 4702 2664 4757 habetur:
2683 4696 2893 4753 Poenam
2918 4713 3269 4772 rentumcwu
3283 4696 3567 4772 destinavit.

2042 4769 2200 4845 Origo
2224 4785 2313 4827 est.
2345 4774 2492 4828 Alias
2509 4773 2654 4829 enim
2670 4780 3034 4827 uostrumcsse
3052 4769 3283 4834 censeri,
3308 4769 3571 4840 nobisque

1966 4847 2215 4912 imputari
2241 4847 2444 4915 nequit.

2043 4916 2167 4971 Cum
2197 4934 2331 4987 ergo.
2360 4916 2593 4971 Snbandi
2617 4916 2854 4987 voluntas

2044 4981 2335 5041 Liberatur.
2386 4988 2564 5042 Potest
2589 4987 2691 5041 hoc
2736 4984 2957 5053 intelligi
3000 4981 3068 5037 de
3104 4982 3397 5050 voluntate,
3452 4997 3572 5052 quae

1973 5077 2005 5113 a
2047 5060 2199 5127 culpa
2218 5060 2484 5122 liberatur,
2531 5074 2624 5112 seu
2672 5056 2971 5127 absolvitur:
3023 5056 3101 5110 vel
3135 5056 3200 5109 de
3241 5055 3352 5123 ipsa
3394 5054 3569 5123 culpa,

1976 5146 2095 5201 qum
2126 5125 2390 5193 liberatur,
2426 5129 2476 5183 id
2499 5140 2602 5195 est,
2626 5130 2840 5183 tollitur.
2887 5125 3173 5201 Sicana")
3212 5128 3426 5201 liberare
3453 5140 3573 5192 pro-

1975 5197 2130 5256 missa
2154 5201 2405 5265 dicimur,
2440 5203 2652 5270 quando
2679 5216 2864 5255 eorum
2902 5199 3281 5269 obligationem
3310 5197 3565 5261 tollimus,

1975 5288 2039 5327 ac
2060 5285 2405 5336 evacrmmns,
2431 5272 2619 5326 eadem
2648 5271 2937 5341 implendo.

2050 5342 2338 5414 Intercipit.
2405 5341 2524 5410 Quo
2593 5338 2769 5396 minus
2819 5343 3025 5404 scilicet
3090 5340 3144 5395 in
3198 5354 3358 5414 opus
3395 5338 3567 5407 ipsum

1973 5415 2147 5482 exire,
2202 5412 2255 5470 et
2297 5414 2657 5469 consummari
2702 5424 2906 5484 queat;
2977 5412 3456 5484 perpelrtttwenitn,
3501 5418 3573 5484 _ttt

1973 5478 2167 5541 Festus
2189 5486 2285 5552 ait,
2310 5486 2399 5555 qui
2425 5501 2560 5554 otius
2583 5478 2756 5553 ipsum
2786 5478 3011 5556 peragit.
3036 5478 3099 5538 ac
3131 5483 3364 5556 perlicit.
3395 5478 3573 5556 Potis-

1979 5560 2171 5612 simum
2196 5552 2372 5611 autein
2406 5552 2473 5612 de
2513 5552 2662 5610 malis
2683 5552 3260 5625 dicitur;quamquam
3300 5555 3459 5610 etiam
3505 5552 3573 5607 de

1980 5629 2124 5684 bonis
2147 5643 2529 5699 nonnunquam
2559 5629 2759 5683 dictum
2794 5629 3148 5685 inveniamus.

2054 5703 2215 5755 Suum
2237 5696 2421 5771 fuerat.
2445 5700 2711 5767 Quantum
2746 5710 2864 5755 erat
2904 5703 2955 5756 in
2992 5700 3103 5771 ipsa
3156 5696 3573 5771 vcluntalecl'li-

1978 5775 2179 5829 caeiter
2227 5768 2427 5841 aliquid
2478 5772 2712 5837 volente,
2756 5771 2867 5842 jam
2916 5770 3159 5842 perfecit.
3204 5773 3378 5840 Atque
3424 5768 3570 5831 hinc,

1980 5853 2040 5901 ut
2065 5843 2324 5914 Theologi
2353 5844 2521 5899 nostri
2548 5846 2903 5900 communiter
2916 5846 3121 5912 dicunt,
3141 5850 3291 5898 actus
3317 5852 3572 5914 externus

1978 5915 2190 5974 interno
2217 5912 2409 5974 novam
2431 5916 2643 5998 peccati
2672 5917 2885 5986 speciem
2914 5931 3021 5978 non
3063 5915 3425 5989 superinduct,
3455 5912 3569 5973 sedi
