1970 3144
163 122 231 154 4221

556 118 732 152 APPENDIX
750 123 889 159 QUINTA,
910 123 942 152 IN
962 122 1090 153 LIBRUM
1112 123 1155 152 DE
1176 121 1410 152 POENITENTIA.

1743 119 1815 149 4922

168 184 201 211 de
217 183 332 218 peccatis
346 183 400 211 suis
410 183 526 218 propriis
536 191 598 211 mox
615 185 641 211 in
669 177 833 218 Baptismum
858 184 961 212 irrncre
974 183 1002 214 Α
1052 184 1129 211 Oncri
1141 192 1202 210 csse.
1224 183 1429 218 Empliaticum,
1446 181 1472 210 id
1491 184 1533 210 est
1555 181 1683 210 acciendo
1707 181 1814 209 allectui

164 225 264 254 posset,
291 220 428 246 enimvero
456 219 517 246 huic
528 221 622 247 saltem
643 220 741 254 prmvia
756 221 884 247 attritione
895 227 962 255 opus

163 259 213 285 est.
225 254 257 281 ad
266 256 388 282 eumdem
400 256 527 287 [ructuose
538 255 747 289 suscipiendum.

200 289 277 324 Fide,
295 291 354 326 iure.
386 290 455 324 ﬁdeli
472 299 503 318 ae
518 299 576 317 vero
591 291 750 326 pmnitenlia
766 311 773 324 ,
801 298 853 318 non
882 296 910 318 ut
938 298 961 317 ε.

163 334 241 362 prtec.
247 347 253 357 ,
270 335 285 353 η
291 346 297 353 .
313 325 523 362 Hypo‘critarttni.

200 361 259 389 Loti
282 370 382 388 sumus.
409 361 513 388 lnterne
541 362 666 389 nitnirum
684 371 689 388 :
706 370 765 396 qua:
792 367 883 389 tamen
911 368 964 388 non

162 405 270 431 semper
285 402 327 424 est
339 397 439 424 abldtin
458 400 580 433 perfecta,
594 398 640 424 sed
664 397 823 433 plerumque
847 398 965 423 inc/iouia

163 433 307 460 duntaxat.
336 432 495 460 Pmnitentia
513 434 584 460 enim
604 433 649 460 illa
665 432 706 459 ica:
726 438 795 459 metu
823 432 942 466 profecta
957 453 963 465 ,

164 476 242 503 quam
257 468 370 495 dicimus
383 469 547 501 attritioncm,
564 476 596 496 ex
623 475 652 495 se
677 477 729 495 non
753 468 882 503 justilicat
903 473 966 495 ante

163 505 329 539 Baptismum
346 510 407 530 actu
423 509 587 539 susceptum,
604 504 650 530 sed
667 504 723 531 sola
734 504 851 530 contritio
867 504 967 538 perlec-

165 544 189 567 ta
202 548 235 567 ex
248 548 334 566 amore
344 539 390 566 Dei
405 548 481 574 super
494 540 589 566 omnia.
602 541 729 566 Altamen
747 540 771 566 in
790 545 841 565 tam
859 539 966 566 diutur-

164 583 280 611 nmque:
290 576 353 602 olim
374 583 387 602 ιι
410 574 600 603 Catec/iumeuis
616 575 753 610 Baptismo
779 574 966 610 praemittenda

164 610 403 645 crarﬁmnitcntia
418 612 460 637 vix
478 612 533 637 tieri
560 615 665 645 poterat
689 615 718 637 ut
742 618 794 637 non
824 610 967 645 aliquando

164 648 191 675 in
208 647 395 674 contritionem
409 646 554 680 perfectam
569 646 642 673 velut
659 654 706 679 per
720 646 820 680 gradus
836 646 966 681 quosdam

166 683 305 715 transiret,
320 683 387 709 adeo
403 687 430 709 ιιι
441 682 539 717 aliquis
548 682 665 717 pecc:itis
679 682 837 715 delctisjam
863 682 967 708 interne

162 718 324 753 justiticatns
338 722 420 749 esset,
436 723 580 753 antequam
603 718 687 752 ipsum
717 717 882 751 Baptismum
907 720 968 743 artu

165 752 431 789 Susciperet.V'idei'i
458 753 499 780 l'ic
521 757 672 788 possuntea
699 761 758 789 quae
774 752 860 789 Cone.
891 752 966 779 'l‘rid.

165 798 244 830 supra
257 789 301 816 cit.
315 797 329 816 a
343 797 405 816 sese.
420 788 446 816 6.
472 790 503 816 de
524 789 615 824 Justif.
645 797 667 814 c.
694 790 720 816 ϋ.
744 788 860 815 dilucide
883 795 968 822 expo-

166 830 215 852 ιιιι.

203 860 317 896 Integer.
337 859 464 888 Sincertts
500 864 526 887 et
552 859 703 895 perlectus,
729 866 806 894 quem
835 859 966 893 primum,

169 896 195 923 id
236 901 300 929 est,
336 896 459 922 initialem
500 902 530 922 ac
564 897 734 928 inchoatam,
771 900 800 921 ut
829 902 891 921 mox
921 903 967 921 an-

168 936 210 959 lca
236 932 369 963 diximus,
399 932 592 963 intinctionem,
627 939 673 958 seu
700 931 853 966 baptismum
881 935 968 957 vocat.

206 967 309 1000 Quoad.
326 967 377 994 Pro
390 975 449 994 mos.~
459 975 489 993 ut:
501 971 531 993 ut
541 974 632 1001 supra.

206 1004 333 1035 Senseris,
344 1010 391 1029 seu
405 1003 563 1037 cognoveris.

204 1038 242 1065 Ab
257 1039 338 1074 aquis,
352 1038 370 1065 i.
386 1046 411 1066 e.
439 1043 495 1071 post
515 1037 687 1073 Baptisnium,
710 1044 758 1065 seti
783 1041 922 1073 postquam
939 1037 969 1063 ab

168 1076 241 1110 aquis
253 1074 450 1109 rursusegressi
462 1074 570 1101 fuimus.

206 1110 352 1137 lnduimus.
373 1108 427 1137 ’Hic
454 1117 569 1144 namque
590 1109 719 1144 Baptismi
745 1108 914 1136 necessarius
928 1115 968 1140 ac,

169 1150 198 1173 ut
224 1153 350 1173 vocamus
365 1167 372 1179 ,
395 1153 425 1172 ea;
450 1153 524 1181 opere
546 1151 651 1179 operata
671 1145 780 1173 ellectus
794 1149 853 1181 est;
876 1144 972 1181 Sacra-

169 1185 258 1208 menta
272 1182 354 1213 enim,
371 1182 454 1208 instar
466 1180 607 1208 causarum
622 1180 794 1214 naturalium,
809 1180 836 1207 in
848 1180 971 1215 subjecto

169 1223 243 1245 recte
257 1217 386 1252 disposito
398 1217 551 1244 necessario
566 1221 720 1251 operantur.

208 1253 346 1286 Olvstructi,
366 1253 383 1279 i.
401 1260 426 1280 e.
456 1252 632 1288 undequaque
648 1251 780 1288 impediti.

206 1289 344 1323 Alligatus.
358 1288 397 1315 Ad
412 1288 513 1317 Novam
532 1286 635 1315 Scilicet
655 1286 754 1323 Legem
769 1286 868 1314 Christi
885 1307 899 1323 ,ν
914 1289 974 1320 post

170 1322 385 1351 renuntiationem
407 1324 508 1350 diabolo
537 1329 561 1351 et
597 1322 713 1353 omnibus
741 1323 841 1359 pompis
877 1322 932 1357 ejus
958 1329 972 1348 ιι

172 1359 306 1393 baptizato
318 1360 423 1386 tactam.

211 1394 262 1428 Qui
283 1394 349 1421 enim
365 1399 447 1429 optat.
463 1394 606 1422 Atttitheses
633 1398 781 1430 sequuntur
820 1401 884 1422 sane
909 1393 975 1421 insi-

192 1438 249 1457 nes.

192 1438 249 1457 nes.

172 1438 189 1466 ὃ
209 1466 386 1494 Timidiorem.
408 1465 509 1493 Timore
537 1465 585 1493 DEI
606 1466 727 1493 nonnihil
754 1467 839 1502 magis
864 1472 975 1493 concus-

172 1510 243 1530 sum.
263 1502 327 1529 Vide
338 1509 430 1537 supra.
775 1511 781 1517 ~

210 1537 411 1572 Repromitterit.
438 1537 602 1572 Simpliciter
621 1545 669 1573 pro
690 1538 857 1573 promitteret,
873 1541 901 1564 ut
913 1543 978 1563 nos-

175 1578 215 1601 ter
227 1574 322 1601 similia
334 1574 483 1609 composita
498 1574 607 1608 passim.

214 1610 399 1637 Prwstuturus.
420 1609 505 1637 Recte
529 1610 638 1636 omnino
654 1617 701 1643 pro
723 1609 894 1645 prwstiturus,
914 1614 974 1635 cum

178 1651 300 1682 praestare
313 1653 362 1680 pro
372 1646 487 1681 implere,
504 1650 550 1672 aut
561 1646 683 1680 per/icere
693 1645 831 1681 accipitur.

426 1702 503 1730 Nota:
516 1702 549 1729 ad
564 1701 645 1737 Caput
666 1701 729 1728 νη.

213 1750 392 1777 Audientibus.
417 1750 488 1777 Satis
508 1749 768 1784 signiﬁcatAuthor,
800 1756 859 1783 qnic
885 1748 977 1784 hacte-

178 1794 228 1813 nus
255 1786 406 1820 praemisit,
432 1783 555 1820 spectare
581 1785 775 1819 poanitentiam,
798 1789 856 1811 ante
879 1783 979 1817 Baptis-

178 1830 246 1848 munt
255 1819 293 1849 ιιι)
307 1819 484 1854 Audientibus,
509 1829 557 1848 seu
584 1828 598 1846 ιι
613 1820 814 1850 Cutecliunienis.
835 1819 976 1855 agendam.

177 1858 235 1885 Jam
250 1865 313 1884 vero
334 1857 367 1884 ad
388 1864 446 1884 eam
472 1857 637 1891 poenitentia:
664 1859 780 1891 Speciem
802 1860 977 1886 comet-titur,

176 1900 237 1928 qua:
252 1893 363 1928 relapsis
392 1898 447 1927 post
468 1892 628 1927 Baptismum
652 1892 834 1926 amplectenda
856 1895 981 1928 superest

178 1925 226 1956 ceu
238 1925 353 1963 jainjut
379 1925 459 1963 s'upra
483 1925 618 1960 diximus,
643 1925 753 1954 secunda
781 1932 842 1961 post
869 1925 979 1953 naufra-

179 1965 357 2000 giuiiitabnlu.
499 1999 514 2000 η
788 1988 790 1990 .

216 1999 290 2026 Nihil
312 2001 379 2034 jam.
402 1999 451 2027 Vel
477 1999 541 2025 nihil
572 1999 630 2033 jam
650 2002 749 2032 spectat
781 1997 813 2034 ad
840 2004 908 2034 eos,
935 1996 981 2034 qui

180 2041 240 2070 post
252 2032 416 2070 Baptismum
433 2034 530 2061 nullius
547 2032 603 2069 jam
628 2034 739 2070 amplius
761 2033 801 2070 rei
827 2032 982 2070 pmnitentia

181 2067 266 2105 iligna:
288 2067 336 2097 Sibi
353 2070 453 2097 conscii
468 2076 528 2096 sunt
546 2067 623 2104 “vel
650 2069 683 2105 ad
708 2067 839 2105 parvulos
863 2067 981 2105 referen-

181 2103 244 2134 dtnn
258 2110 308 2138 est,
331 2107 431 2140 peccati
452 2103 571 2137 actualis,
589 2104 754 2139 proindcquc
773 2103 926 2138 pwnitentiw
941 2103 982 2130 in-

181 2149 304 2169 61011005-

213 2150 408 2209 litigatum“,
425 2175 451 2205 id
467 2180 524 2208 est,
549 2179 684 2202 tractantes
696 2183 705 2201 .'
721 2179 749 2202 ut
767 2175 823 2211 jam
839 2174 927 2212 pigeat
942 2180 983 2202 lo-

186 2214 235 2241 ties
248 2218 403 2241 annotasse.

221 2249 410 2280 Dentonslrare,
432 2248 450 2275 i.
473 2255 498 2275 e.
521 2247 594 2275 velut
615 2247 757 2283 designare,
775 2247 849 2282 quasi
876 2246 909 2273 ad
924 2254 984 2281 por-

185 2292 216 2312 ro
228 2285 390 2319 pcccamlum
408 2283 534 2311 invitatis.

224 2320 270 2346 Eo.
286 2320 338 2347 Pro
351 2328 472 2355 eousque,
486 2324 531 2346 aut
546 2324 689 2355 propterea.

222 2355 283 2382 Jant
295 2364 360 2382 nunc
376 2353 470 2390 pateat.
487 2353 606 2391 Spatium
619 2353 787 2391 suliiulellige
801 2354 933 2390 (temporis
945 2354 984 2381 ni-

187 2391 294 2427 mirum)
310 2392 445 2427 autjanua
461 2413 468 2425 ,
491 2391 612 2418 simileve
625 2390 733 2425 aliquid.

222 2425 478 2454 Evadendi‘liabebit.
495 2427 626 2454 l’rrcclusa
641 2425 879 2454 scilicetevadendi
898 2426 949 2452 via.

223 2462 285 2490 Non
312 2463 420 2489 habebit.
437 2462 497 2498 Ipse
516 2463 643 2490 nimirum
666 2462 812 2496 olfentleudi
829 2462 908 2497 ﬁnem
936 2461 987 2489 sibi

187 2508 238 2527 non
251 2499 357 2526 iaciens.
397 2533 413 2534 η

224 2535 363 2561 Hactenus.
391 2533 529 2566 Hactenus,
545 2541 591 2560 seu
615 2542 732 2566 cousque.
750 2535 802 2560 Aut
828 2533 894 2560 forte
910 2532 988 2560 Chri-

188 2571 266 2598 stiani
294 2570 524 2604 exspectabimus,
554 2574 581 2596 ut
601 2569 649 2603 ipsi
673 2569 792 2596 Gentiles
814 2570 892 2597 nobis
906 2569 989 2595 Deum

188 2615 264 2634 suum
281 2606 427 2633 Terminum
443 2612 449 2639 ι
467 2605 531 2631 vah!
549 2613 634 2638 neque
655 2606 713 2631 sine
738 2605 874 2639 impietate
904 2605 990 2632 notiti-

188 2642 342 2676 nandum!)
360 2642 475 2676 peccatis
490 2640 587 2667 nostris
604 2640 786 2673 priestituant‘!

226 2678 390 2705 Periculi/sis.
405 2676 532 2703 Pericli/is
550 2676 641 2709 legunt
666 2676 708 2701 alii
724 2684 729 2707 ;
760 2675 862 2709 planius
881 2675 988 2709 quidem

189 2715 281 2745 idest,
298 2722 349 2741 non
365 2720 437 2743 ,vcio
462 2714 536 2743 tanti,
552 2717 579 2738 nt
598 2719 686 2738 meum
704 2716 843 2745 propterea
870 2711 989 2738 codicem

190 2752 316 2779 deserere
328 2757 417 2784 cogar.

228 2785 295 2811 Mari
320 2781 416 2811 dicunt.
447 2783 565 2819 Improbe
582 2782 860 2819 Ncptununtaccusat,
876 2782 929 2819 _qui
956 2781 993 2808 bis

192 2822 356 2856 naufragium
383 2816 500 2854 patitur,
528 2820 563 2845 ait
591 2816 698 2856 l’tililins
727 2816 934 2851 iiiinograplius.

231 2854 354 2883 Meritoria
370 2856 476 2893 periculi
490 2856 615 2883 honorant
635 2854 705 2882 Sane
718 2854 991 2889 perquaniclegantcr

196 2892 293 2923 dictqu
310 2893 317 2922 l

1015 220 1150 247 idoneum.

1050 255 1195 282 lnculcurc.
1215 254 1246 281 In
1271 254 1296 281 id
1325 254 1432 281 calt-are.
1458 253 1525 287 Quid
1554 260 1618 281 vero
1642 253 1752 280 multis?
1774 253 1813 280 itt-

1016 291 1117 317 culrurc
1133 292 1174 317 hic
1184 291 1342 324 simpliciter
1356 290 1531 324 proculcare,
1553 297 1600 316 seu
1623 289 1739 316 calcibus
1769 296 1815 323 per

1016 335 1149 363 summum
1166 330 1348 363 contemptum
1364 325 1501 363 insultare,
1518 325 1620 360 accipio
1637 333 1642 352 :
1659 329 1687 352 et
1701 324 1761 361 quis
1771 332 1815 352 rc-

1017 362 1176 389 irauabitur?

1054 383 1158 429 liloiliis,
1175 397 1192 424 i.
1208 404 1232 424 e.
1249 396 1377 429 coercitio,
1393 403 1439 424 seu
1455 396 1583 423 cohibitio.

1053 432 1121 459 Dum
1137 432 1301 467 extinguitur.
1314 431 1495 459 Pulcherrima
1506 431 1657 459 antithesis.

1054 468 1145 495 Mortis
1173 476 1259 502 opera.
1292 468 1356 502 Ejus
1389 468 1537 500 nimirtlm,
1564 476 1623 503 qua:
1653 468 1721 496 inter
1747 467 1818 503 ipsas

1018 509 1110 530 mortes
1134 508 1176 530 est
1188 504 1300 530 omnium
1318 503 1512 536 terribilissima,
1523 511 1596 531 mors
1603 504 1710 532 animae.

1055 538 1133 565 Retro
1144 547 1206 566 suae.
1233 540 1314 566 Antea
1327 547 1390 571 sum,
1407 539 1433 566 id
1447 544 1496 573 est,
1513 540 1671 574 peccatoris.

1018 576 1186 602 Judicalurus
1214 580 1259 601 est.
1290 574 1327 601 ita
1358 575 1428 602 enim
1455 582 1562 602 sanctus
1585 575 1681 602 Paulus
1708 576 1733 602 1.
1756 575 1816 603 Cor.

1019 610 1158 647 V1.5,ait
1179 619 1185 637 :
1213 610 1345 647 Nescitis,}
1356 611 1475 647 quoniam
1501 611 1604 645 angelos
1625 611 1820 647 judicabimus?

1020 646 1096 680 Quod
1110 646 1142 672 de
1165 646 1238 672 malis
1252 654 1298 672 seu
1326 646 1458 673 damnatis
1475 647 1612 681 spiritibus
1643 649 1820 675 communiter

1021 682 1185 717 Interprctes
1198 681 1360 715 intelligunt.
1379 681 1415 707 Ili
1435 689 1523 716 nempe
1539 687 1596 708 sunt
1619 682 1666 717 (ait
1679 683 1776 711 Noster
1792 683 1819 709 iit

1021 717 1038 744 Ι.
1055 718 1085 743 de
1100 716 1168 743 litib.
1180 717 1248 753 rntal,
1265 725 1287 743 c.
1299 717 1327 752 ‘2)
1342 725 1404 751 quos
1416 717 1557 753 judicaluri
1582 726 1668 745 sumus
1692 718 1739 745 :ln’
1763 722 1821 745 sunt

1021 753 1115 788 angeli,
1131 752 1222 789 quibus
1234 753 1259 789 in
1271 754 1371 789 lautiora
1384 753 1569 789 renuntiamus.
1591 753 1624 780 Et
1639 753 1665 780 in
1681 754 1699 781 l.
1713 755 1744 780 de
1758 756 1821 789 fuga

1021 789 1047 815 iu
1062 796 1158 823 perscc.
1173 796 1195 814 ε.
1213 788 1257 820 10,
1272 789 1307 815 ita
1323 788 1439 822 loquitur
1453 796 1462 815 :
1476 788 1558 816 Times
1580 788 1717 824 hominem,
1733 788 1820 816 Cirris-

1021 825 1099 860 liane,
1115 832 1188 858 quem
1204 824 1286 851 timeri
1310 829 1406 859 oportet
1426 824 1457 850 ab
1468 824 1565 859 angelis
1573 824 1706 859 (siquidem
1719 825 1822 860 angelos

1018 859 1183 894 judicatitrus
1197 860 1244 892 es),
1254 868 1327 893 queui
1337 860 1418 886 timeri
1430 866 1526 892 oportet
1536 860 1699 893 adwntoniis,
1712 859 1764 888 etc.
1785 859 1823 888 De

1024 895 1064 921 his
1080 895 1158 930 igitur
1169 895 1271 956 angelis
1280 895 1360 922 etiam
1378 895 1420 922 hic
1429 895 1609 922 Tcrtullianus
1621 895 1747 930 loquitur.

1058 930 1202 956 Traditioni
1222 939 1260 956 us.
1273 931 1325 956 Alii
1340 931 1428 956 leuant
1444 930 1631 956 conditionibus
1646 940 1651 956 :
1668 932 1737 956 unod

1058 930 1260 957 Traditionibus.
1273 931 1325 957 Alii
1340 931 1428 965 legunt
1444 930 1631 958 conditionibus
1646 940 1651 957 :
1668 932 1737 966 quod
1760 939 1823 967 pro-

1023 966 1087 993 bare
1118 974 1170 993 non
1203 973 1337 1001 possum:
1362 966 1456 1002 Junius
1498 967 1729 1000 traductionibus,
1760 966 1846 1002 ’quo.

1022 1002 1152 1029 vocabulo
1167 1007 1258 1029 noster
1283 1003 1307 1028 in
1332 1002 1350 1029 l.
1368 1002 1399 1028 de
1426 1001 1537 1028 l’rtescr.
1562 1011 1586 1030 ε.
1611 1002 1656 1029 22.
1684 1001 1824 1030 ιιιιιιιιτῘΕι

1023 1045 1088 1065 sane
1106 1038 1162 1064 litec
1182 1038 1259 1074 lectio
1288 1039 1424 1074 contextui
1441 1038 1526 1073 magis
1540 1045 1689 1074 cengruere
1705 1039 1819 1070 videtur,

1024 1074 1131 1108 proprie
1145 1074 1215 1099 enim
1231 1073 1346 1100 dicimus
1368 1073 1401 1100 de
1417 1074 1457 1100 via
1475 1094 1482 1106 ,
1494 1079 1540 1101 aut
1566 1080 1633 1102 recto
1657 1075 1758 1101 tramite
1775 1074 1823 1101 ali<

1017 1117 1103 1145 queui
1119 1110 1251 1135 traducere
1264 1109 1289 1135 in
1302 1110 1367 1145 quia,
1386 1114 1437 1136 etc.

1060 1144 1125 1171 Sera
1141 1144 1280 1171 obstructa.
1305 1144 1398 1178 Neque
1424 1148 1512 1171 autem
1530 1153 1578 1172 vox
1596 1145 1723 1172 obstructa
1733 1145 1766 1173 ad
1782 1153 1826 1173 sc-

1024 1188 1091 1212 ram,
1107 1179 1154 1217 sed
1170 1180 1201 1217 ad
1212 1181 1320 1217 ianuam
1336 1179 1475 1217 referenda
1490 1185 1540 1217 est,
1558 1185 1585 1207 tit
1601 1189 1695 1209 sensus
1709 1182 1744 1210 sit
1760 1189 1766 1206 ε
1780 1182 1826 1217 ja—

1024 1224 1074 1243 nua
1081 1216 1298 1250 perintinctionis,
1311 1223 1359 1242 seu
1372 1215 1584 1251 baptismigrant
1597 1218 1732 1245 obstructa.
1744 1215 1826 1245 [iectc

1024 1256 1113 1278 autem
1131 1252 1166 1278 ita
1177 1250 1287 1283 dictum,
1309 1259 1341 1277 eo
1365 1251 1435 1286 quod
1463 1251 1609 1286 baptismus
1638 1253 1757 1280 reiterari
1779 1261 1827 1280 ne-

1025 1291 1115 1322 queat,
1130 1291 1212 1324 atque
1237 1286 1305 1313 adeo
1317 1286 1375 1324 hinc
1398 1288 1479 1324 janua
1503 1288 1586 1315 semel
1615 1288 1748 1322 baptizata
1769 1289 1827 1324 jam

1026 1331 1078 1349 non
1095 1323 1210 1356 amplius
1219 1327 1309 1357 pateat
1323 1323 1355 1359 ad
1375 1322 1479 1359 veniam
1509 1327 1537 1350 et
1557 1324 1744 1353 remissionem
1766 1322 1828 1359 pec—

1026 1363 1158 1389 catorum,
1175 1365 1312 1392 perquam
1324 1358 1365 1385 bis
1377 1358 1554 1392 ingrediatur.

1062 1393 1183 1420 Frustra.
1223 1394 1379 1420 Duriuscula
1406 1393 1462 1421 ha-c
1488 1394 1604 1422 locutio:
1641 1403 1673 1423 ac
1706 1396 1729 1423 si
1763 1402 1828 1422 vero

1027 1430 1107 1457 etiam
1129 1429 1286 1463 poenitentia
1299 1437 1314 1456 a
1329 1430 1471 1464 baptizatis
1492 1435 1550 1463 post
1575 1430 1686 1458 iteratos
1707 1431 1828 1465 relapsus

1028 1465 1118 1492 iterari
1136 1472 1188 1491 non
1201 1470 1301 1499 posset,
1319 1465 1439 1499 adeoque
1459 1465 1588 1499 deinceps
1601 1467 1688 1494 onmis
1699 1474 1760 1501 spes
1781 1474 1829 1493 vc—

1028 1501 1078 1527 nia:
1092 1501 1181 1527 denuo
1194 1500 1391 1535 Conseqncndic
1406 1500 1535 1537 praeclusa
1553 1506 1633 1528 esset.
1652 1500 1752 1529 Verum
1770 1503 1829 1537 plus

1029 1537 1119 1564 dicere
1129 1538 1183 1563 l'ors
1198 1536 1378 1562 'l‘ertullianus
1390 1544 1441 1572 non
1453 1536 1552 1569 voluit,
1569 1544 1648 1571 quam
1669 1546 1721 1572 quo
1732 1536 1829 1572 saipius

989 1577 1012 1609 ρ
1029 1574 1089 1607 quis
1103 1571 1264 1611 peccaverit,
1277 1579 1308 1611 eo
1323 1571 1502 1611 dillieiliorem
1521 1573 1578 1599 tieri
1591 1571 1688 1611 seriam
1697 1571 1830 1608 preuiten—

1031 1614 1105 1639 tiam,
1119 1616 1151 1635 ac
1167 1607 1243 1634 venia
1257 1608 1334 1644 toties
1349 1607 1466 1642 dignum.
1485 1607 1555 1635 Sane
1568 1614 1657 1636 autem
1673 1607 1703 1636 in
1713 1617 1830 1644 sequens

1030 1644 1101 1671 tibus
1113 1650 1174 1669 mox
1191 1643 1331 1677 benignius
1347 1643 1473 1677 101uizur.
1487 1644 1540 1671 Sed
1563 1644 1622 1672 vide
1647 1646 1733 1678 potius
1754 1643 1831 1672 intra

1030 1687 1053 1706 ε.
1070 1678 1116 1712 ιχ,
1131 1678 1279 1705 Patrociniu
1294 1684 1401 1711 naturas,
1424 1678 1493 1707 1169
1509 1687 1535 1707 D.

1069 1714 1143 1748 Quod
1159 1722 1303 1751 acceperas.
1318 1713 1415 1742 Gravis
1429 1717 1548 1750 proiecto
1571 1715 1712 1749 sententia,
1725 1716 1831 1751 alteque

1031 1750 1322 1787 imprimendaanimo.

1067 1785 1257 1813 Accommodat.
1283 1785 1336 1813 Pro
1370 1786 1542 1821 commodat,
1577 1792 1605 1815 et
1627 1787 1750 1815 concedit
1774 1788 1832 1815 usui

1032 1827 1087 1850 tuo.

1069 1858 1198 1885 Restitutus
1207 1878 1213 1890 ,
1230 1864 1276 1885 seu
1292 1865 1436 1892 recuperes;
1448 1863 1493 1885 aut
1504 1863 1640 1887 restant-es.

1069 1894 1322 1928 Neduntampliato.
1339 1893 1441 1920 Nedum
1459 1895 1502 1921 hic
1512 1895 1700 1929 exponendum
1714 1900 1755 1922 est
1768 1896 1834 1923 mul-

1034 1936 1058 1957 to
1067 1929 1158 1964 magis.
1178 1929 1239 1956 Scio
1253 1933 1341 1955 autem
1368 1930 1448 1965 etiam
1478 1930 1544 1956 alias
1564 1930 1793 1965 signiﬁcationes“
1808 1935 1835 1958 et

1034 1971 1195 1999 quarumque
1209 1964 1351 1998 uegatiram
1366 1964 1427 1991 ltuic
1445 1966 1557 1998 voculae,
1572 1964 1638 1993 satis
1658 1967 1724 1993 alias
1748 1967 1834 1994 ambi-

1033 2008 1103 2036 gam,
1120 1999 1209 2026 tribui.
1223 2000 1273 2026 Sed
1288 1999 1345 2026 lucc
1357 1999 1600 2037 Grammaticorum
1615 2008 1705 2029 sunto.
1718 2003 1835 2037 Ainplia-
1846 2027 1854 2033 ,

1035 2042 1059 2062 to
1074 2040 1162 2073 autem
1178 2043 1226 2073 pro
1243 2040 1318 2073 aucto
1335 2036 1376 2062 vel
1400 2041 1514 2073 extenso,
1532 2036 1611 2065 facile
1636 2036 1771 2073 quiSpiam
1793 2039 1835 2065 hic

1034 2077 1131 2099 Sumet.
1145 2070 1212 2104 Quid
1227 2070 1316 2097 multis
1332 2072 1427 2106 igitur?
1443 2071 1546 2100 Nedum
1562 2073 1633 2101 idem
1644 2070 1714 2101 inihi
1728 2074 1771 2102 hic
1784 2076 1836 2102 erit.

1035 2116 1066 2135 ac
1078 2116 1109 2134 ne
1118 2108 1201 2134 dicunt
1216 2107 1354 2141 ampliato.

1074 2144 1158 2177 Quam
1187 2144 1257 2170 dare.
1273 2144 1404 2176 Quoniam
1427 2144 1471 2179 qui
1496 2145 1604 2172 restituit
1632 2146 1669 2173 bis
1679 2145 1742 2179 dat,
1769 2146 1836 2174 altc-

1036 2188 1095 2207 rum
1111 2181 1136 2206 in
1145 2179 1258 2207 eandem
1272 2179 1464 2212 conditionem,
1481 2188 1533 2215 qua
1550 2182 1658 2215 excidit,
1675 2190 1763 2209 rursus
1784 2187 1837 2209 sta-

1036 2216 1138 2242 tuendo.

1076 2250 1138 2277 Non
1152 2251 1288 2286 accepisse.
1304 2250 1395 2285 Neque
1421 2251 1492 2277 enim
1509 2251 1594 2283 abeo,
1612 2251 1657 2286 qui
1669 2252 1734 2278 nihil
1756 2260 1835 2280 acce-

1040 2286 1088 2322 pit,
1103 2287 1247 2321 quidquam
1269 2286 1366 2314 auterri
1383 2288 1479 2320 potuit,
1490 2287 1603 2322 ideoque
1619 2295 1668 2315 nec
1681 2295 1714 2315 cx
1738 2288 1837 2316 damno

1039 2322 1154 2358 quodam
1166 2322 1291 2349 miseriam
1301 2323 1390 2349 sentit.

1077 2358 1190 2385 lteratw.
1217 2358 1336 2385 Sinistra:
1356 2359 1502 2391 niimrum;
1530 2359 1683 2394 ambiguum
1703 2360 1774 2387 enim
1793 2368 1838 2386 va-

1039 2394 1167 2421 letudinis
1182 2401 1280 2421 nomen
1290 2401 1350 2421 esse
1363 2402 1441 2422 nemo
1462 2395 1559 2423 nescit.
1577 2395 1621 2422 Sic
1643 2395 1722 2422 etiam
1739 2396 1766 2422 ιιι
1780 2396 1797 2422 ι.
1807 2396 1839 2422 de

1040 2430 1118 2493 ἔαρι.
1135 2438 1159 2457 c.
1175 2429 1208 2463 V,
1219 2431 1257 2458 ait
1275 2439 1281 2456 :
1298 2429 1470 2458 Observabam
1497 2427 1540 2466 qui
1562 2431 1731 2459 valetudinem
1750 2440 1840 2467 querc-

1059 2472 1145 2493 antur.
1516 2478 1523 2486 -

1059 2472 1145 2494 antur.
1516 2478 1523 2486 ι

1281 2531 1358 2560 Nota:
1371 2534 1404 2560 ad
1420 2533 1502 2570 Caput
1521 2534 1604 2563 VIII.

1079 2601 1121 2628 Id.
1140 2602 1191 2629 Pro
1205 2602 1236 2630 de
1250 2611 1288 2629 eo.

1038 2649 1045 2654 -
1084 2638 1234 2674 [dolat/lyra
1254 2639 1379 2674 dicuntur
1408 2644 1503 2665 carnes
1533 2638 1718 2674 vietimarum',
1759 2641 1834 2668 idolis

1042 2673 1191 2706 ίιηηιοιιιιιε,
1219 2674 1252 2700 ab
1280 2672 1374 2710 miculas
1396 2676 1423 2699 et
1450 2677 1513 2705 ούω,
1551 2676 1621 2709 qttod
1655 2680 1696 2702 est
1711 2672 1837 2710 'immolo,

1045 2718 1092 2737 seu
1101 2709 1230 2749 sacriﬁco.
1250 2710 1289 2749 Ex
1308 2708 1352 2749 his
1367 2708 1593 2749 ergo_i‘ni_m_o_l_alis
1611 2711 1772 2749 quicumque
1794 2708 1840 2749 0οξ

1046 2745 1201 2783 tacuissent,
1221 2744 1358 2783 participes
1377 2745 1496 2783 sacriﬁcii
1512 2745 1582 2772 illius
1594 2766 1601 2778 ,
1617 2744 1736 2783 indeque
1747 2747 1839 2783 polluti

1045 2780 1238 2818 censebantur,
1272 2781 1344 2818 velut
1383 2780 1465 2813 ipsius
1491 2789 1595 2816 quoque
1630 2780 1763 2818 religionis
1786 2789 1841 2810 tzim

1045 2816 1181 2850 sacriiegae
1201 2815 1418 2843 communionem
1451 2824 1509 2842 cum
1534 2815 1830 2851 gentilibus—nubentes

1046 2853 1253 2890 Qnapi-optt-rin
1271 2851 1373 2890 tionril.
1389 2851 1588 2890 llierosolymit.
1603 2854 1679 2890 Actor
1695 2856 1739 2890 15,
1761 2857 1841 2883 etiau.

1047 2889 1117 2917 inter
1131 2888 1184 2916 alia
1199 2887 1398 2923 idolotliytorunt
1413 2895 1474 2915 esus
1489 2887 1690 2928 prohibebatur,
1718 2887 1844 2930 quoniam
