3940 6288
326 298 465 363 i257

1046 382 1051 383 ί
1135 298 1483 365 APPENDIX
1518 300 1798 375 eorum,
1837 300 1908 362 IN

2028 298 2203 362 BRUM
2240 303 2332 363 DE
2374 302 2841 364 ΡΟΕΝΙΤΕΝΤῙΑ.

3480 302 3620 369 1258

399 416 711 498 Thesaqu
744 415 1208 498 ignis_wleriii._lta_
1228 422 1523 498 gehennam,
1546 436 1661 498 seu_
1665 421 1922 498 infernum
1947 422 2001 482 Α
2026 423 2394 498 expediisser,
2427 424 2569 479 illius
2592 425 2848 498 ambitum
2891 423 2964 482 '50
3009 427 3169 498 {ante
3196 441 3436 496 passuum
3490 430 3613 485 mil-

324 489 575 560 appellat,
599 489 978 560 quempariter
1005 493 1056 545 in
1079 489 1361 554 Apeliadv.
1387 510 1503 562 gen.
1527 509 1575 546 c.
1593 494 1661 547 47
1682 489 1815 562 ignis
1831 509 1920 546 ar-

324 562 440 633 cani
477 563 860 633 subterraneum
909 563 976 617 ad
1039 580 1240 633 partem
1293 579 1613 621 THESAURUI
1660 564 1918 619 nominat.

323 631 507 699 Neque
544 632 595 687 id
616 633 829 696 mirum,
858 648 979 690 cum
1005 631 1198 690 omnes
1241 651 1329 691 res
1354 675 1370 702 ,
1425 636 1478 690 in
1546 635 1920 691 reconditoriis

324 702 639 778 quibusdam
665 714 972 778 asservataa,
997 705 1217 778 thesauri
1238 706 1557 778 quandoque
1583 708 1798 761 nomine
1824 721 1920 761 ve-

324 773 494 839 niant;
525 773 602 829 sic
622 774 774 830 enim
798 776 988 832 Cicero
1005 776 1074 831 de
1103 773 1350 843 Oratore,
1399 773 1712 832 memoriam
1749 794 1923 832 rerum

324 847 553 900 omnium
602 847 896 901 thesaurum
919 848 1172 917 appellat.
1203 848 1339 915 Quin
1375 858 1428 903 et
1475 848 1615 917 apud
1670 849 1919 904 Plautum

321 917 617 970 thesaurum
645 918 770 971 mali
793 916 1003 972 dictum
1043 919 1274 974 invenio.
1314 920 1410 973 Est
1458 916 1599 973 enim
1649 934 1750 974 vox
1807 922 1923 975 haec

321 986 628 1060 Grarcorum
653 989 783 1043 alias
811 991 1044 1057 proliria,
1073 990 1264 1060 quibus
1327 993 1557 1060 θησιυρὸς
1593 990 1741 1059 juxta
1784 1006 1921 1046 non—

320 1058 497 1134 [lltllOS
518 1074 548 1112 a
573 1065 755 1114 τιθέναι
779 1064 850 1134 si;
879 1066 1044 1134 ᾳΰριον
1073 1058 1335 1134 (reponere
1377 1059 1440 1116 in
1486 1058 1789 1124 crastinum,
1823 1078 1918 1116 Sctt

321 1130 970 1202 futura_tenipora),’aliis
1013 1130 1111 1189 ἀπὸ
1151 1130 1242 1194 ἑῆς
1289 1140 1475 1200 θέσεως,
1509 1134 1756 1202 positione
1803 1135 1919 1187 auri

323 1201 868 1276 nimirum._deducta
916 1203 1144 1267 videtur,
1193 1204 1337 1276 quod
1383 1201 1571 1259 aurum
1628 1205 1915 1274 praecipue,

322 1275 546 1343 aliarqne
572 1273 835 1345 ejusmodi
875 1290 964 1331 res
995 1273 1247 1345 pretiosas
1272 1277 1526 1332 abscondi
1582 1273 1650 1329 ab
1675 1275 1845 1330 oculis
1866 1286 1921 1331 et

320 1345 506 1401 notitia
526 1346 800 1401 hominum
826 1346 1074 1414 aliorum,
1099 1348 1402 1417 arctiusque
1419 1346 1674 1402 custodiri
1688 1347 1915 1401 soleant.

319 1419 496 1487 Atque
518 1418 679 1475 etiam
706 1417 977 1480 formicas.
1011 1419 1218 1486 aliaque
1243 1419 1508 1483 animalia,
1543 1417 1641 1471 sibi
1678 1419 1921 1473 alimenta

319 1491 373 1544 in
403 1489 648 1558 hyemem
677 1495 916 1560 parantia
944 1504 1007 1545 ac
1053 1490 1381 1545 delodientia
1406 1532 1420 1553 ,
1452 1492 1799 1559 οησανριστικά
1828 1506 1918 1553 τῆς

317 1575 491 1632 τροφῆς
517 1572 639 1628 ζῶα..
668 1576 698 1616 a
731 1560 931 1617 Graecis
957 1563 1095 1616 dicta
1126 1564 1354 1633 reperio.
1393 1562 1521 1616 Esse
1552 1572 1726 1616 autem
1775 1563 1919 1617 circa

318 1642 561 1688 centrum
616 1641 773 1688 terrm
816 1632 1085 1703 ingentem
1143 1647 1461 1703 cavernam,
1501 1635 1658 1702 igneo
1687 1633 1917 1701 quodam

323 1703 472 1758 velut
510 1703 745 1767 Oceano.
776 1705 1048 1773 perpetuis
1100 1704 1402 1759 turbinibus
1441 1702 1673 1769 furente,
1734 1704 1915 1774 reple-

318 1782 453 1848 tam,
470 1775 771 1848 communis
790 1774 1449 1848 Physicorumgpersuasio
1479 1774 1781 1848 estsporr‘o
1817 1791 1917 1848 au-

317 1853 425 1900 tem
442 1845 583 1900 hunc
610 1847 782 1917 ipsum
796 1844 915 1902 esse
932 1844 1130 1917 Inferni
1152 1846 1348 1908 locum,
1373 1859 1567 1917 omnes
1587 1845 1664 1899 illi
1688 1844 1783 1900 SS.
1813 1845 1913 1900 Pn-

318 1925 427 1971 tres
458 1916 704 1983 innuunt,
761 1919 850 1989 qui
906 1916 1222 1979 credidere.
1281 1919 1488 1971 animus
1542 1916 1913 1972 dmnnatorum

319 2002 446 2059 vero
492 2002 556 2043 ac
605 1988 866 2059 materiali
913 1991 1034 2059 igne
1099 1989 1379 2059 torqueri,
1430 2002 1626 2056 nempe
1657 2031 1671 2052 ,
1730 1997 1789 2042 ut
1840 1989 1915 2044 ait

314 2056 551 2131 S.Cypr.
569 2060 620 2114 in
646 2058 707 2114 L.
733 2058 800 2115 de
824 2056 1007 2116 Laude
1029 2056 1287 2131 Martyrii,
1319 2059 1661 2116 cruciantibus
1687 2060 1913 2130 ﬂammis

316 2147 408 2199 per
431 2131 735 2186 horrendam
765 2133 943 2202 spissa
966 2132 1200 2202 caliginis
1223 2140 1454 2202 noctem,
1485 2140 1530 2184 et
1557 2145 1692 2202 swva
1718 2147 1914 2201 semper

313 2202 552 2274 incendia
577 2202 762 2274 camini
784 2201 1195 2274 Iunmmis,etc.
1219 2201 1361 2274 Lege
1387 2203 1469 2257 vel
1488 2201 1661 2257 solum
1693 2202 1750 2257 S.
1768 2204 1907 2274 Aug.

317 2273 355 2327 l.
388 2272 530 2328 XXI.
550 2273 614 2327 de
639 2272 746 2328 Civ.
779 2273 849 2329 Ι).
876 2291 922 2329 c.
956 2273 1046 2329 10.

384 2342 546 2400 Certe
569 2352 746 2400 autem
763 2346 912 2401 illum
934 2346 1072 2415 ignis
1088 2343 1361 2400 infernalis
1386 2346 1679 2399 thesaurum
1704 2343 1757 2399 in
1780 2344 1910 2400 sub.

315 2424 561 2489 terraneo
573 2416 962 2489 quodamloco,
988 2418 1223 2489 ipsisque
1242 2427 1397 2489 terra:
1418 2416 1714 2489 visceribus
1732 2430 1915 2472 recon-

311 2486 481 2542 ditum
510 2486 650 2553 esse,
683 2487 883 2543 tamdiu
930 2486 1369 2558 dicendnmerit
1395 2528 1411 2553 ,
1440 2486 1695 2558 quamdiu
1740 2489 1915 2558 aptior

312 2559 462 2631 locus
478 2573 585 2631 non
614 2561 847 2615 occurrit
865 2560 1022 2631 alios,
1054 2574 1212 2631 quam
1234 2557 1339 2626 hic,
1368 2573 1397 2612 a
1435 2557 1573 2613 Sede
1596 2559 1680 2615 illa
1709 2557 1913 2628 Supre-

315 2644 411 2683 ma
450 2629 883 2700 lacidissimaque
938 2629 1220 2685 Beatorum
1267 2644 1425 2700 quam
1476 2632 1865 2685 remotissimus
1894 2671 1911 2696 ,

312 2700 404 2753 ubi
433 2701 645 2753 nonnisi
672 2702 851 2754 unibra
872 2702 1045 2754 mortis
1064 2711 1113 2754 et
1139 2703 1474 2767 sempiternus
1506 2701 1687 2755 horror
1711 2700 1916 2754 inhabi-

317 2778 389 2823 tat
413 2769 556 2840 (Job,
584 2771 653 2835 X,
684 2770 799 2841 22).
827 2770 967 2826 Sane
992 2781 1318 2826 autem.cum
1346 2771 1459 2840 ipse
1489 2779 1695 2840 patrum
1720 2772 1915 2827 limbus

315 2840 370 2895 in
397 2855 557 2912 quem
586 2840 828 2912 Christus
844 2842 1096 2897 descendit
1124 2843 1193 2896 ad
1252 2843 1440 2912 inferos
1462 2884 1475 2905 ,
1528 2845 1914 2898 subterraneus

315 2911 532 2981 quidam
558 2913 707 2968 locus
726 2911 904 2980 fuerit,
943 2914 1124 2984 quidni
1149 2914 1386 2968 omnium
1424 2913 1560 2968 intra
1593 2924 1749 2969 terra:
1804 2914 1913 2968 vis-

315 2997 437 3037 cera
490 2984 752 3051 inlimum,
797 2994 852 3039 et
912 2984 1381 3055 prolimdissimum
1423 2988 1620 3055 inferno
1677 2986 1917 3055 assigne-

316 3068 457 3122 mus,
481 3054 570 3111 ubi
592 3056 852 3111 materiall
872 3054 992 3126 igne
1022 3071 1126 3110 non
1154 3056 1363 3125 spiritus
1387 3054 1529 3109 illiet
1562 3057 1747 3110 animm
1766 3054 1914 3111 dam-

317 3133 456 3179 natir.
482 3126 760 3194 duntaxat,
785 3128 895 3198 jam
928 3142 1068 3182 nunc
1110 3128 1251 3180 miris
1282 3128 1375 3181 sed
1406 3128 1537 3180 veris
1586 3128 1759 3183 modis
1806 3138 1913 3182 tor-

1946 1820 1993 1879 Β

2027 492 2130 570 lia;
2145 493 2559 570 profunditatem
2588 495 2698 570 8_0_0
2735 513 2913 565 passus
2937 492 3215 555 continere
3237 499 3615 570 deprehendit.

2096 564 2276 640 Pergit
2302 567 2531 640 deinde:
2568 588 2589 620 ί
2615 564 2766 623 Mons
2794 570 3025 639 undique
3052 564 3350 640 praeruptus
3377 572 3427 626 in
3449 582 3615 628 exeas

2030 653 2049 687 ‹
2076 637 2180 690 vati
2210 637 2437 712 cylindri
2468 636 2719 712 formam,
2752 649 2869 712 πρὸς
2897 636 2982 704 τᾶς
3006 636 3146 712 δρθάς
3175 636 3375 697 ambitu
3402 659 3501 699 suo
3515 645 3616 699 de-
3668 692 3687 701 -

2030 724 2048 757 ε
2074 707 2382 763 scandebat.
2404 707 2461 763 In
2480 719 2667 764 centro
2698 707 2843 765 fundi
2865 707 3049 766 natura
3076 726 3231 767 suum
3255 715 3414 768 veluti
3438 716 3615 769 locum

2029 796 2050 829 ‹
2073 779 2416 835 constituisse
2444 781 2749 849 videbatur,
2778 797 2907 838 vere
2928 783 3195 838 Vulcanim
3223 785 3414 839 culinae
3444 785 3616 840 elﬁcie-

2029 867 2048 900 ι
2074 864 2219 924 nam,
2247 851 2576 920 sempiterno
2602 849 2735 906 fumi
2754 852 3195 924 ﬂammarumque
3225 857 3490 922 proﬂuvio
3519 857 3617 912 l'cr-

2029 938 2049 973 t
2073 919 2186 995 vida
2196 937 2269 987 ni,
2290 919 2420 995 διὸ..
2441 924 2497 995 in
2513 923 2874 994 decoquendis
2888 919 3151 995 sulphure,
3172 919 3433 993 bitumine,
3450 938 3618 982 emto-

2029 1009 2047 1044 t
2074 992 2254 1061 risque
2282 994 2617 1067 ii‘iineralium
2645 992 2924 1063 speciebus
2948 992 3267 1067 eliquandis,
3287 992 3613 1054 exorendis-

2030 1082 2047 1115 ι
2071 1064 2412 1139 quc,occnlto
2428 1064 2657 1139 quodam
2677 1064 3309 1139 molimine,fiiiiestisqne
3324 1071 3613 1139 stragibus,

2030 1154 2048 1187 ι
2074 1134 2230 1210 paulo
2257 1136 2623 1210 postedcndis
2649 1179 2663 1203 ,
2706 1148 3053 1206 occupatam;
3101 1134 3363 1210 siquidem
3415 1134 3614 1196 halitus

2029 1223 2048 1257 ι
2074 1206 2499 1283 intnscouelosi,
2529 1207 2605 1283 uti
2631 1210 2896 1283 contineri
2927 1206 3209 1283 nesciipit‘a
3244 1223 3388 1267 tanto
3415 1214 3617 1283 impetu

2029 1295 2046 1327 ι
2070 1287 2124 1355 et
2155 1278 2509 1355 vehementia,
2539 1279 2820 1355 horrendis
2849 1279 3148 1352 fragoribus
3172 1284 3374 1338 sociata
3396 1326 3411 1349 ,
3443 1278 3617 1355 impu-

2028 1367 2048 1399 r
2073 1349 2233 1402 situm
2262 1349 2360 1402 sibi
2389 1364 2527 1403 onus
2546 1350 2923 1418 discutiebant,
2939 1349 3006 1406 'ut
3029 1368 3183 1408 mons
3207 1364 3362 1409 terra:
3380 1349 3615 1410 tremore

2028 1421 2254 1488 «agitari
2302 1421 2607 1485 videretur;
2660 1422 2802 1491 quod
2840 1423 3265 1494 quandocunque
3315 1426 3614 1491 accidebat,

2028 1511 2046 1544 ι
2075 1500 2253 1559 partes
2269 1506 2533 1561 supremae
2556 1494 2751 1547 montis
2774 1494 3064 1559 molliores,
3086 1504 3319 1551 tremore
3340 1511 3618 1555 concussae

2027 1564 2383 1633 (solutaoqnc,
2418 1564 2633 1617 collium
2668 1565 2833 1618 instar
2865 1566 2915 1619 in
2948 1566 3182 1620 barathri
3222 1567 3442 1627 fundum
3486 1584 3619 1623 con-

2029 1654 2046 1686 t
2071 1632 2345 1699 uidentes,
2394 1648 2458 1709 ex
2492 1636 2633 1709 varia
2678 1636 2794 1709 soni
2841 1637 3131 1692 reﬂexionc
3174 1652 3295 1695 eum
3328 1639 3615 1709 fragorem,

2028 1723 2046 1757 ‹
2071 1714 2326 1778 quantum
2368 1706 2630 1775 quispiam
2678 1708 2839 1761 etiam
2882 1709 3225 1778 imperterriti
3277 1706 3505 1777 pectoris
3539 1710 3618 1765 vir

2028 1795 2047 1828 ι
2072 1777 2336 1831 sustinere
2366 1777 2452 1851 vix
2485 1786 2703 1846 posset,
2734 1778 3091 1833 concitabant.
3121 1779 3367 1846 Materia,
3399 1796 3518 1851 qua:
3546 1797 3613 1836 ex

2029 1868 2047 1900 ι
2072 1855 2259 1901 centro
2285 1847 2481 1902 montis
2509 1850 2763 1903 continuo
2793 1852 3135 1904 ernetabatnr
3154 1891 3169 1916 ,
3204 1847 3430 1906 novuiir
3450 1854 3614 1909 veluti

2027 1939 2045 1972 α
2070 1927 2307 1973 montem
2340 1918 3075 1993 elliciebat,mirastriarnm
3105 1923 3376 1993 varietate
3415 1924 3613 1993 pra-di-

2026 2009 2044 2042 t
2072 2000 2205 2055 tum,
2233 2003 2397 2062 quem
2422 1991 2922 2062 variagmineralium
2947 1991 3351 2062 liquel‘actorum
3375 1991 3617 2049 ebulhtio

2026 2081 2045 2116 ‹
2070 2063 2120 2114 in
2143 2076 2332 2139 omnes
2353 2060 2799 2139 circumferentia:
2822 2060 3165 2139 partes'llnxn
3184 2079 3281 2139 suo
3302 2066 3612 2139 coloreque,

2025 2153 2042 2186 ι
2070 2147 2211 2187 nunc
2235 2132 2390 2204 uiridi
2418 2147 2617 2202 exiere,
2640 2134 2955 2202 moderatim
2982 2149 3046 2190 ex
3075 2135 3336 2204 sulphure,
3359 2132 3610 2204 arsen'ico,

2026 2225 2045 2258 ι
2066 2215 2119 2259 et
2148 2203 2502 2277 sandaracha,
2509 2204 2619 2274 jam
2649 2205 2801 2259 rubro
2829 2220 2895 2260 ex
2916 2203 3179 2260 cinnabari
3205 2207 3475 2277 minioque,
3502 2203 3615 2276 jaui

2025 2295 2044 2330 ι
2071 2276 2214 2343 nigro
2244 2290 2307 2330 ex
2336 2276 2534 2329 vitriolo
2566 2276 2720 2346 aquis
2753 2277 2942 2342 mixto,
2976 2278 3057 2333 vel
3096 2293 3159 2332 ex
3202 2278 3331 2347 ipsis
3365 2276 3618 2334 cineribus

2027 2368 2044 2401 ι
2068 2347 2325 2413 cinericio,
2346 2347 2623 2417 ingenioso
2641 2357 2844 2401 natura:
2862 2348 3110 2416 penicillo
3122 2347 3572 2415 elformabat,ctc.
3590 2371 3608 2403 ι

2020 2421 2192 2486 Atque
2222 2417 2335 2472 [nec
2351 2417 2417 2471 de
2438 2418 2714 2487 fumariolo
2737 2419 2826 2473 illo
2860 2417 3138 2474 Vesuviano
3164 2419 3477 2476 Kircherns.
3497 2422 3612 2476 Non

2021 2493 2213 2546 mirum
2229 2499 2404 2545 autem
2422 2490 2591 2544 videri
2620 2489 2809 2555 debet,
2826 2492 3021 2545 abaliis
3034 2492 3192 2546 aliter
3215 2494 3438 2547 crateris
3468 2494 3612 2547 illius

2019 2561 2427 2634 amplitudinem
2455 2568 2510 2616 et
2536 2562 2800 2634 internum
2828 2562 3265 2634 constitutionem
3291 2561 3612 2634 descriptam

2019 2633 2183 2687 fuisse
2203 2673 2216 2698 ,
2249 2645 2371 2686 cum
2402 2642 2519 2698 post
2546 2632 2754 2703 singula
2783 2633 3027 2689 incendia
3050 2676 3063 2700 ,
3096 2643 3154 2688 ut
3182 2633 3296 2688 ﬂeri
3326 2632 3608 2691 neceésnm

2019 2714 2154 2766 erat,
2189 2704 2348 2757 aliam
2375 2703 2566 2757 faciem
2599 2704 2835 2758 induisse
2864 2706 3231 2774 deprehensus
3262 2706 3438 2761 fuerit.

2092 2776 2198 2831 Sed
2229 2775 2348 2847 vide
2371 2774 2480 2847 jam
2512 2774 2657 2829 aliud
2698 2776 2959 2843 ejusmodi
3001 2776 3367 2847 fluitariolum,
3421 2790 3613 2834 ιετκλκ

2021 2847 2234 2909 Siciliae,
2270 2844 2552 2920 ab_eodem
2576 2847 2887 2920 att/ianuam,
2903 2844 3043 2920 teste
3058 2862 3241 2920 rursus
3262 2850 3497 2920 «etiam,
3523 2851 3616 2904 dea

2018 2919 2298 2988 scriptum;
2331 2917 2532 2988 dequo
2564 2917 2625 2972 L.
2658 2917 2746 2983 IV,
2778 2918 2854 2972 Μ.
2889 2919 2951 2972 S.
2984 2919 3122 2973 δραι.
3152 2918 3192 2972 1.
3229 2934 3275 2972 c.
3309 2917 3342 2972 8
3369 2928 3415 2972 et
3444 2917 3508 2985 9,
3536 2924 3616 2977 sic

2018 2987 2269 3061 loquitur:
2295 3005 2316 3039 ι
2347 2987 2425 3061 Ad
2448 3004 2714 3061 summum
2738 2989 2994 3061 verticem
3020 3004 3111 3059 per
3135 2989 3493 3061 vastissimum
3546 2992 3615 3046 12

2025 3080 2042 3113 ι
2070 3057 2517 3133 milliariumltal.
2546 3062 2596 3114 in
2622 3060 2825 3133 ambitu
2846 3057 3108 3133 craterem
3134 3058 3359 3115 fatiscit»
3388 3060 3496 3133 (alii
3518 3063 3610 3131 50,

2019 3146 2339 3201 rursumque
2361 3131 2448 3184 alii
2463 3132 2532 3185 40
2564 3131 2725 3185 millia
2746 3147 3007 3202 passuum,
3027 3130 3188 3199 aliqui
3222 3146 3346 3186 vero
3360 3130 3612 3201 pauciora

313 3207 575 3273 queatur,
606 3203 699 3253 sed
727 3200 853 3252 olim
875 3214 1086 3270 quoque
1109 3198 1191 3253 hze
1219 3201 1269 3251 in
1293 3199 1522 3273 receptis
1549 3200 1659 3253 suis
1715 3214 1907 3270 corpo-
1934 3209 1979 3273 ρ
2012 3198 2457 3262 circumfer-cutim
2478 3203 2716 3272 ejusdem
2740 3198 3033 3273 assignant,
3051 3198 3254 3258 scilicet
3276 3198 3481 3258 cra—tere
3511 3204 3613 3259 hoc

313 3269 464 3341 ribus
489 3285 586 3338 per
611 3286 823 3324 omnem
851 3269 1203 3325 mternitatem
1221 3269 1498 3334 ardebunt,
1523 3285 1738 3341 semper
1757 3269 1909 3326 uren-

315 3340 391 3405 di,
412 3350 471 3410 et
497 3355 765 3410 nunquam
798 3341 1171 3396 eomburendi‘!

391 3409 719 3466 Fumariola.
778 3412 1000 3485 ltaﬂper
1047 3412 1263 3485 ironiam
1318 3421 1474 3485 vorat
1528 3411 1729 3485 Montes
1771 3415 1908 3485 igni-

314 3496 485 3556 vomos
513 3497 609 3556 per
623 3484 1133 3556 terramdiapersos,
1155 3493 1208 3538 et
1228 3483 1336 3556 jam
1361 3483 1670 3556 Tertulliani
1704 3483 1910 3556 tenipo-

316 3553 464 3608 ribus
486 3554 772 3627 terﬁribiles,
822 3553 1088 3627 Vesuvium
1115 3555 1380 3627 pragcipue
1408 3569 1472 3609 ac
1498 3554 1734 3621 AEmam,
1776 3553 1911 3627 quos

318 3641 415 3698 pro
443 3626 657 3679 caminis
680 3627 867 3698 inferni
895 3640 963 3698 ex
1013 3625 1253 3697 Physicis
1306 3627 1443 3679 haud
1494 3625 1907 3695 pauciliabent.

315 3695 482 3751 Aiunt
510 3698 674 3762 enim,
704 3695 995 3771 centralcm
1034 3695 1299 3771 terraquae
1342 3708 1540 3753 nostrae
1593 3700 1768 3770 ignem
1815 3715 1912 3771 per

318 3784 606 3842 pyragogos
630 3771 844 3825 canales
872 3768 925 3823 in
957 3770 1096 3842 varia
1119 3767 1230 3842 alia
1252 3767 1727 3838 receptaculafseu
1760 3767 1912 3842 pyro-

320 3839 578 3912 phylnciu,
611 3856 826 3912 sursum
859 3840 1120 3911 protrudi,
1145 3839 1375 3911 indeque
1431 3855 1593 3910 porro
1642 3858 1737 3912 per
1762 3839 1911 3897 alios

319 3911 580 3980 ejusmodi
608 3911 819 3975 ductus,
852 3913 995 3966 varie
1028 3911 1325 3982 implexos,
1375 3913 1441 3964 ad
1484 3911 1652 3981 usque
1707 3913 1911 3968 telluris

315 3991 515 4053 plostra)
532 3983 869 4053 superlieiem
896 3984 1092 4053 urgeri,
1109 3983 1280 4037 donec
1301 3982 1513 4036 tandem
1541 3997 1633 4049 per
1650 3986 1912 4037 montium

316 4052 531 4106 illorum
561 4068 852 4108 cavernoso
883 4054 1149 4121 spiracula
1178 4057 1380 4107 exitum
1417 4054 1649 4118 reperiat
1679 4094 1693 4118 ,
1719 4068 1781 4107 ac
1831 4055 1913 4108 in-

317 4122 561 4192 credibili
594 4135 977 4192 nonnunquam
1006 4124 1054 4176 vi
1080 4138 1199 4177 sese
1231 4124 1282 4177 in
1305 4134 1519 4191 apertas
1539 4134 1695 4177 noras
1711 4138 1914 4179 exone-

320 4203 425 4247 ret.
458 4191 594 4265 Sunt
634 4194 796 4248 etiam
839 4191 934 4264 qui
983 4193 1213 4257 dicunt,
1273 4208 1658 4263 nonnunquam
1715 4197 1769 4248 in
1826 4195 1910 4252 his

321 4263 592 4318 inmitibus
644 4263 934 4317 (mimarum
991 4266 1346 4335 destinatarum
1402 4264 1631 4335 ejulatus
1688 4266 1908 4323 audiri:

318 4337 459 4405 quod
491 4336 608 4389 aliis
636 4338 855 4390 omnino
884 4335 1194 4389 fabulosum.
1230 4333 1406 4389 Facile
1435 4333 1628 4390 autem
1674 4336 1786 4392 lieri
1821 4354 1913 4407 po-

324 4410 487 4461 llllSsB
508 4408 713 4476 judico,
747 4418 803 4479 ut
823 4407 1155 4461 subterranei
1180 4407 1367 4479 horum
1391 4407 1651 4479 montium
1680 4412 1913 4479 mugitus

319 4492 689 4547 saepenumero
706 4478 866 4532 etiam
891 4478 1146 4532 remotius
1164 4477 1347 4541 auditi,
1366 4477 1600 4532 credulis
1620 4494 1681 4534 ac
1709 4477 1912 4536 terrore

324 4549 583 4618 perculsis
606 4550 875 4605 mentibus
904 4549 1191 4603 terrilicnm
1215 4548 1318 4604 hoc
1344 4549 1562 4618 phasma
1592 4550 1908 4613 incuterent.

398 4618 465 4674 Ut
488 4602 965 4691 autciirfunitirioltt
1001 4618 1114 4674 hinc
1153 4602 1386 4690 penitids
1407 4608 1694 4675 noscamus
1719 4661 1735 4688 ,
1767 4639 1913 4691 quae.
1936 4602 1989 4663 Β

322 4689 447 4744 dant
478 4706 544 4745 ex
568 4689 780 4745 oculata
812 4702 965 4753 teste,
993 4689 1279 4746 immortali
1309 4694 1422 4746 viro
1448 4694 1729 4747 Athanasio
1781 4689 1911 4748 Kir-

323 4763 493 4835 clufro,
506 4763 727 4835 ejusque
745 4762 956 4833 Prin/ut.
977 4762 1045 4817 ad
1060 4762 1113 4816 Μ
1122 4765 1314 4817 nudum
1325 4779 1478 4817 suum
1492 4764 1775 4819 subterran.
1797 4781 1917 4835 pro—

330 4833 459 4902 priis
479 4834 715 4903 ejusdem
744 4836 944 4907 v_erbis,
979 4850 1046 4889 ne
1070 4836 1194 4905 quid
1212 4835 1479 4889 addidisse
1495 4836 1695 4902 videar,
1725 4833 1918 4907 depro-

326 4919 473 4977 mere
494 4907 719 4974 juvabit.
752 4905 884 4960 Cum
915 4908 1074 4977 igitur
1104 4910 1180 4962 rei
1229 4907 1461 4961 visenda:
1512 4908 1777 4963 desiderio
1798 4905 1920 4966 ’8ιί-

325 4976 577 5048 ululatus,
611 4987 729 5047 post
756 4976 1029 5048 superatas
1052 4978 1291 5047 ingentes
1311 4979 1651 5035 difﬁcultates
1668 4980 1720 5034 in
1762 4997 1924 5038 vesu-

327 5062 421 5109 vn,
455 5045 750 5118 Catiipauia:
771 5045 966 5103 utentis
989 5092 1004 5117 ,
1032 5045 1336 5104 summitate
1379 5051 1643 5106 eluctatus
1688 5053 1871 5107 l'uiSset
1905 5070 1920 5109 :

334 5135 352 5167 ι
394 5118 811 5195 Grutercm,ait,
846 5131 1012 5175 totum
1043 5120 1165 5195 igne
1193 5121 1757 5195 (horrendumdicm!)
1799 5126 1919 5180 illit-

334 5207 352 5239 ι
384 5191 638 5245 minatum
663 5191 789 5258 vidi,
820 5206 940 5246 cum
971 5191 1288 5263 intolerabili
1316 5194 1585 5263 sulphuris
1606 5202 1659 5248 et
1703 5191 1922 5251 bitumi-

334 5278 353 5311 ι
393 5262 474 5315 nis
502 5263 740 5317 ardentis
788 5265 1031 5334 Incpliiti.
1068 5261 1175 5317 Hic
1229 5261 1448 5334 prorsus
1497 5265 1561 5317 ad
1616 5265 1924 5323 inusitatum

338 5353 357 5386 ι
393 5334 470 5389 rei
521 5332 891 5404 spectaculum
923 5339 1179 5389 attonitus
1206 5374 1223 5400 ,
1277 5332 1566 5402 lnferormn
1610 5336 1925 5391 domicilium

336 5424 355 5458 ι
392 5420 478 5460 me
504 5406 696 5463 intueri
714 5406 1017 5468 credebam,
1043 5408 1094 5459 in
1118 5421 1229 5476 qun
1254 5414 1447 5473 praeter
1474 5407 1763 5460 dauuonum
1796 5407 1924 5462 bor-

338 5497 357 5529 ‹
394 5479 554 5533 renda
568 5480 844 5548 phasmata
862 5478 929 5531 nil
944 5477 1078 5531 adeo
1094 5475 1237 5548 aliud
1258 5476 1447 5530 deesse
1472 5477 1768 5532 videbatur.
1795 5479 1929 5534 llor-

338 5569 358 5602 ι
398 5550 547 5603 rendi
572 5547 1000 5619 percipiebantur
1013 5547 1214 5602 montis
1227 5549 1458 5618 mugitus
1470 5558 1523 5601 et
1545 5550 1805 5611 fremitus.
1826 5566 1893 5618 pu
1906 5581 1926 5595 -

338 5642 356 5674 ι
391 5629 472 5675 lor
502 5620 905 5691 inexplicabilis,
934 5619 1768 5691 lutitorsubftlscisigniumglobis
1794 5621 1927 5675 mix-

341 5712 362 5746 ι
398 5701 470 5757 lo,
501 5690 639 5763 quos
659 5707 726 5746 ex
750 5692 807 5745 ll
840 5690 1066 5746 diversis
1094 5690 1224 5746 locis
1271 5701 1382 5746 tum
1408 5691 1621 5763 fundus,
1653 5701 1762 5744 tum
1792 5691 1926 5746 late-

338 5781 358 5815 σ
389 5779 445 5818 ra
464 5761 684 5830 montis,
721 5764 980 5818 continuo
1006 5765 1337 5818 eructabant.
1380 5780 1398 5815 ι
1423 5761 1557 5816 Cum
1588 5777 1717 5816 vero
1738 5771 1921 5831 panto-

335 5845 547 5890 metrum
569 5848 724 5891 suum
750 5833 815 5890 ad
850 5833 1099 5890 terribilis
1126 5835 1264 5891 illius
1284 5834 1504 5892 Crateris
1529 5833 1922 5891 dimensioncm

2016 3274 2284 3338 inlernali,
2323 3289 2415 3342 pro
2449 3274 2612 3329 variis
2642 3275 2990 3341 temporibus,
3022 3288 3085 3328 ac
3116 3274 3386 3329 horribilis
3416 3278 3494 3329 sui
3528 3274 3613 3330 fu-

2014 3348 2150 3404 roris
2169 3346 2588 3401 circumstantiis
2606 3356 2656 3401 et
2671 3345 2969 3412 effectibus,
2985 3348 3152 3415 magis
3170 3346 3415 3399 minusve
3433 3347 3612 3402 hiante

2013 3431 2174 3491 atque
2215 3416 2487 3487 distento)
2520 3419 2651 3486 «qui
2679 3417 2848 3471 arduo
2887 3418 3179 3491 introrsum
3222 3418 3365 3491 clivo
3407 3432 3528 3491 sese
3554 3419 3607 3473 in

2021 3510 2039 3545 ι
2069 3486 2263 3545 tartara
2298 3486 2471 3559 usque
2495 3496 2762 3557 angustat;
2799 3488 3154 3559 praecipitium
3183 3487 3298 3541 visu
3330 3486 3608 3559 horribile,

2021 3582 2041 3617 ι
2070 3560 2329 3621 ﬂammis,
2363 3560 2531 3625 fumo,
2567 3568 2677 3614 tum
2703 3574 2767 3615 ex
2798 3560 3066 3625 iinoxtum
3093 3574 3162 3615 ex
3187 3560 3358 3624 latere
3387 3561 3606 3627 montis,

2021 3653 2040 3688 ‹
2072 3649 2193 3690 cum
2224 3630 2494 3685 horrendo
2510 3635 2735 3701 mugitu.
2761 3631 3010 3686 tonitruis
3024 3645 3128 3686 non
3158 3630 3408 3693 absimili,
3432 3644 3609 3685 erum-

2022 3725 2042 3759 ι
2072 3704 2340 3777 pentibus,
2360 3704 2498 3758 adeo
2522 3702 2945 3777 immutandum,
2970 3711 3027 3757 ut
3050 3701 3137 3757 vel
3161 3703 3273 3777 ipsa
3300 3702 3611 3772 imaginatio

2022 3774 2281 3848 «jamJam
2316 3775 2563 3848 instantis
2606 3775 2739 3845 ignis
2770 3790 2834 3848 ac
2863 3774 3064 3848 ruinae,
3094 3774 3386 3848 neminem,
3417 3788 3607 3843 quam-

2019 3863 2040 3901 ι
2061 3843 2259 3901 tumvis
2285 3843 2695 3901 audacissimum
2730 3855 2784 3900 et
2812 3844 3154 3915 intrepidum,
3181 3859 3284 3897 non
3307 3843 3482 3914 primo
3501 3855 3612 3898 sta-

2020 3938 2039 3970 c
2073 3920 2164 3972 tim
2193 3925 2523 3980 consternat,
2554 3924 2719 3987 atque
2748 3931 2777 3970 a
2804 3916 3035 3986 quodam
3063 3915 3208 3970 velut
3235 3915 3477 3970 inlernali
3508 3918 3604 3969 tn:-

2020 4006 2041 4040 ε
2071 3988 2252 4042 rathro
2279 3995 2505 4041 avertat.
2539 4005 2557 4038 ι

2087 4059 2156 4112 Ει
2185 4067 2305 4129 post
2329 4059 2489 4112 aliam
2516 4058 2762 4114 immensi
2791 4056 2952 4128 hujus
2983 4055 3606 4129 hiatusdescrlptionem

2013 4132 2092 4188 sic
2121 4126 2489 4200 prosequitur:
2530 4148 2549 4182 ε
2583 4129 2790 4200 Voragu
2817 4126 2923 4184 tam
2951 4126 3212 4201 profunda
3237 4136 3321 4183 est
3345 4169 3360 4193 ,
3391 4138 3608 4201 utrem—

2022 4220 2040 4256 ι
2072 4196 2193 4257 nom
2222 4196 2390 4255 visum
2418 4201 2653 4271 effugiat,
2684 4196 2918 4272 seopulis
2945 4196 2995 4255 in
3024 4198 3238 4254 modum
3268 4196 3607 4272 pyramidan

2021 4292 2040 4326 ι
2068 4288 2133 4328 ex
2151 4272 2405 4327 lateribus
2418 4271 2830 4342 exsurgentibns
2858 4271 3163 4327 metuenda:
3186 4284 3240 4326 et
3268 4271 3391 4325 eum
3419 4272 3617 4340 latera,

2020 4363 2038 4397 ι
2064 4353 2212 4400 recto
2240 4355 2293 4398 et
2321 4346 2746 4414 perpendiculari
2774 4345 3116 4415 scopulorum
3155 4343 3318 4415 ductu
3352 4343 3607 4398 deorsum

2020 4434 2039 4468 ‹
2070 4415 2324 4485 parallelo
2349 4416 2613 4487 descensu
2641 4414 2881 4487 vergant,
2910 4417 3063 4486 juxta
3091 4414 3297 4487 opticas
3325 4423 3500 4469 tamen
3530 4416 3608 4469 le-

2019 4505 2039 4538 t
2067 4503 2181 4556 ges,
2207 4502 2272 4540 ex
2296 4487 2456 4540 nimia
2476 4486 2811 4552 distantia,in
2829 4496 3017 4542 centro
3041 4486 3188 4539 coire
3208 4486 3473 4548 videntur,
3496 4494 3604 4539 etc.

2020 4576 2039 4610 ‹
2070 4558 2125 4612 In
2157 4556 2324 4613 fmido
2351 4556 2371 4628 (
2393 4559 2584 4612 mirum
2614 4557 2757 4612 dictu
2780 4557 2837 4629 l)
2866 4572 2931 4629 ex
2962 4557 3212 4629 continua
3241 4556 3607 4629 materizemi-

2022 4647 2040 4681 ι
2072 4629 2271 4683 neralis
2296 4626 2649 4695 eructatione,
2680 4626 2995 4697 etc.,'ve|uti
3025 4628 3265 4680 lacunam
3293 4626 3603 4692 quamdam,

1980 4726 1985 4731 -
2023 4717 2041 4751 ι
2076 4699 2358 4767 liquefacto
2388 4700 2606 4756 metallo
2626 4714 2924 4765 coruscam,
2952 4711 3166 4765 semper
3186 4711 3271 4750 me
3291 4697 3608 4752 observasse

2025 4791 2044 4824 ι
2076 4771 2520 4827 memini.Latera
2551 4772 2745 4841 passim
2776 4786 2871 4840 per
2893 4767 3375 4838 corrcSpondentes
3402 4776 3610 4824 meatus

2027 4862 2046 4896 s
2074 4852 2388 4913 perpetuum
2417 4840 2616 4897 funium
2642 4844 2698 4896 in
2720 4842 2962 4911 plurimis
2995 4840 3126 4913 locis
3145 4847 3603 4913 evomunt_._quem

2028 4933 2048 4968 ‹
2074 4908 2234 4969 noctu
2275 4916 2540 4990 ﬂammam
2573 4908 2854 4990 accensam
2885 4909 3355 4990 deprehendimus.
3395 4908 3607 4990 vorago

2032 5006 2050 5039 ι
2076 4991 2342 5056 nunquam
2361 4987 2476 5040 sine
2492 4985 2708 5056 fremitu
2727 4993 2781 5039 et
2797 4983 3086 5056 mugitibus
3101 4991 3203 5049 est,
3227 4994 3363 5055 quos
3377 4980 3608 5035 subimte

2032 5076 2051 5111 ι
2083 5068 2189 5111 tam
2205 5054 2513 5112 horrendos
2542 5055 2649 5111 edit
2674 5097 2687 5120 ,
2721 5064 2776 5108 ut
2806 5054 2888 5109 vel
2919 5057 3090 5123 ipsum
3135 5060 3383 5123 montem,
3416 5060 3609 5106 treme-

2034 5148 2053 5181 ι
2080 5129 2291 5183 faciant.
2326 5127 2524 5191 Verbo,
2557 5126 2646 5196 qui
2675 5122 3048 5196 admirandam,
3070 5139 3158 5196 om
3182 5122 3318 5196 Opt.
3340 5122 3478 5177 Max.
3509 5137 3611 5192 po-

2035 5219 2054 5253 t
2082 5201 2301 5254 tentiam
2348 5199 2541 5252 intueri
2578 5194 2893 5263 desiderat,
2945 5196 2991 5251 is
3039 5194 3344 5263 httjttsntodi
3396 5202 3606 5248 montes

2037 5290 2055 5324 ι
2084 5270 2279 5334 adeat,
2308 5277 2362 5323 et
2392 5281 2594 5324 naturae
2623 5268 2999 5323 miraculorum
3043 5263 3321 5323 elfcctibus
3364 5263 3608 5321 ineffabi-

2037 5341 2219 5395 tlibns
2263 5338 3029 5410 attonitus‘stupclactusqne,
3082 5336 3371 5410 identidem
3419 5336 3607 5389 intimo

2039 5432 2056 5465 ι
2086 5411 2263 5466 cordis
2287 5410 2478 5466 all‘ectu
2518 5406 2862 5479 pronuntiare
2893 5406 3142 5479 cogetur:
3171 5406 3217 5463 Ο
3238 5420 3503 5461 Αιτιτυυο
3530 5420 3608 5460 Dl-

2038 5502 2057 5535 σ
2085 5497 2338 5537 γιτιΑειωι
2368 5478 2659 5536 sarien'rm:
2685 5491 2733 5535 et
2762 5478 3017 5536 sensurus
3056 5481 3179 5535 DEI!
3225 5495 3377 5549 quam
3416 5478 3610 5549 incom-

2039 5573 2057 5606 ι
2089 5554 2446 5623 prehenstbiliu
2471 5562 2585 5606 sunt
2612 5552 2813 5623 judicia
2848 5561 2956 5623 tua,
2986 5561 3033 5606 et
3060 5566 3215 5623 quam
3238 5547 3610 5619 inuestigabilis

2035 5644 2054 5676 ι
2083 5620 2175 5679 uite
2204 5634 2321 5691 Iure,
2356 5625 2484 5679 etc.‘.
2524 5641 2542 5674 ι
2576 5620 2679 5693 (Ad
2710 5623 2860 5677 llam.
2883 5622 2976 5689 XI,
3005 5620 3204 5694 v.33.)

2100 5695 2244 5749 Ictus
2273 5689 2538 5749 suscitant.
2567 5689 2856 5749 Terribiles
2900 5708 3030 5749 sane
3079 5695 3148 5748 ab
3173 5689 3434 5764 ejusmodi
3458 5702 3613 5747 mon-

2028 5767 2201 5832 tibus,
2243 5768 2447 5837 integra
2503 5766 2746 5821 incendia
2786 5778 3186 5837 nonnumquam
3225 5766 3613 5837 eructautihns,

2024 5852 2087 5895 ac
2140 5839 2288 5896 velut
2335 5833 2599 5895 infernum
2649 5838 2821 5909 ipsum
2859 5833 3229 5897 evome'ntlbus
3278 5833 3617 5907 (quanquam
