3940 6288
267 319 409 381 1245

1065 318 1413 381 APPENDIX
1449 317 1728 392 QUINTA,
1768 316 1836 377 ΙΝ
1874 317 2130 380 LIBRUM
2171 319 2259 380 DE
2290 318 2765 382 PfENlTENTlA.

3424 313 3577 383 ΗΔΘ

345 439 420 494 Ex
455 437 552 493 hac
592 451 755 509 ergo,
802 443 857 494 et
894 434 1139 509 plurimis
1177 436 1294 492 aliis
1332 435 1606 501 victoriis,
1636 449 1770 506 quas
1798 435 1866 492 de
1892 436 1944 497 Α
1968 436 2143 509 bouis;
2202 450 2311 509 non
2377 437 2517 492 enim
2598 435 2651 509 id
2716 405 3030 509 naturaliter
3083 428 3201 491 ﬁeri
3257 436 3555 504 potuisset,

272 511 422 583 Syris
446 553 480 583 ,4
499 508 780 583 Phoeniciis
803 551 818 575 ,

271 578 437 637 m'ulto
461 581 572 652 jam
598 581 808 646 elatior,
838 578 1026 651 suique
1046 579 1264 652 nimium
1292 579 1559 652 impotens
1584 578 1752 634 factus
1778 594 1867 652 es-

269 662 388 718 set,
429 650 644 709 demum
682 651 749 706 ad
793 650 1153 720 castigandam
1192 650 1309 717 ejus
1346 650 1685 719 superbiam.
1720 650 1865 705 nulla

266 728 376 794 jam
399 725 499 778 alia
521 724 729 778 ratione
744 721 1342 794 expugnabilem,_Deus
1361 721 1459 790 ipsi
1487 736 1581 794 per
1599 722 1865 776 somnium

269 791 477 852 arboris
505 791 914 865 procerissimae,
962 803 1017 849 et
1061 791 1456 860 pulcherrimae,
1481 792 1575 865 sed
1623 808 1717 861 per
1752 807 1868 865 ina-

267 883 395 923 num
422 863 594 937 angeli
618 866 859 930 succisae,
882 865 1025 919 omni
1048 874 1238 937 ornatu
1263 878 1364 917 suo
1387 863 1650 937 spoliatae,
1674 863 1868 918 radicis

265 940 383 1009 ejus
421 934 623 991 uinculo
651 940 818 1009 ferreo
845 946 900 990 et
934 950 1068 1009 terea
1104 935 1360 1009 alligatae,
1396 946 1522 1009 etc.,
1546 934 1749 988 futuras
1776 949 1869 988 su-

263 1004 466 1081 perbia:
495 1023 605 1064 sua:
634 1004 823 1078 poenas
850 1005 1103 1081 ostendit,
1136 1004 1546 1081 somnium‘hoe
1564 1012 1868 1081 exponeute

263 1074 501 1144 Daniele,
532 1074 820 1150 regemque
850 1078 914 1132 ad
938 1076 1313 1150 pteniteniism
1341 1074 1867 1150 efﬁcaciter-adhor—

262 1161 411 1207 tante
450 1171 463 1207 :
510 1146 747 1206 Peccata’
774 1158 861 1203 tua
899 1146 1228 1218 eleemosynis
1261 1146 1475 1210 redime,
1503 1156 1548 1201 et
1578 1147 1868 1217 iniquitates

261 1234 378 1278 tuas
407 1221 767 1277 misericordiis
796 1235 1078 1292 pauperum
1113 1233 1131 1270 :
1164 1218 1397 1292 forsitan,
1416 1218 1638 1292 ignoscet
1668 1219 1867 1292 delictis

262 1294 469 1350 tuis.At
483 1308 609 1347 vero
625 1308 743 1347 cum
780 1288 995 1346 monitis
1025 1299 1129 1343 tam
1158 1288 1484 1343 Salutaribus
1515 1289 1625 1343 Rex
1657 1288 1868 1343 obtem-

262 1381 452 1446 perare
476 1364 638 1448 nimis
656 1362 1006 1448 pertinaciter
1034 1369 1357 1448 recusasset,
1393 1360 1632 1448 ian't‘lelm,‘
1660 1359 1867 1448 induite

260 1430 425 1492 etiam
453 1430 719 1489 duodecim
748 1433 990 1487 mentium
1017 1432 1209 1500 spatio,
1232 1431 1287 1484 in
1317 1431 1438 1485 aula
1468 1431 1749 1501 Babylonis
1779 1430 1859 1485 de-

257 1507 529 1562 ambulans
555 1506 687 1561 dixit
712 1522 727 1561 :
761 1504 947 1559 Nonne
975 1504 1085 1558 haec
1109 1512 1181 1557 est
1206 1517 1443 1557 nsanos
1474 1517 1651 1558 IAGNA
1672 1542 1685 1564 ,
1714 1518 1867 1569 quam

261 1594 365 1635 eeo
411 1577 661 1648 wdiﬁcavi
704 1578 758 1631 in
791 1590 974 1648 bonum
1012 1589 1220 1648 acsts,
1243 1574 1297 1648 in
1333 1574 1513 1648 robore
1547 1571 1868 1648 fortitudinis

257 1666 384 1707 una:
409 1692 423 1718 ,
467 1643 527 1720 eti
551 1652 604 1702 in
642 1648 809 1720 gloria
841 1646 1064 1720 decoris
1090 1646 1226 1720 uel?
1253 1644 1388 1720 Quid
1426 1643 1599 1720 ergo?
1642 1643 1869 1720 Cumque

256 1714 426 1777 sermo
462 1719 629 1774 adhuc
643 1714 795 1773 'esset
832 1719 887 1771 in
912 1733 999 1770 ore
1023 1716 1198 1788 Regis,
1218 1731 1316 1770 vox
1346 1715 1409 1770 de
1434 1714 1561 1771 caelo
1583 1716 1685 1769 ruit
1714 1731 1868 1788 :H'rtut

254 1807 494 1859 DICITUR,
526 1788 931 1845 Nabucltodosor
968 1804 1060 1842 rex
1089 1785 1117 1841 ε’
1135 1785 1368 1857 Regnum
1407 1797 1548 1841 tuum
1578 1786 1808 1842 transibit
1835 1804 1868 1840 a

255 1874 324 1930 te,
350 1875 394 1918 et
422 1858 537 1918 cum
565 1862 732 1917 bestiis
759 1869 805 1914 et
833 1860 954 1928 [eris
973 1859 1067 1912 erit
1093 1858 1338 1912 habitatio
1359 1868 1468 1925 tua,
1498 1861 1690 1930 [mnum
1715 1858 1863 1928 quasi

253 1929 344 1990 bos
369 1935 619 2001 comedes,
648 1943 693 1986 et
713 1941 901 2002 septem
925 1942 1153 1999 tempora
1179 1929 1505 2002 mutabuntur
1523 1945 1676 2002 super
1695 1939 1742 2002 te
1765 1929 1861 1983 do—

253 2022 347 2061 nec
371 2008 522 2068 scias,
549 2000 686 2076 quod
712 2000 1002 2076 dominetur
1026 2015 1295 2076 usususus
1313 2000 1367 2076 in
1383 2016 1544 2076 regno
1572 2000 1854 2076 hominum,

252 2087 302 2135 et
346 2071 623 2148 cuicunque
655 2074 902 2139 uoluerit,
947 2073 1030 2148 det
1070 2071 1222 2126 illud.
1260 2071 1397 2137 Quid
1437 2071 1615 2148 autem
1639 2073 1859 2148 _po_rro_?

251 2148 451 2203 Eadem
482 2141 609 2202 liora
642 2162 805 2207 sermo
840 2142 1118 2213 completus
1158 2152 1231 2198 est
1262 2158 1414 2211 super
1444 2141 1860 2205 Nabuchodono-

250 2237 358 2286 sor,
389 2229 437 2274 et
462 2236 525 2275 ex
557 2218 845 2274 hominibus
870 2217 1058 2288 ejectus
1082 2222 1177 2288 est,
1210 2222 1257 2268 et
1284 2215 1473 2283 {tenam
1504 2224 1558 2288 ut
1584 2216 1672 2267 bos
1691 2230 1859 2288 come-7

251 2285 351 2357 dit,
379 2293 567 2346 et’rore
596 2290 708 2345 caeli
734 2285 921 2357 corpus
948 2287 1059 2357 ejus
1087 2286 1332 2356 infectum
1358 2295 1462 2351 est,
1495 2285 1654 2340 donec
1680 2286 1857 2355 capilli

252 2365 364 2435 ejus
387 2363 442 2417 in
470 2360 852 2435 similitudinem
900 2357 1188 2435 aquilarum
1223 2364 1534 2435 crescerent,
1573 2365 1626 2435 _et
1665 2372 1857 2428 ungues

251 2427 367 2505 ejus
394 2435 540 2506 mtasi
583 2434 774 2506 avium,
804 2427 951 2486 Cum
976 2443 1110 2506 vero
1139 2429 1191 2481 in
1234 2427 1537 2506 miserrimo
1571 2428 1675 2506 hoc
1712 2437 1856 2483 statu

252 2499 351 2576 per
388 2499 593 2576 septem
615 2503 853 2576 omnino
888 2515 1058 2557 annos
1099 2500 1237 2555 inter
1266 2499 1476 2576 bestias
1502 2500 1736 2576 egisset,
1769 2516 1857 2576 sa-

251 2570 425 2648 iisque
453 2570 566 2648 jam
612 2574 921 2629 humiliatus
966 2580 1143 2648 esset,
1189 2570 1314 2640 quid
1352 2585 1513 2648 porro
1557 2570 1852 2637 acciderit,

249 2639 482 2717 ipsame't
511 2646 766 2715 deinceps
793 2658 938 2699 vers.
990 2643 1068 2717 55Δ
1109 2639 1364 2696 enarrat:
1392 2639 1461 2717 in
1487 2643 1599 2710 ipso
1631 2653 1855 2717 tempore

249 2712 427 2774 sensus
461 2733 601 2772 meus
635 2712 861 2770 reuersus
891 2721 964 2767 est
1000 2714 1069 2766 ad
1110 2729 1186 2767 me
1209 2753 1226 2780 ,
1254 2721 1301 2766 et
1337 2712 1406 2766 ad
1434 2712 1676 2767 honorem
1710 2715 1855 2783 regni

249 2789 582 2854 decoremque
600 2786 822 2857 perveni,
851 2794 1013 2857 etc.et
1041 2783 1375 2854 Magistratus
1395 2786 1493 2838 mei
1518 2784 1853 2847 requisierunt

250 2876 351 2930 me,
375 2869 422 2915 et
451 2859 504 2913 in
534 2856 691 2930 regno
706 2873 814 2930 meo
835 2856 1101 2930 restitutus
1132 2872 1266 2924 sum,
1284 2865 1329 2910 et
1344 2857 1724 2928 magnificentia
1740 2872 1853 2910 am-

249 2929 388 3001 plior
410 2929 689 2985 addita’est
718 2929 862 2982 milii.
932 3000 939 3001 ί
1063 2948 1068 2954 ·

224 2998 259 3019 ’⁷
324 3002 583 3074 Unguium
614 3001 897 3074 aquilinum
925 3000 978 3074 in
998 3014 1226 3074 morem.
1259 2998 1482 3069 Vulgata
1521 3009 1701 3074 nostra
1746 3017 1850 3057 un-

245 3089 376 3146 gues
398 3069 592 3146 avium,
620 3069 889 3146 rapacium
928 3069 1207 3136 videlicet,
1239 3080 1521 3136 memerat,
1550 3072 1689 3128 inter
1716 3088 1850 3144 quas

246 3144 430 3215 utique
457 3145 641 3215 aquila:
658 3144 916 3198 eminent.

944 518 1120 582 gypto,
1161 517 1268 582 etc.
1294 518 1702 582 _reportave_rat,
1744 515 1864 563 cum

1895 1829 1944 1890 B

1970 518 2023 562 et
2050 508 2114 562 ad
2144 507 2455 563 miraculum
2485 508 2807 577 confugere,
2854 504 2994 563 sacri
3040 515 3215 565 textus
3263 516 3414 561 tenor
3444 509 3565 563 nul-

1973 578 2180 632 latenus
2207 580 2497 648 compellit,
2531 576 2837 647 signiﬁcans
2864 587 3093 644 tantum,
3122 577 3265 647 quod
3292 580 3566 636 comederit

1970 648 2159 720 [mnum
2191 665 2257 704 ur
2284 666 2407 715 nos,
2438 665 2543 704 non
2578 648 2721 716 quod
2761 649 2813 701 in
2867 664 3043 703 uerum
3075 651 3246 704 bouem
3273 649 3562 712 transierit.

1970 723 2052 774 An
2081 720 2223 775 enim
2249 722 2415 777 bobus
2442 720 2622 790 capilli
2646 721 2701 774 in
2718 720 3111 791 similitudinem
3137 722 3443 791 aquilarum,
3471 733 3564 781 aut

1970 808 2164 861 ungues
2201 793 2345 861 quasi
2371 794 2543 847 avium
2570 790 2732 847 sunt?
2782 790 3003 851 Accedit
3045 790 3237 848 deinde
3258 834 3273 857 ,
3307 794 3446 862 quod
3469 836 3483 860 ,
3516 794 3563 851 si

1969 862 2318 933 veramibovis
2352 865 2583 918 animam
2631 861 2914 929 induisset,
2945 862 3143 919 nullam
3187 861 3559 933 sane’pmnam

1968 933 2092 987 inde
2124 932 2599 989 Nabuchodonosor
2640 936 2919 999 sensisset,
2964 949 3140 1003 neque
3167 950 3233 990 ex
3263 949 3325 991 ea
3355 934 3421 991 ad
3450 937 3560 993 veri

1970 1004 2065 1059 Dei
2090 1004 2446 1075 cognitionem
2481 1004 2672 1060 adduci
2706 1004 2990 1074 potuisset,
3018 1005 3136 1063 solo
3163 1005 3417 1062 nimirum
3439 1021 3562 1061 cor.

1971 1090 2122 1147 pore,
2146 1076 2289 1130 nulla
2316 1076 2365 1130 vi
2390 1076 2723 1147 intelligendi
2741 1076 2948 1141 relicta,
2976 1087 3271 1146 superstes.
3298 1079 3400 1132 Aut
3424 1076 3561 1137 forte

1969 1145 2202 1201 animam
2234 1147 2373 1202 bruti
2407 1148 2475 1203 ab
2505 1145 2681 1219 anima
2712 1149 2854 1216 regis
2884 1149 2935 1203 in
2964 1145 3292 1219 consortium
3316 1148 3557 1219 ejusdem

1969 1219 2209 1291 corporis
2246 1219 2412 1291 (novo
2453 1217 2661 1291 scilicet
2708 1217 3015 1291 miraculo)
3060 1217 3359 1291 admissam
3391 1218 3561 1279 fuisse

1970 1289 2091 1358 quis
2118 1289 2356 1359 dixerit?
2389 1291 2504 1358 _Aut
2540 1288 2774 1359 denique
2797 1288 3032 1345 animam
3062 1290 3315 1356 hominis,
3352 1291 3558 1349 interea

1970 1359 2077 1414 alio
2109 1358 2398 1433 fugitivam,
2433 1358 2704 1433 ctralicubi
2733 1368 2883 1433 extra
2908 1376 3069 1416 omne
3094 1377 3294 1433 corpus
3319 1362 3556 1426 exulem,

1970 1439 2063 1485 ant
2103 1432 2317 1500 penitus
2362 1431 2413 1486 in
2456 1431 2682 1487 nihilum
2726 1431 3025 1498 redactam,
3074 1431 3268 1489 deinde
3308 1448 3435 1489 vero
3465 1446 3559 1489 aut

1972 1500 2297 1571 postliminio
2324 1517 2614 1564 reversam,
2643 1511 2736 1558 aut
2758 1503 3134 1571 reproduetam
3152 1545 3167 1568 ,
3198 1519 3292 1561 seu
3319 1503 3388 1560 de
3416 1520 3559 1562 novo

1971 1581 2227 1638 creatam,
2256 1573 2536 1639 pristinum
2568 1588 2761 1643 corpus
2800 1574 3056 1640 subiisse,
3101 1590 3164 1631 ac
3206 1591 3384 1644 regem
3423 1576 3556 1635 sibie

1972 1643 2181 1716 metipsi
2221 1644 2519 1700 reddidisse
2546 1644 2822 1700 dicemus?
2865 1645 2996 1713 Quis
3025 1646 3289 1716 ejusmodi
3319 1658 3556 1703 monstra

1972 1714 2282 1786 opinionum
2305 1716 2638 1786 comminisci
2665 1716 2841 1771 ausit?
2862 1716 3023 1785 Igitur
3048 1714 3278 1786 denique

2047 1785 2137 1842 IV"
2176 1786 2259 1859 aio
2288 1802 2303 1839 :
2354 1785 2783 1859 Immutationem
2808 1791 2945 1857 regis
2968 1803 3071 1844 non
3101 1789 3152 1842 in
3178 1785 3292 1844 sola
3313 1789 3553 1859 ejusdem

1974 1856 2278 1941 phantasia,
2309 1873 2413 1926 qua
2452 1874 2513 1940 se
2540 1858 2713 1941 bovem
2755 1856 3151 1941 esse’eredeas,
3177 1856 3556 1941 faenumn‘eome-

1963 1930 2117 2003 derit,
2147 1928 2241 1984 sed
2266 1930 2317 1984 in
2342 1930 2599 2003 exteriori
2620 1930 2776 1999 plane
2797 1932 3038 1998 corporis
3066 1928 3251 1986 habitu
3280 1940 3334 1987 et
3363 1931 3550 2003 ﬁgura,

1962 2000 2174 2073 capillos
2204 2002 2351 2073 quasi
2380 2001 2699 2073 aquilarum,
2724 2011 2795 2073 et
2834 2017 3026 2073 ungues
3062 2002 3266 2069 attinnt,
3300 2000 3429 2069 etei,
3471 2000 3555 2058 in?—

1961 2072 2178 2143 duente,
2212 2072 2402 2143 iactam
2439 2072 2623 2136 fuisse,
2651 2072 2805 2143 cujus
2834 2076 2910 2126 rei
2939 2073 3255 2142 liypothesiu
3285 2072 3365 2131 sic
3391 2074 3554 2130 ador-

1962 2158 2032 2197 no
2060 2161 2072 2198 :
2106 2142 2161 2198 1⁰
2188 2142 2682 2200 Nabuchodonosor
2699 2142 2764 2198 ea:
2789 2142 3097 2211 hominibus,
3131 2144 3182 2199 id
3220 2153 3321 2209 est,
3354 2160 3551 2203 eorun-

1960 2214 2081 2269 dem
2114 2214 2418 2275 consortio.
2447 2215 2705 2284 abjectus,
2736 2229 2843 2270 non
2886 2224 3165 2285 propterea
3198 2225 3373 2270 tamen
3401 2219 3552 2273 homo

1959 2300 2079 2341 esse
2099 2285 2277 2349 desiit,
2301 2284 2395 2341 sed
2420 2286 2697 2355 repentina
2722 2286 2974 2356 pbrenesi
2996 2295 3153 2357 atque
3176 2288 3407 2343 amentia
3424 2303 3548 2345 cor-

1960 2366 2167 2427 reptus,
2191 2357 2428 2411 humanae
2446 2357 2659 2415 rationis
2682 2358 3038 2424 usumamisit,
3067 2358 3285 2414 suorum
3317 2374 3552 2427 praesen-

1962 2426 2122 2493 tiam,
2156 2437 2209 2483 et
2236 2443 2461 2501 omnem
2504 2428 2801 2501 custodiam
2847 2427 3142 2499 ell'ugiens,
3187 2438 3281 2485 aut
3309 2426 3551 2501 perrum-

1961 2512 2113 2567 pens,
2142 2514 2213 2572 ae
2232 2500 2286 2554 in
2315 2514 2534 2568 campos
2564 2508 2620 2554 et
2646 2500 2823 2571 sylvas
2858 2514 2918 2556 se
2950 2500 3279 2572 proripiens,
3312 2500 3551 2563 vestibus

1958 2572 2068 2624 suis
2096 2571 2253 2642 paulo
2298 2579 2417 2639 post
2447 2574 2729 2627 maceratis
2751 2613 2766 2639 ,
2811 2580 2939 2637 aut,
2971 2581 3030 2626 ut
3060 2571 3302 2628 amentes
3339 2573 3511 2629 solent
3530 2615 3547 2642 ,

1957 2640 2203 2714 rescissis
2222 2685 2235 2703 .
2267 2642 2599 2714 palabundus
2624 2642 3048 2708 circumerravit,
3079 2659 3143 2698 ae
3167 2643 3413 2701 humanis
3438 2640 3547 2714 jam

1957 2713 2092 2767 cibis
2111 2713 2507 2785 deﬁcientibus,
2536 2714 2687 2770 bovis
2715 2715 3091 2784 imaginatione
3116 2723 3258 2771 totus
3281 2715 3390 2785 jam
3415 2713 3549 2775 alias

1956 2794 2233 2853 correptus
2253 2826 2268 2851 ,
2315 2784 2384 2856 ad
2425 2786 2584 2854 hujus
2611 2802 2826 2856 quoque
2860 2786 3050 2854 pabula
3079 2801 3139 2841 se
3168 2784 3464 2854 conuertit,
3493 2799 3549 2843 ct

1956 2859 2147 2923 [aerium
2175 2855 2393 2910 comedit
2431 2872 2500 2912 υτ
2526 2872 2635 2913 nos.
2674 2855 2837 2913 2°’Ex
2869 2856 3087 2912 assiduo
3116 2859 3237 2920 hoc.
3266 2866 3322 2913 et
3346 2857 3547 2915 homini

1957 2936 2062 2979 tam
2108 2937 2318 2987 exotico
2356 2928 2630 2993 alimento,
2672 2927 2973 2999 sanguinis,
3002 2936 3424 2998 ceterorumque
3451 2930 3548 2982 liu—

1956 3013 2187 3070 murum,
2222 3014 2284 3055 ae
2309 2999 2592 3068 Spiritutnn
2617 2999 2949 3066 animalium,
2989 3000 3247 3069 istiusque
3279 3007 3547 3070 temperas

1954 3069 2122 3125 menti
2152 3071 2539 3139 penitissimum
2570 3070 2997 3126 immutationem
3029 3070 3145 3125 ﬁeri
3167 3111 3180 3137 ,
3225 3069 3547 3140 tandemque

1954 3141 2115 3195 etiam
2158 3142 2319 3197 totius
2348 3141 2590 3211 corporis
2629 3142 2951 3198 exteriorem
2983 3140 3224 3199 habitum
3264 3141 3546 3209 depravari

318 3212 597 3273 Horn-orem
622 3213 1028 3286 leoninumLUbi
1055 3213 1278 3285 Vulgata
1302 3221 1483 3269 nostra
1511 3217 1568 3286 in
1606 3216 1847 3272 similitu-
1873 3222 1919 3286 ρ
1953 3228 2232 3286 necessum
2264 3212 2380 3278 fuit,
2398 3224 2466 3286 et
2492 3229 2558 3286 ex
2584 3212 2751 3269 ferino
2772 3230 2833 3268 ac
2858 3224 2967 3286 tam
2989 3212 3242 3286 diuturno
3266 3213 3540 3286 alimento,

244 3287 414 3342 dinem
441 3302 761 3351 Αρυιιληυκ,
793 3284 959 3351 LXX,
990 3284 1200 3351 Agema,
1240 3300 1472 3349 LEONUI,
1506 3285 1723 3353 habent,
1762 3289 1847 3344 in-

243 3358 418 3430 deque
453 3359 693 3413 nonnulli
712 3359 837 3412 olim
858 3359 911 3411 in
935 3372 1052 3411 eam
1074 3358 1380 3430 opinionem
1409 3357 1644 3429 prolapsi
1668 3370 1840 3427 erant,

242 3426 424 3499 regem
454 3430 597 3486 hunc
628 3430 678 3483 in
708 3430 904 3483 leonem
931 3436 1194 3481 mutatum
1226 3426 1410 3484 fuisse.

316 3498 649 3571 Proeferente.
690 3500 852 3554 Multa
914 3499 971 3554 in
1036 3499 1286 3571 terribilis
1324 3498 1503 3569 -bujus
1556 3515 1844 3558 metamor-

242 3570 678 3642 phosisibiswria
717 3581 863 3637 sunt,
906 3585 1025 3639 qua:
1070 3571 1207 3625 inter
1248 3570 1574 3640 lnterpretes
1600 3584 1683 3628 sat
1711 3592 1844 3631 eon-

243 3641 470 3700 tcntiose
506 3644 890 3710 disceptantur,
924 3641 1222 3696 accuratius
1268 3643 1447 3711 utique
1485 3643 1838 3710 discutienda,

240 3716 290 3789 si
317 3713 1020 3789 multoarctioresinstituti
1062 3713 1229 3768 nostri
1262 3714 1460 3789 limites
1487 3716 1664 3789 denuo
1694 3717 1840 3789 (nam

240 3786 291 3840 id
316 3787 425 3856 jam
453 3785 731 3858 alibisatis
759 3782 980 3858 factum)
1015 3785 1314 3858 transgredi
1339 3785 1548 3858 liceret.
1576 3782 1842 3858 Quoniam

240 3873 370 3913 vero
396 3857 754 3913 Tertullianus
788 3856 974 3911 noster
1003 3856 1369 3928 iristissimnm
1401 3856 1504 3911 hoc
1537 3856 1840 3928 exemplum

196 3926 207 3937 '
241 3943 350 3997 pra:
377 3931 585 3985 ett-teris
611 3928 902 3997 propasuit,
932 3926 1084 3997 cujus
1112 3936 1315 3982 terrore
1337 3940 1659 3996 peccatores,
1693 3926 1759 3983 ile
1784 3947 1844 3988 se

239 4001 460 4055 nimium
499 4000 727 4069 superbe
771 4007 1188 4069 prmsumentes,
1231 4000 1296 4055 ad
1336 3998 1532 4052 seriam
1578 4001 1845 4067 pmniten-

239 4071 364 4125 tiam
404 4072 783 4140 compelleret,
819 4084 922 4123 non
953 4069 1175 4140 omnino
1203 4070 1476 4140 abstinere
1520 4084 1802 4136 possumus
1823 4113 1839 4139 ,

235 4143 363 4211 quin
389 4138 578 4196 eidetn-
597 4142 751 4210 paulo
769 4140 975 4210 aliquid
1003 4139 1375 4196 immorentur.
1409 4138 1572 4210 Igitur
1590 4138 1840 4212 tanquam

235 4213 458 4267 omnino
500 4220 706 4267 certum

310 4284 561 4353 Suppono
617 4283 660 4337 l°
705 4291 895 4354 contra
944 4279 1252 4354 Qrigenem,
1317 4283 1567 4354 sensibus
1593 4283 1843 4354 allegori-

235 4356 315 4410 cis
341 4351 474 4410 alias
506 4353 665 4409 nimis
694 4353 840 4422 justo
867 4351 1104 4415 deditum
1129 4393 1143 4416 ,
1173 4366 1235 4405 ac
1260 4367 1289 4404 a
1320 4351 1377 4407 S.
1412 4353 1633 4409 Hieron.
1665 4351 1721 4409 in
1743 4371 1842 4411 suo

236 4428 304 4480 ad
335 4424 538 4481 Daniel.
571 4424 851 4480 Connuent.
895 4422 1504 4496 cmtcrisquedeinceps
1531 4425 1843 4496 lnterpreti-

237 4498 336 4553 bus
367 4498 505 4553 male
533 4506 772 4552 notatum
794 4536 809 4561 ,
852 4510 957 4550 non
991 4509 1191 4549 meram
1226 4494 1362 4549 hanc
1390 4494 1713 4567 allegoriam,
1745 4499 1840 4554 sed

236 4584 419 4623 veram
448 4569 669 4623 omnino
693 4567 958 4621 historiam
988 4580 1146 4639 esse;
1177 4581 1500 4639 quamquam:
1546 4584 1650 4624 non
1689 4570 1842 4639 igno-

236 4654 387 4711 rem,
428 4655 548 4710 quae
586 4638 839 4711 ls._c.i_14
868 4655 901 4691 a
930 4655 976 4692 υ.
1007 4637 1041 4691 8
1084 4636 1151 4711 de
1189 4636 1758 4711 Nabuchodonosorei
1785 4650 1842 4697 ut

234 4708 686 4783 quidanfvolunt)
721 4709 992 4783 dicuntur,
1010 4708 1305 4783 _pleraque
1345 4713 1508 4783 etiam
1546 4712 1598 4767 in
1639 4708 1840 4783 allego-

235 4785 349 4836 rico
372 4797 554 4848 sensu,
578 4799 643 4838 ex
666 4781 851 4837 mente
878 4782 978 4837 SS.
1009 4781 1248 4844 Patrum,
1281 4782 1553 4853 ipsiusque
1580 4781 1838 4843 Ecclesia:

233 4853 301 4909 de
330 4868 607 4919 Luetrsat,
651 4854 745 4909 sed
784 4867 910 4917 mox
945 4853 1160 4909 extincti
1186 4891 1202 4917 ,
1245 4864 1300 4907 et
1340 4870 1482 4909 nunc
1518 4855 1838 4912 tenebrarum

233 4927 385 5000 regis,
420 4926 721 4981 miserrimo
744 4940 773 4977 a
801 4925 950 4981 ctelis
975 4924 1292 4981 exterminio
1318 4927 1660 5000 intelligenda
1687 4944 1831 4986 esse.

235 4996 441 5052 Rursus
466 5006 642 5053 autem
1496 4996 1513 5000 ⁷
1726 5044 1731 5049 .

304 5068 559 5137 Suppuno
587 5069 657 5123 ll°
696 5068 823 5139 nihil
857 5069 908 5122 in
943 5067 1039 5122 hac
1070 5083 1128 5123 rc
1155 5077 1267 5124 tuto
1295 5068 1461 5127 asseri
1496 5084 1687 5139 posse,
1730 5072 1829 5128 nisi

234 5140 371 5209 quod
390 5139 512 5213 ipse
553 5150 708 5195 tenor
741 5138 1027 5213 historicus
1056 5140 1194 5208 apud
1224 5138 1505 5213 Danielem
1528 5141 1709 5211 exigit,
1737 5144 1830 5213 qui

234 5225 360 5267 rem.
390 5210 527 5269 hanc
567 5210 862 5267 secundum
905 5209 1331 5279 circumstantias
1374 5210 1533 5265 etiam
1574 5209 1828 5279 minutas,

232 5295 297 5336 ex
324 5281 509 5354 afﬂatu
525 5284 706 5354 utique
734 5282 963 5354 Spiritus
995 5278 1208 5346 Saneti,
1242 5280 1306 5354 ad
1336 5295 1435 5335 nos
1468 5278 1826 5354 praescripsit,

230 5353 560 5479 prgiudeque
594 5349 734 5410 licus
764 5353 880 5423 ipse
916 5351 1062 5422 plura
1103 5365 1136 5406 a
1172 5349 1325 5406 nobis
1352 5349 1501 5407 certo
1529 5349 1826 5412 nosci'uou

230 5438 297 5479 νο
322 5435 415 5479 utt.
504 5438 511 5444 ’

230 5435 415 5480 valuit.
504 5438 511 5444 ’

301 5495 390 5551 ηιο
428 5505 604 5552 autem
635 5498 758 5551 aio:
793 5495 996 5566 Regem
1044 5492 1195 5567 illum
1222 5485 1570 5567 Babylonium
1599 5511 1705 5551 non
1734 5513 1823 5553 re-

229 5582 351 5622 vera
380 5569 430 5623 in
463 5568 658 5633 bouem,
687 5565 916 5623 aliamve
945 5565 1190 5634 bestiam,
1214 5565 1600 5621 commutatum
1628 5567 1822 5636 fuisse;

229 5654 400 5710 neque
420 5638 562 5694 enim
595 5640 706 5709 ipsa
735 5640 954 5694 hominis
975 5636 1152 5710 anima
1175 5639 1413 5694 converti
1444 5638 1611 5709 potuit
1638 5640 1687 5695 in
1711 5641 1826 5696 ani~

228 5709 367 5765 main
397 5711 573 5766 bovis:
613 5711 757 5782 quod
789 5709 1181 5782 utiquel‘uisset
1206 5711 1470 5782 cssentias
1496 5725 1676 5766 rerum
1709 5728 1825 5767 ntu-

230 5790 375 5855 tare;
409 5797 585 5855 neque
623 5788 675 5837 in
704 5797 902 5855 corpus
940 5781 1077 5851 ejus,
1106 5782 1328 5851 expulsa
1367 5781 1542 5855 anima
1572 5782 1819 5855 hominis,

227 5852 370 5912 velut
408 5852 511 5927 per
542 5852 831 5926 quamdam
875 5858 1253 5923 μετεμψύχωσιν,
1301 5852 1620 5911 subintravit
1646 5853 1823 5912 anima

1960 3285 2011 3339 in
2056 3285 2328 3354 horridum
2361 3285 2592 3354 aliquid,
2626 3286 2829 3339 scilicet
2854 3284 3069 3353 capillos
3095 3286 3147 3338 in
3167 3284 3544 3341 similitudinem

1950 3351 2255 3429 aquilarum,
2290 3367 2342 3415 et
2369 3351 2561 3429 ungues
2597 3358 2741 3425 quasi
2765 3351 2933 3429 avium
2954 3396 2967 3418 ,
3008 3355 3241 3429 eiferari,
3273 3365 3329 3413 ut
3355 3358 3423 3429 ita
3449 3357 3545 3411 dc—

1950 3425 2112 3498 nique
2141 3425 2635 3485 Nabuchodonosor
2682 3444 2787 3487 non
2827 3428 2971 3483 solos
3013 3426 3278 3493 homines,
3300 3425 3397 3482 sed
3430 3429 3541 3497 ipsa

1950 3514 2165 3570 quoque
2203 3499 2362 3555 boum
2402 3500 2612 3569 agmina
2642 3499 2793 3569 quasi
2830 3501 3216 3569 ἀνορωπὸτοιυροε
3260 3507 3542 3570 exterrere

1953 3569 2229 3638 potuisset.
2262 3572 2327 3625 Et
2368 3570 2448 3625 sic
2484 3570 2715 3640 denique
2742 3570 2989 3627 satisﬁeri
3013 3584 3175 3641 posse
3202 3569 3411 3641 videtur
3440 3569 3542 3622 Da-

1949 3641 2112 3715 niell,.
2128 3652 2181 3696 ut
2198 3641 2362 3714 Caput
2382 3641 2498 3715 ejus
2523 3639 2761 3714 quartum
2784 3639 3032 3698 accurate
3056 3639 3406 3712 perpendenti
3427 3656 3541 3699 tur.-

1950 3712 2197 3771 nitestum
2226 3712 2347 3770 erit.

2020 3788 2089 3843 At
2136 3784 2436 3857 veroquid
2475 3783 2708 3845 durante
2733 3783 3101 3857 iuncstissimo
3141 3782 3242 3838 hoc
3277 3797 3378 3857 suo
3406 3798 3533 3857 sop-

1951 3857 2132 3911 teuuio
2158 3856 2294 3911 rex?
2325 3854 2393 3911 an
2424 3855 2626 3917 interea
2655 3854 2874 3912 rationis
2898 3870 2995 3910 usu
3026 3862 3233 3911 retento
3262 3855 3538 3909 Calatttiln-

1951 3928 2015 3997 tis
2045 3941 2156 3980 sua:
2187 3928 2603 3997 magnitudinem
2655 3926 2853 3997 sensit,
2908 3926 3076 3980 ferme
3110 3935 3165 3997 ut
3195 3925 3453 3997 apuleius
3484 3927 3534 3978 in

1949 3996 2190 4052 fabuloso
2232 3994 2333 4051 suo
2374 3998 2530 4053 Asino
2571 3995 2638 4052 de
2678 3996 2855 4066 seipso
2893 3996 3156 4052 testatur?
3202 3995 3279 4048 lta
3322 3994 3533 4066 quidem

1948 4067 2182 4123 sensisse
2216 4066 2558 4123 Tet'lullitmns
2586 4063 2772 4122 noster
2795 4066 3021 4131 videtur,
3050 4066 3174 4121 dum
3203 4081 3291 4121 mu
3323 4063 3535 4136 (quam-

1948 4137 2037 4190 diu
2077 4136 2325 4195 nimirutn
2374 4137 2549 4193 infelix
2593 4138 2684 4193 ille
2723 4147 2895 4196 status
2940 4138 3083 4207 regis
3126 4137 3528 4209 perduraverat)

1948 4210 2293 4278 paenitentiam
2327 4209 2636 4277 immolasse,
2669 4220 2716 4263 et
2758 4210 3038 4280 septennali
3063 4209 3298 4280 squalore
3328 4224 3535 4280 exenia-

1948 4228 2293 4278 pwmwnuam
2327 4228 2636 4277 mtmomsse,
2669 4228 2716 4263 et
2758 4228 2810 4264 se
2850 4228 3037 4263 tennau
3063 4228 3298 4280 squatorc
3328 4228 3534 4262 θεωριιο-

1947 4282 2136 4352 logesin
2161 4290 2424 4352 operatum
2452 4280 2617 4337 fuisse
2644 4280 2736 4337 ait.
2761 4228 2866 4337 Arii
2890 4292 3066 4339 autem
3090 4280 3228 4335 haud
3253 4278 3403 4350 pauci
3428 4282 3534 4352 sal-

1947 4351 2366 4424 temiuterv'alla
2395 4355 2616 4424 rationis
2639 4354 2750 4424 regi
2772 4370 2876 4424 nou
2906 4354 3269 4424 inirequenter
3292 4351 3530 4424 illuxiSse

1945 4423 2202 4487 credunt,
2236 4433 2293 4477 ut
2320 4423 2640 4483 conditionis
2669 4422 2780 4477 sua:
2809 4422 3077 4478 miseriam
3114 4422 3339 4479 subinde
3368 4438 3533 4492 agno-

1946 4506 2140 4553 Secret.
2168 4493 2354 4564 Neque
2378 4497 2544 4558 enim,
2573 4496 2744 4558 aiunt,
2768 4505 2964 4550 statum
2995 4495 3143 4549 illum
3174 4494 3418 4564 ptenalem
3450 4496 3530 4546 lu—

1947 4575 2121 4621 turum
2145 4561 2329 4634 fuisse,
2351 4568 2392 4619 si
2418 4566 2489 4621 nil
2513 4566 2799 4636 quidquam
2813 4566 3075 4636 molestiae
3098 4565 3220 4619 inde
3249 4561 3526 4636 sensisset,

1869 4614 1918 4675 Ι)
1946 4614 2121 4709 ita};
2145 4614 2489 4693 ama;
2511 4614 3071 4709 assistant,aliis;
3098 4614 3223 4709 ’έῦςέ
3251 4614 3526 4709 rane-iga;

1944 4703 2255 4780 comparare
2297 4703 2587 4781 potuisset,
2638 4709 2731 4765 sed
2777 4706 2948 4778 nntius
2996 4706 3050 4765 in
3094 4704 3382 4781 depravata
3420 4703 3527 4781 huc

1942 4775 2186 4837 alienata:
2218 4775 2410 4837 utentis
2437 4790 2577 4836 statu
2607 4796 2702 4851 per
2726 4775 2944 4849 campos
2971 4788 3026 4832 et
3046 4776 3229 4845 sylvas
3252 4775 3393 4830 inter
3417 4776 3525 4831 l’eru

1942 4853 2190 4909 animalia
2221 4852 2380 4909 etiam
2410 4868 2531 4908 cum
2562 4853 2831 4921 voluptate
2857 4852 3317 4921 circumerrasset.

2018 4925 2234 4989 Verum,
2265 4926 2307 4980 si
2337 4935 2569 4983 mentem
2601 4917 2771 4978 meam
2812 4924 3037 4991 ingenue
3070 4918 3265 4990 profari
3295 4917 3522 4991 licet,iu

1940 5011 2057 5051 eam
2087 4998 2394 5067 propendeo
2421 4996 2741 5069 sententiam
2762 5012 2775 5069 ς
2796 4989 2974 5062 regem
3005 4989 3102 5069 per
3131 5000 3300 5069 totum
3332 4989 3459 5069 illud
3492 4989 3523 5043 7

1939 5060 2201 5125 annoi‘uui
2230 5079 2439 5136 tempus
2463 5082 2558 5121 usu
2584 5064 2803 5119 rationis
2832 5060 2985 5133 plane
3005 5060 3318 5136 destitutum
3340 5060 3522 5136 fuisse;

1939 5154 2115 5210 neque
2154 5140 2295 5195 enim
2329 5132 2471 5193 aliud
2517 5151 2615 5191 nos
2654 5136 2853 5190 sentire
2882 5150 3035 5189 sacer
3062 5132 3524 5210 Textus‘compcl-

1936 5203 2042 5269 lit}
2084 5210 2284 5282 Igitur,
2336 5210 2425 5273 ait,
2461 5222 2592 5282 POS'i‘
2631 5222 2791 5282 sissit
2834 5221 3151 5282 IiIEltUil‘egO
3180 5203 3496 5257 Nabuchodo

1935 5298 2090 5343 nosor
2117 5275 2301 5339 oculos
2331 5295 2468 5337 meos
2513 5280 2580 5332 ad
2620 5280 2802 5334 calum
2843 5278 2999 5335 levavi
3042 5275 3314 5349 (levasset
3342 5284 3519 5349 autem

1933 5361 2131 5424 smptus
2150 5395 2164 5417 ,
2193 5358 2236 5407 si
2279 5367 2373 5423 per
2397 5351 2660 5424 quaedam
2686 5351 2909 5404 rationis
2937 5347 3213 5424 intervalla
3241 5353 3408 5401 status
3437 5347 3518 5424 sui

1934 5415 2298 5483 infelicitatem
2345 5415 2690 5498 agnovisset),
2716 5431 2761 5474 et
2791 5434 2981 5476 sensus
3010 5432 3147 5473 usus
3175 5415 3306 5498 (quo
3354 5416 3520 5498 verbo

1932 5500 2114 5569 utique
2145 5512 2263 5569 usus
2292 5489 2526 5569 rationis,
2568 5489 2886 5569 setiusenStis‘
2908 5506 2971 5569 ac
3000 5489 3515 5569 perceptiotueulis,

1929 5559 2237 5640 den-utatur)
2263 5566 2489 5620 redditus
2511 5565 2748 5640 estmibi,
2779 5574 2825 5618 et
2853 5559 3113 5640 Altisttimo
3134 5559 3389 5640 benedixi,
3409 5570 3511 5613 etc.

1928 5641 2079 5709 Quod
2127 5633 2299 5708 ipsum
2353 5652 2446 5709 per
2495 5635 2815 5706 patheticam
2867 5633 3015 5689 illam
3065 5633 3381 5709 orationem,
3414 5647 3517 5701 qua

1928 5703 2026 5768 ὕει
2053 5703 2250 5785 laudes,
2275 5703 2514 5785 gloriam,
2542 5717 2857 5776 potestatem,
2901 5719 2955 5763 et
2978 5720 3188 5785 regnum
3213 5703 3513 5785 celebrans,

1927 5783 2099 5854 pergit
2128 5801 2141 5837 :
2195 5774 2245 5837 In
2276 5774 2406 5841 iLLo
2434 5774 2681 5835 Taureae
2721 5796 2898 5854 sensus
2920 5774 3058 5832 méus
3084 5791 3306 5854 reversus
3336 5784 3410 5829 est
3448 5774 3516 5826 ad

1927 5846 2051 5923 ine:
2083 5864 2128 5909 et
2167 5854 2337 5926 ﬁgura
2375 5866 2487 5907 mea
2512 5865 2711 5908 reversa
2736 5862 2806 5910 est
2831 5850 2898 5906 ad
2927 5865 3024 5918 me,
3057 5857 3143 5906 etc
3198 5846 3362 5923 Igitur
3392 5855 3515 5903 tunc
