3942 6276
459 340 603 403 1279

1420 343 1630 403 INDEX
1668 312 2098 402 immunis
2131 341 2712 403 TEltTULLIANE/E.

3625 348 3763 406 1286

460 462 688 542 bidinum
719 458 1155 542 publicarunt.__ll,
1187 460 1312 542 $52
1333 461 1399 531 A,
1438 461 1527 542 Uti
1568 462 1668 542 ille_
1689 463 1911 535 juvetur,
1955 463 2059 542 sive
2084 458 2134 522 A
2161 463 2429 542 compingi
2482 472 2728 542 [aliquam
2867 462 3106 542 templo
3136 464 3449 542 suo__(lbid.
3510 467 3593 521 cli.
3650 467 3760 542 10).

461 535 680 590 (cedatur
702 551 789 602 per
814 533 1097 589 consistorii
1124 534 1204 589 sui
1233 535 1418 600 exitus,
1446 535 1482 591 i.
1507 551 1558 590 ο.
1588 533 1760 589 exitus
1790 534 2052 603 praestitu-

461 614 547 661 tos
574 615 627 661 et
656 604 1040 660 determinatos
1085 620 1118 660 a
1146 606 1465 663 consistorio
1493 607 1544 661 in
1572 620 1676 674 quo
1719 605 1789 661 de
1838 604 2055 661 homine

460 681 819 746 cognoscitur,
862 676 1116 733 nimirum
1162 677 1443 735 consilium
1466 678 1581 732 Dei.
1606 676 1910 745 Metaphora
1939 691 1969 730 a
1997 692 2055 731 re

462 746 683 815 forensi,
716 763 836 801 nam
869 749 1222 803 consistorium
1250 750 1299 803 in
1336 749 1458 818 jure
1487 763 1729 803 summus
1769 762 2055 804 consessus

456 819 779 892 appellatur.
804 818 843 887 1,
877 819 981 876 619
1019 819 1081 892 Β,
1126 818 1171 874 Α
1215 820 1408 875 theatro
1436 836 1753 892 separamur,
1808 819 1946 891 quod
1982 827 2055 873 est

457 891 714 961 priuatum
740 891 989 961 theatrum
1009 891 1362 958 impudicitiw.

530 959 848 1017 Consonat.
890 961 929 1025 1,
962 960 1067 1018 645
1092 962 1156 1029 Α,
1191 961 1278 1016 Ita
1303 972 1513 1018 mortem
1558 962 1842 1018 homicidiis
1878 979 2055 1017 conso-

460 1031 718 1088 labuntur.
744 1032 809 1100 11,
863 1031 968 1089 624
1016 1034 1074 1102 Β,
1117 1034 1259 1089 Cives
1318 1035 1627 1089 Clazomenii
1683 1033 2055 1088 Hermotimum

461 1104 650 1169 templo
694 1104 1040 1158 consolantur.
1096 1104 1158 1173 ll,
1189 1105 1292 1160 647
1344 1105 1410 1169 Α,
1466 1105 1561 1161 Cui
1602 1122 1692 1158 nec
1742 1106 2055 1159 consolando

459 1175 652 1248 injuria
680 1184 771 1240 cst,
814 1175 903 1248 sed
935 1178 1101 1248 potius
1132 1176 1448 1231 insultando.
1482 1178 1543 1242 ll,
1579 1176 1718 1232 10H
1768 1176 1828 1242 Β,
1869 1176 1932 1230 Et
1957 1179 2056 1231 int-

458 1245 782 1300 m'undiorem
830 1245 944 1302 loco
993 1249 1234 1302 cervicem
1277 1249 1548 1303 monilibus
1595 1247 1905 1311 consolatur,
1936 1249 1967 1302 i.
2002 1267 2052 1304 e.

459 1319 705 1372 cervices
746 1331 871 1372 suas
941 1318 1137 1374 infelici
1182 1319 1389 1374 latrinte
1459 1319 1697 1373 lavanda:
1758 1318 2055 1374 ministerio

458 1389 743 1460 damnatos
771 1389 1137 1460 absurdissitni
1186 1391 1340 1445 limis
1370 1390 1695 1460 impudentia
1722 1389 2047 1445 consolatur.

457 1459 524 1524 11,
566 1460 669 1515 547
700 1459 765 1526 Α,
799 1459 1101 1515 Memoriam
1135 1461 1385 1517 Valentini
1404 1459 1602 1533 integra
1637 1461 1869 1517 custodia
1905 1478 2056 1533 regu-

460 1535 629 1590 larum
654 1537 765 1605 ejus
794 1535 1104 1589 consolatur.

533 1606 878 1663 Coxsmusm.
895 1606 959 1673 11,
981 1607 1044 1661 ll
1055 1611 1083 1661 8
1100 1606 1158 1673 C,
1182 1605 1383 1662 Prester
1398 1606 1630 1661 oneribus
1643 1605 2055 1675 consparsionum

381 1724 385 1732 λ
455 1676 833 1744 οΙΙὶιι-σίηαιαηι.
899 1678 1075 1733 Onera
1150 1679 1589 1748 consparsiouum
1665 1676 1792 1731 dicit
1871 1675 2054 1731 lat-ina:

456 1763 688 1828 massam
711 1766 862 1828 aqua:
895 1749 1247 1828 conspargitur
1266 1758 1514 1828 coactam
1536 1768 1548 1803 :
1568 1748 1739 1828 Exod.
1763 1748 1927 1814 XX”,
1950 1750 2052 1828 5i:

454 1824 661 1875 Ᾱνέὶαϐε
706 1826 754 1876 δὲ
798 1824 820 1871 ὅ
845 1824 956 1885 λαιός
986 1830 1041 1877 τὸ
1065 1826 1201 1885 σταῖς
1227 1826 1382 1877 abs-$32
1412 1832 1501 1890 πρδ
1551 1827 1634 1878 τοῦ
1664 1830 1957 1887 ζημιωθῆναι
1987 1826 2048 1876 τὰ

455 1898 717 1965 propitiat/rat
728 1898 881 1949 εὖτ-ῶν
893 1901 995 1949 etc.
1014 1893 1245 1965 llesyeli.
1275 1898 1437 1965 Σιταῖς,
1464 1898 1658 1965 φύραμα
1677 1895 1874 1963 ἀλεύρου
1895 1899 2048 1963 wupj

456 1962 696 2019 Glossar.
718 1973 882 2048 .vetus
910 1979 926 2019 :
958 1962 1138 2032 Σταῖςξ
1166 1964 1349 2035 adeps.
1382 1962 1515 2020 Item
1550 1981 1564 2020 :
1595 1970 1817 2036 Φὺρκμει,
1850 1962 2045 2031 massa,

455 2049 790 2103 conspersuo.

529 2106 895 2163 Conspecron.
927 2108 977 2172 1,
1006 2108 1138 2165 1551
1173 2106 1239 2171 Δ,
1272 2107 1409 2162 Deus
1438 2116 1732 2176 conspector
1757 2105 1926 2160 cordis
1957 2114 2047 2161 est.

531 2176 934 2247 Conscuucsnu,
967 2180 1009 2245 1,
1043 2180 1148 2235 614
1177 2178 1244 2244 Δ,
1277 2178 1338 2234 Si
1380 2188 1661 2249 apparatus
1690 2194 1913 2250 agonum
1938 2178 2050 2233 ido—

458 2248 663 2303 lolatria
679 2260 980 2320 conspurcat
1002 2252 1065 2304 de
1090 2252 1295 2321 coronis
1317 2248 1565 2321 profanis.

528 2318 904 2377 Consumtis.
934 2321 999 2385 11,
1027 2322 1136 2378 256
1166 2321 1234 2387 Λ,
1266 2318 1379 2388 Quo
1408 2318 1719 2376 constantius
1749 2330 1864 2374 utar
1890 2321 2049 2374 ratio-

456 2391 536 2469 nis
558 2393 713 2469 editio
750 2396 1056 2469 patrocinio,
1081 2394 1147 2469 i._
1173 2408 1225 2449 c.
1256 2391 1504 2456 liberius,
1548 2392 1821 2469 audacius.
1852 2392 2053 2469 11,-584

453 2462 519 2528 C,
548 2462 653 2535 Sed
666 2462 906 2535 quoniam
928 2464 1204 2535 discipulos
1220 2480 1330 2535 non
1356 2473 1641 2518 constanter
1660 2463 1910 2529 tuebatur,
1937 2464 1970 2518 i.
1998 2480 2048 2518 c.

456 2549 562 2589 non
594 2532 818 2591 fortiter.
847 2535 914 2598 ll,
952 2532 1065 2591 469⁷
1090 2536 1155 2601 Α,
1184 2534 1252 2590 Ut
1289 2536 1450 2605 possis
1478 2551 1589 2588 eum
1636 2543 1923 2589 constanter
1961 2550 2051 2588 επ·
2116 2540 2123 2547 ’

530 2621 666 2677 nere,
692 2606 729 2661 i.
760 2622 814 2662 e.
848 2608 1131 2677 intrepide,
1159 2604 1326 2664 libere
1366 2618 1420 2661 et
1464 2608 1582 2661 sine
1604 2604 2050 2660 dissimulatione.

530 2621 666 2671 nere,
692 2623 729 2661 ι.
760 2622 814 2662 e.
848 2621 1131 2677 intrepide,
1159 2621 1326 2664 libere
1366 2621 1420 2661 et
1464 2621 1582 2661 sme
1604 2621 2050 2660 unssnmutauonc.

457 2621 668 2745 £01220
700 2677 768 2744 A,
807 2679 905 2747 Qui
939 2696 1003 2733 ne
1044 2679 1236 2735 discere
1278 2678 1481 2748 quidem
1524 2677 1721 2732 mulieri
1765 2689 2055 2731 constanter

458 2749 707 2832 permisit,
756 2750 793 2805 i.
850 2766 1032 2807 c.non
1084 2751 1329 2807 absolute
1376 2749 1576 2815 scitari,
1627 2758 1719 2803 aut
1774 2748 2054 2820 prtel‘racte

456 2829 811 2891 interrogare.

529 2897 888 2956 Coxsraurts.
931 2899 971 2966 1,
1000 2899 1137 2954 1218
1186 2898 1248 2965 Β,
1277 2897 1423 2954 Tunc
1465 2896 1599 2952 enim
1629 2894 1911 2950 constantia
1936 2909 2055 2947 suc-

454 2974 704 3044 currentis
726 2972 996 3044 excipitur.
1030 2971 1301 3044 Fiduciam
1327 2968 1595 3044 signiﬁcat
1646 2966 2014 3044 succum-emis
2036 3008 2051 3030 ,

457 3041 549 3111 qui
570 3042 708 3111 juris
729 3045 809 3098 sui
833 3039 1080 3098 conscius
1110 3043 1226 3097 sine
1274 3039 1678 3111 addubitatione
1709 3046 1803 3111 aut
1844 3039 2058 3091 haesita—

459 3109 605 3167 t‘ione
652 3114 919 3170 succurrit
964 3113 1305 3182 periclitanti,
1341 3113 1442 3167 hoc
1468 3120 1551 3165 cst
1600 3109 1915 3173 admittitur,
1967 3123 2055 3182 ac.-

457 3184 672 3253 cipitur.
707 3180 974 3241 laudatur.
998 3185 1061 3251 11,
1112 3184 1218 3240 659
1246 3184 1306 3251 Β,
1349 3182 1531 3238 Verum
1576 3192 1624 3235 ct
1665 3197 1726 3234 ea:
1774 3180 2057 3253 constantia

2161 532 2204 599 Ι,
2237 531 2650 608 ςὸηιιῖηιῃιαηᾰίε
2683 546 2732 608 et
2760 531 3131 608 distinguendis
3156 531 3372 608 lapillis.

2228 604 2660 684 Cos'rcurnsrto.
2681 607 2720 675 1,
2740 609 2846 684 477
2870 604 2937 673 Α,
2954 607 3061 684 Sed
3085 604 3381 681 qua,’penes
3407 609 3574 664 Deum
3597 615 3769 684 major
3800 636 3821 647 ο

2158 680 2636 750 est_contemulatio
2661 680 3017 750 mediocrium,
3049 680 3085 733 i.
3103 695 3165 750 (δ,
3195 694 3491 750 pauperum
3518 698 3673 737 cura.

2227 747 2607 821 Communes.
2638 749 3054 820 disputationem
3098 747 3316 808 habere;
3363 751 3424 820 ll,
3476 753 3552 809 56
3590 753 3654 821 Β,
3695 755 3769 811 de
3801 781 3825 790 -

2157 819 2468 874 mulieribus
2495 819 2778 877 hazreticis.

2228 890 2673 958 CONTENEBBARE,
2705 894 2758 949 in
2791 892 3026 949 tenebris
3054 907 3234 966 agerc.
3273 893 3315 963 l,
3356 894 3465 950 272
3507 894 3572 961 Α,
3613 897 3771 965 Quod

2155 961 2346 1026 incesta
2369 967 2787 1019 contenebrasset.

2228 1034 2685 1108 Couresscnsrto.
2717 1036 2780 1103 ll,
2813 1034 2882 1093 52
2914 1037 2978 1103 Β,
3005 1035 3073 1090 Et
3100 1038 3458 1093 contesseratio
3486 1038 3771 1108 hospitali-

2157 1105 2295 1171 tatis,
2326 1106 2630 1181 coniunctio
2659 1107 2992 1181 l'amiliarior,
3022 1124 3143 1178 quae
3186 1124 3282 1177 per
3321 1105 3605 1176 tesseram,
3651 1113 3769 1181 sig-

2156 1191 2283 1250 num
2335 1176 2618 1247 hospitale,
2653 1179 2847 1244 ﬁebat,
2899 1176 3055 1248 cujus
3099 1176 3445 1246 ostensione,
3504 1181 3550 1236 si
3603 1176 3771 1250 quem

2157 1247 2355 1305 abiisse
2381 1250 2713 1321 contigisset,
2743 1250 2921 1306 statim
2948 1247 3360 1321 agnoscebatur.
3405 1251 3496 1308 Sic
3546 1263 3603 1307 et
3624 1247 3774 1308 ἰου-

2165 1326 2427 1375 tesserarc.

2228 1390 2621 1447 CONTESTATIO.
2652 1390 2688 1459 1,
2725 1391 2864 1450 1259
2910 1391 2969 1458 Β,
2998 1391 3080 1446 Ad
3122 1393 3244 1463 ﬁdei
3288 1411 3391 1448 non
3432 1395 3771 1450 tentatioucm

2157 1460 2392 1537 dixerim,
2433 1465 2519 1516 sed
2564 1460 3239 1534 typicamcontestationem,
3278 1466 3315 1520 i.
3346 1481 3398 1522 ο.
3426 1466 3764 1537 exemplum,

2158 1534 2402 1607 ligurum,
2445 1537 3229 1607 sacramentum,mysterium.

2229 1604 2544 1660 CONTINENS.
2570 1605 2608 1673 1,
2631 1606 2738 1661 414
2770 1607 2834 1672 Β,
2858 1606 2919 1660 In
2949 1604 3257 1672 continenti,
3291 1607 3328 1662 i.
3351 1623 3403 1662 ο.
3435 1609 3617 1673 simul,
3658 1625 3771 1664 uno

2157 1677 2366 1759 obtutu,
2399 1678 2599 1733 statim.
2625 1677 2687 1746 ll,
2722 1678 2786 1733 17
2816 1677 2882 1747 Α,
2916 1676 2982 1733 Et
3012 1678 3064 1734 in
3091 1680 3365 1736 continenti
3393 1679 3613 1737 ltwreses
3634 1685 3767 1736 sub-

2158 1758 2340 1818 jungit.

2230 1821 2614 1875 (Iourmenrts.
2657 1819 2718 1886 ll,
2757 1820 2830 1875 42
2875 1820 2937 1887 Β,
2961 1822 3032 1877 45
3057 1822 3124 1887 Α,
3156 1821 3395 1877 Desertor
3438 1824 3771 1881 continentia:

2083 1859 2126 1920 Β
2157 1889 2456 1966 Marcionis.
2504 1865 2734 1948 Vocatur
2760 1859 2996 1954 Marcion
3025 1859 3325 1963 cgnitinens,
3370 1894 3517 1966 quod

2154 1962 2452 2033 prohibeat.

2224 2034 2549 2090 CONTINEBB.
2579 2034 2619 2101 l,
2650 2034 2756 2092 551
2782 2034 2849 2097 Λ,
2883 2035 3179 2102 Quianihil
3197 2038 3502 2092 continendo
3528 2050 3577 2092 et
3608 2041 3770 2095 susti-

2152 2106 2319 2183 nendo
2345 2108 2555 2183 _Iiomi_ui
2579 2118 2921 2183 prospectum,
2950 2117 3077 2175 elc.,
3113 2109 3148 2162 i.
3189 2125 3240 2163 c.
3283 2110 3406 2179 quia
3451 2110 3610 2177 nihil,
3658 2128 3770 2183 quo

2154 2175 2376 2245 homini,
2411 2179 2547 2249 utin
2582 2175 2707 2249 vita
2749 2178 3081 2248 perduraret,
3139 2175 3557 2249 prospiceretur,
3597 2175 3768 2249 prist-

2153 2264 2312 2319 quant
2341 2249 2449 2317 jam
2480 2248 2577 2304 fuit
2610 2248 2792 2316 homo,
2822 2250 2992 2305 creari
3018 2252 3188 2319 potuit
3215 2248 3295 2306 vel
3324 2251 3532 2307 debuit.
3567 2248 3633 2319 ll,
3655 2255 3767 2309 915

2155 2321 2215 2386 (Σ,
2250 2320 2309 2385 D,
2339 2320 2398 2376 Si
2426 2322 2838 2382 continuerimus.
2871 2322 2907 2375 i.
2939 2336 2988 2378 e.
3020 2322 3293 2378 mordicus
3343 2333 3530 2378 tenere
3575 2326 3765 2381 volue-

2156 2394 2345 2458 rimus,
2371 2402 2427 2447 ct
2460 2392 2784 2448 voluntatem
2818 2392 2911 2448 Dei
2938 2393 3185 2449 omnibus
3210 2394 3516 2450 actionibus
3559 2399 3766 2453 nostris

2156 2462 2472 2518 obtendere.

2227 2534 2657 2591 CONTRARIETAS.
2687 2536 2751 2605 ll,
2778 2537 2883 2594 703
2909 2537 2969 2607 B,
3008 2535 3138 2606 Qua:
3161 2538 3365 2593 nomine
3389 2540 3767 2595 contrarietatis

2156 2620 2485 2674 apponerem.

2227 2674 2623 2749 CONTRISTARE.
2654 2679 2715 2748 11,
2742 2679 2848 2737 585
2870 2681 2933 2748 Α,
2960 2680 3213 2749 Quoniam
3239 2680 3491 2749 potiorem
3519 2684 3762 2737 lionoretn

2156 2747 2348 2802 sabbati
2368 2763 2532 2825 servat
2562 2768 2662 2825 non
2689 2747 3042 2807 contristmtdi.
3074 2752 3137 2820 11,
3172 2747 3308 2808 1005
3336 2752 3405 2820 Α,
3437 2753 3503 2810 Si
3523 2755 3637 2825 quis
3667 2773 3759 2809 uu-

2159 2828 2255 2874 tem
2283 2822 2617 2887 contristavit,
2651 2840 2753 2877 non
2783 2841 2860 2878 me
2889 2825 3224 2880 contristabit.

2231 2890 2592 2949 Communis.
2619 2894 2678 2963 ll,
2708 2894 2814 2951 905
2845 2895 2904 2963 Β,
2925 2896 3026 2960 Qui
3051 2911 3115 2950 ea:
3136 2912 3385 2952 consensu
3404 2898 3762 2952 contumeliam
3790 2921 3806 2932 θ

2158 2978 2473 3037 communem
2494 2967 2597 3034 jam
2626 2977 3001 3021 recusaverunt.
3038 2967 3257 3037 Iniquos
3287 2969 3339 3022 itt
3365 2970 3759 3024 Tertulliannm

2159 3035 2350 3091 Junius
2380 3051 2471 3090 eos
2510 3047 2676 3107 putat,
2712 3038 2802 3107 qui
2836 3038 2947 3094 haec
2975 3038 3043 3094 de
3075 3035 3339 3109 conjugali
3368 3041 3545 3094 solum
3574 3042 3763 3096 cubitis

2162 3122 2257 3179 usu
2277 3109 2601 3179 intelligant:
2620 3110 2796 3169 voeari
2814 3111 2990 3179 potius
3002 3111 3380 3167 contumeliam
3395 3126 3756 3177 communem,

2160 3178 2477 3252 afﬂictioncs
2511 3191 2563 3234 ct
2607 3178 3009 3250 persecutiones
3043 3197 3376 3249 communes,
3421 3198 3544 3252 qua:
3572 3186 3760 3252 conju-

458 3251 639 3325 gr'atite
681 3273 768 3326 per
815 3256 1188 3320 reuelationem,
1250 3253 1594 3317 cet'rrtt’rcq
1657 3252 1839 3322 gratia:
1886 3251 2052 3315 dicit,
2084 3256 2127 3319 C
2160 3251 2295 3326 gulis
2337 3268 2403 3306 eo
2443 3261 2682 3322 tempore
2717 3253 3031 3326 accidebant
3061 3253 3233 3326 aliena
3264 3254 3458 3326 injuria
3485 3265 3543 3308 et
3573 3251 3765 3326 contu.

457 3326 682 3397 gratiam
709 3328 775 3383 de
795 3343 895 3398 qua
928 3327 1227 3383 certissime
1254 3335 1484 3381 constm.

531 3392 836 3455 Cossutia.
869 3400 934 3462 11,
965 3398 1073 3455 260
1102 3398 1161 3468 C,
1197 3398 1266 3455 Ut
1311 3397 1535 3467 plerique
1578 3392 1827 3464 Ριιυδῖεοτ
1831 3411 1912 3468 ’1⁸η
1946 3397 2057 3468 [θνῖ

460 3469 781 3595 sitigaverint,
810 3472 1009 3525 initium
1039 3488 1098 3526 ac
1128 3465 1522 3543 .ﬁncm‘mun’do
1566 3477 1819 3534 constare,
1850 3466 1887 3520 i.
1910 3481 1960 3520 e.
2008 3465 2059 3521 ei

462 3551 526 3595 tri
573 3558 715 3595 uere.

462 3551 715 3598 tribuere.

533 3610 928 3677 CONSTITUERE,
957 3614 1022 3676 ΙΙ,
1054 3612 1158 3670 869
1186 3614 1247 3677 Β,
1279 3611 1445 3678 Quam
1465 3609 1716 3665 constituit
1734 3608 1784 3662 in
1802 3608 2055 3672 membris,

459 3683 593 3748 suis,
628 3686 663 3740 i.
694 3701 746 3740 e.
778 3686 1120 3741 constitutam
1146 3685 1288 3743 aitet
1316 3682 1624 3751 stabilitam,
1656 3679 1790 3735 adeo
1825 3688 1880 3735 ut
1920 3679 2060 3735 radi-

459 3754 599 3809 citus
621 3755 897 3812 inhorrent.

535 3827 913 3894 Consnru'rto.
939 3828 1002 3896 ll,
1030 3828 1101 3886 29
1122 3828 1187 3898 Α,
1219 3828 1291 3883 De
1315 3826 1484 3883 studio
1512 3822 1912 3880 aliterincundw
1940 3838 2061 3877 con-

459 3897 757 3978 stitutionis.
789 3901 826 3955 i.
856 3917 905 3957 e.
935 3908 1138 3967 στάσεως
1161 3897 1181 3967 ,⁷
1204 3910 1373 3978 status
1398 3913 1625 3955 caussm.
1756 3904 1768 3978 _'
1834 3966 1845 3978 .

534 3970 963 4048 gous'rmcrsue,
1022 3966 1369 4030 constrictum
1420 3980 1600 4027 tenere
1622 3966 1963 4048 gravissime.
1994 3966 2057 4032 11,

460 4041 568 4097 505
584 4042 651 4103 Α,
674 4044 822 4110 Quod
841 4056 1005 4100 secent
1022 4055 1067 4100 et
1088 4049 1291 4100 inurunt
1304 4054 1349 4098 et
1370 4052 1630 4111 amputem
1651 4052 1697 4094 et
1717 4041 2059 4111 constrictent.

533 4113 1052 4172 CONSUBSTANTIVUS.
1112 4117 1176 4183 11,
1221 4116 1327 4171 565
1352 4114 1417 4182 Α,
1448 4110 1693 4183 emam;
1736 4110 1891 4181 vulgo
1912 4123 2065 4165 cocs-

461 4185 724 4251 setttialis,
759 4187 902 4251 paria
926 4199 975 4239 et
1004 4187 1433 4242 consubstantiva.

533 4255 902 4312 CONSUETUDO.
939 4257 1001 4325 ll,
1043 4257 1148 4314 970
1179 4258 1237 4324 B,
1269 4256 1350 4310 Ne
1379 4255 1790 4325 consuetudinem
1810 4261 2063 4323 qua’rant,

466 4341 533 4381 ne
559 4336 833 4393 consueta,
868 4344 937 4385 ne
979 4324 1073 4385 Sua
1095 4329 1424 4395 desiderent,
1461 4336 1518 4382 ut.
1561 4324 1756 4381 lautius
1789 4327 1839 4379 in
1882 4338 2065 4379 carce-

465 4397 613 4471 ribus
642 4397 840 4463 vivant,
866 4416 1026 4471 quam
1057 4400 1222 4456 domi.

534 4466 899 4540 Cessatum,
921 4474 1223 4530 consultum
1274 4484 1483 4540 rogare,
1529 4468 1829 4539 dcponentc
1873 4466 2062 4521 forma.

462 4540 526 4611 11,
545 4540 657 4619 212
684 4541 748 4608 Α,
783 4543 842 4604 Β,
890 4545 998 4619 Au_t_
1014 4562 1161 4619 quem
1191 4543 1509 4619 consultatus
1534 4554 1627 4594 est.
1835 4611 1847 4619 _
2014 4608 2026 4619 _
2051 4607 2064 4619 .

397 4634 416 4643 -
480 4608 915 4687 Consonus“,
956 4608 1053 4672 Ubi
1096 4618 1209 4687 ipsa
1264 4614 1435 4667 anima
1470 4611 1946 4687 consummat,i._e.
1977 4608 2066 4687 ubi

432 4683 747 4751 discedens
795 4681 968 4741 anima
1001 4704 1028 4741 a
1076 4681 1324 4755 corpore,
1356 4693 1508 4737 actus
1547 4683 1598 4737 in
1630 4697 1695 4736 eo
1738 4683 1820 4737 sui
1852 4681 2059 4751 singula

462 4765 759 4824 computat,
801 4766 856 4811 et
895 4772 1158 4825 summam
1200 4756 1420 4824 colligit,
1477 4764 1729 4824 tanquam
1778 4757 2058 4825 pecuniam

464 4824 533 4880 de
555 4826 735 4881 multis
766 4824 1070 4882 nominibus
1098 4826 1419 4881 confectam.

537 4895 929 4968 Cou't‘tiuntane.
979 4900 1021 4965 1,
1067 4898 1202 4953 1257
1234 4897 1302 4964 Α,
1337 4896 1472 4962 Quid
1518 4900 1738 4968 primum
1782 4897 1935 4968 fuerit
1979 4898 2066 4951 ille

462 4967 674 5040 angelus
694 4965 1015 5039 perditionis,
1040 4970 1207 5025 ntalus
1226 4986 1293 5023 au
1318 4965 1608 5042 impatiens,
1635 4965 1900 5024 contemno
1927 4985 2067 5042 qua:-

460 5056 594 5095 rere.

534 5110 988 5185 Coareureusnc.
1032 5111 1103 5181 ll,
1153 5113 1257 5170 858
1301 5112 1361 5182 Β,
1395 5111 1784 5185 Contemperant
1814 5112 1955 5184 (fietu
2000 5112 2068 5171 de

462 5194 690 5251 corpore
718 5189 775 5235 ct
798 5182 997 5238 anima.

533 5253 930 5327 Constantinam,
983 5256 1187 5324 passiva
1218 5256 1623 5327 signiﬁcatione.
1654 5257 1717 5325 ll,
1751 5255 1859 5311 225
1884 5255 1948 5323 C,
1978 5254 2067 5311 Ita

460 5324 719 5400 ctjcwlum
745 5325 948 5400 spjrittti
970 5337 1016 5383 et
1051 5328 1195 5400 aquis
1217 5324 1487 5400 incubabat
1512 5340 1556 5385 et
1583 5324 2061 5400 complectebantur.

461 5394 590 5469 Alii,
623 5394 966 5469 teste'Junio,
1016 5415 1046 5455 e
1093 5394 1250 5455 codd.
1299 5400 1537 5456 Vatican.
1572 5394 2060 5469 contemplabantur,

461 5467 641 5545 phrasi
673 5467 951 5545 tectonica.
989 5490 1007 5524 ι
1037 5471 1132 5545 Est
1169 5472 1315 5545 cnim
1344 5473 1619 5545 templum,
1652 5467 1823 5543 inquit
1848 5467 2059 5539 Festus,

462 5538 665 5608 tignum
694 5538 875 5613 iacens
912 5543 1051 5613 quod
1101 5545 1151 5599 in
1191 5543 1417 5599 tedilicio
1444 5538 1657 5600 summo
1700 5538 2061 5598 transversum

459 5622 618 5685 §_tl_pl‘.'t
638 5610 945 5685 cantherios
965 5616 1194 5684 ponitur.
1213 5634 1231 5668 ι
1259 5614 1326 5669 Et
1357 5616 1423 5668 ita
1446 5615 1638 5685 accipit
1666 5614 1935 5669 Vitruvius
1969 5615 2060 5670 lib.

458 5678 551 5748 ιν,
575 5682 778 5757 (ζειρη2.
812 5682 945 5741 lliuc
965 5678 1325 5757 contemplari
1355 5678 1606 5742 dicuntur
1630 5685 1915 5751 cantherii,
1941 5686 1975 5739 i.
2008 5701 2060 5742 e.

460 5754 721 5828 committi
747 5755 885 5811 inter
908 5772 969 5814 se
999 5754 1204 5828 templo
1228 5765 1285 5814 et
1308 5760 1648 5813 concatenari
1681 5773 1742 5812 ac
1770 5757 2062 5827 constringi
2126 5762 2133 5769 ’

459 5821 511 5878 in
564 5843 715 5880 suutn
764 5829 1018 5899 templum
1064 5821 1395 5885 desinentes.
1448 5829 1535 5884 Sic
1585 5844 1711 5900 ergo
1752 5828 1970 5900 spiritus
2008 5821 2063 5884 ct

457 5909 607 5968 aqua:
655 5898 1006 5972 contemplari
1044 5901 1294 5958 dicuntur
1331 5900 1490 5968 ςωιι),
1537 5900 1571 5956 i.
1616 5898 1666 5956 e.
1716 5898 1979 5957 committi
2009 5910 2064 5957 et

2092 4655 2145 4716 D

2166 3323 2342 3404 ntelia.
2364 3327 2430 3407 At
2454 3338 2647 3407 vereor
2679 3324 2965 3407 _ne.bot_tus_
2990 3325 3077 3407 ille
3098 3324 3304 3390 Junius,
3339 3325 3457 3407 qui,
3481 3334 3543 3407 ut
3568 3325 3760 3394 ltic,ita

2161 3404 2213 3449 et
2242 3395 2293 3447 in
2326 3395 2507 3449 multis
2531 3396 2651 3450 aliis
2679 3395 2829 3465 locis,
2850 3396 3156 3451 durioribus
3169 3395 3405 3452 auctoris
3426 3397 3762 3454 dcieusmetn

2161 3466 2288 3536 egit,
2324 3465 2533 3536 iniquus
2560 3467 2804 3522 videatur
2828 3469 3115 3536 interpres.

2232 3538 2651 3611 CQNVENIENTIA.
2673 3538 2713 3606 1,
2741 3538 2878 3594 1267
2912 3537 2970 3605 Β,
2996 3537 3272 3611 Negotium
3298 3540 3645 3595 convenientia
3665 3541 3740 3595 sol
3750 3569 3767 3581 -

2163 3617 2270 3682 vet,
2292 3608 2324 3661 i.
2346 3624 2395 3663 e.
2412 3609 2784 3677 conventione,
2802 3608 3099 3679 consensu,
3121 3622 3297 3682 pacto.

2236 3681 2542 3753 CONVEMRE
2564 3723 2579 3747 ,
2616 3683 2667 3736 in
2690 3684 2779 3751 jus
2809 3696 3023 3737 vocare.
3052 3681 3251 3746 1,328
3276 3682 3325 3738 Α
3350 3724 3364 3746 ,
3415 3684 3694 3753 Sacrilegii
3717 3693 3767 3738 cl

2165 3752 2445 3817 maiestatis
2473 3753 2546 3806 rei
2583 3754 2925 3808 convenimur.
2976 3753 3031 3818 1,
3069 3754 3174 3810 446
3204 3754 3285 3820 Α,
3329 3752 3668 3811 Conuenimur
3712 3756 3766 3808 in

2163 3823 2374 3896 crimen.
2420 3823 2495 3891 11,
2520 3824 2591 3879 24
2620 3824 2697 3888 Β,
2730 3823 2796 3878 Et
2817 3826 2911 3896 erit
2946 3825 3116 3895 itaque
3158 3842 3409 3896 nusquam
3439 3827 3561 3880 dum
3582 3827 3768 3895 ubique

2166 3893 2454 3967 convenior,
2498 3896 2532 3967 i.
2563 3912 2613 3951 e.
2647 3896 2773 3950 dum
2804 3895 3002 3966 ubique
3031 3893 3126 3951 eos
3171 3893 3462 3967 convenio,
3498 3898 3589 3967 qui
3636 3893 3768 3951 mihi

2165 3966 2419 4039 occinunt
2457 3984 2470 4020 :
2503 3966 2737 4034 Quaerite
2787 3979 2842 4023 et
2891 3969 3201 4036 invenietis,
3245 3966 3352 4026 du'o
3399 3966 3583 4039 gravia
3626 3972 3765 4023 mala

2166 4050 2227 4093 se
2269 4036 2415 4110 mihi
2448 4039 2718 4095 offerunt:
2763 4054 2950 4103 unum,
3000 4040 3143 4109 quod
3190 4036 3452 4110 nusquam
3505 4041 3597 4096 ille
3645 4041 3765 4093 linis

2166 4109 2440 4181 qumrendi
2473 4111 2680 4166 futurus
2726 4112 2831 4178 sit,
2876 4111 3138 4166 incertum
3185 4128 3272 4167 tne
3316 4109 3505 4167 errare
3550 4126 3767 4181 semper

2167 4180 2725 4254 oportebitzalterum
2754 4223 2768 4244 ,
2823 4182 2966 4254 quod
3016 4183 3176 4237 velim
3200 4183 3279 4239 sic
3308 4197 3431 4238 csse
3478 4198 3764 4254 nusquam,

2170 4251 2205 4325 i_.
2234 4253 2595 4325 e.optandnm
2632 4253 2775 4325 mihi
2821 4252 3022 4319 fuerit,
3074 4263 3449 4325 utruuuquam
3493 4251 3761 4319 novissent

2168 4322 2462 4394 doctrinam
2518 4323 2756 4387 Christi,
2808 4325 2931 4394 quia
2979 4322 3323 4381 tolerabilior.
3359 4324 3598 4381 conditio
3647 4340 3765 4380 mea

2171 4393 2343 4467 [litura
2374 4406 2553 4462 esset,
2588 4396 2630 4451 si
2661 4393 2928 4464 nunquam
2960 4410 3076 4451 cum
3100 4396 3496 4467 cognovissem.
3544 4396 3587 4452 ll
3613 4438 3628 4459 ,
3661 4397 3765 4452 503

2169 4465 2230 4533 Β,
2278 4464 2405 4520 Cum
2435 4475 2695 4537 utramque
2722 4468 3010 4537 conveneris
3039 4468 3091 4522 in
3135 4464 3382 4535 creatore,
3412 4468 3449 4522 i.
3484 4484 3536 4523 c.
3568 4469 3765 4536 depre-

2172 4538 2439 4594 henderis.
2469 4538 2543 4601 11,
2585 4536 2690 4593 568
2731 4538 2770 4591 Β
2795 4578 2810 4605 ,
2855 4536 2979 4592 Ηωσ
2999 4540 3371 4605 conreuiemus,
3420 4540 3458 4594 ἰ.
3503 4555 3555 4595 e.
3588 4540 3659 4595 de
3685 4540 3767 4595 bis

2170 4609 2532 4679 experientur.
2565 4609 2628 4673 ll,
2656 4610 2759 4665 775
2786 4609 2878 4681 γυ,
2927 4609 3032 4665 Sed
3073 4611 3229 4665 aliam
3278 4611 3768 4681 argumentationem

2171 4682 2734 4735 eorumcouvenicmus.
2786 4680 2849 4742 ll.
2879 4681 2983 4737 719
3036 4681 3265 4753 C,‘Sed
3320 4697 3416 4748 cu,
3474 4698 3564 4753 per
3613 4698 3768 4752 quum

2165 4753 2492 4820 delinquitur,
2515 4753 2824 4807 convenitur.
2866 4752 2930 4808 ll.
2964 4754 3027 4809 91
3076 4754 3144 4821 Δ,
3195 4752 3263 4808 In
3297 4752 3510 4820 quorum
3547 4763 3595 4808 et
3633 4756 3771 4806 anti-

2165 4823 2441 4893 quitatibus
2475 4834 2522 4878 et
2548 4823 2952 4879 solenmitatibus
2997 4836 3044 4879 et
3071 4825 3259 4894 ofﬁciis
3285 4825 3600 4892 convenitur,
3636 4825 3673 4880 i.
3715 4842 3766 4881 c.

2167 4903 2440 4965 comparet
2465 4937 2480 4960 ,
2505 4896 2794 4961 invenitur,
2822 4894 3260 4965 deprehenditur.

2238 4966 2555 5022 CONVICIUM.
2582 4966 2648 5031 11,
2674 4967 2780 5023 515
2808 4965 2876 5033 Α,
2905 4965 2972 5020 Et
2993 4968 3275 5022 convicium
3299 4967 3441 5036 ⁶[(ιίδὶ
3478 4968 3770 5022 simulacris

2170 5048 2395 5093 excusat.
2426 5037 2821 5094 Eleusiniortnn
2846 5039 3113 5094 antistites
3140 5037 3205 5093 ad
3238 5039 3369 5094 illud
3414 5038 3643 5093 membri
3685 5041 3768 5094 vi-

2172 5110 2288 5165 rilis
2327 5109 2676 5165 simulacrum
2707 5111 2868 5177 velut
2918 5107 2985 5164 ad
3004 5110 3372 5175 divinitatem,
3428 5110 3769 5166 adulantium

2171 5181 2355 5237 habitu
2424 5181 2702 5239 accedunt.
2771 5180 2954 5249 Itaque
3007 5181 3124 5237 falsi
3182 5181 3411 5237 crimine
3479 5190 3767 5248 tenentur,

2169 5254 2259 5324 qui
2312 5251 2455 5308 aliud
2502 5253 2671 5309 oculis
2724 5253 2942 5324 colunt,
3006 5252 3149 5308 aliud
3229 5260 3430 5309 mente.
3506 5251 3768 5318 Etenim,

2169 5323 2357 5389 aiunt,
2401 5324 2504 5380 coli
2536 5340 2565 5377 a
2596 5338 2786 5379 senon
2828 5323 3210 5390 simulacrum,
3256 5324 3350 5378 sed
3380 5337 3561 5379 rerum
3611 5335 3770 5380 natu-

2170 5412 2281 5452 ram
2314 5411 2380 5451 co
2405 5395 2694 5451 simulacro
2741 5409 3091 5465 expressam;
3143 5395 3286 5465 quod
3336 5404 3422 5450 est
3462 5397 3769 5451 accusatio.

2168 5468 2437 5593 neithlplsi
2485 5467 2787 5523 simulacris
2815 5480 3075 5524 excusare
3104 5507 3120 5536 ,
3169 5466 3507 5523 mendacium
3546 5466 3770 5524 menda-

2168 5555 2253 5593 CIO
2318 5553 2501 5593 inore.

2167 5555 2253 5596 CIO
2278 5553 2501 5593 enuere.

2240 5612 2667 5668 Couvxsceusnc.
2698 5609 2782 5675 11,
2811 5609 2916 5665 786
2952 5609 3021 5672 Β,
3048 5607 3132 5664 Ita
3156 5617 3507 5666 concamatur
3558 5618 3608 5666 et
3646 5626 3769 5668 ccu-

2167 5686 2449 5740 visceratur
2476 5699 2590 5736 cum
2615 5697 2671 5736 eo
2695 5684 2777 5735 cui
2803 5680 3174 5753 adglutinetur.

2241 5755 2562 5881 gignimus,
2587 5763 2669 5809 est
2693 5769 2853 5824 graec.
2879 5752 3276 5823 ἁνμμισθὺμενθς.
3308 5752 3377 5825 11,
3404 5752 3514 5814 574
3562 5752 3645 5822 C;
3678 5753 3771 5825 ib.,

2239 5900 2421 5957 (.ot'ta.
2453 5897 2495 5953 11
2519 5940 2535 5971 ,
2563 5896 2673 5958 262
2700 5896 2742 5955 Β
2765 5936 2780 5965 ,
2809 5896 3072 5971 Reprobus
3102 5909 3152 5956 et
3178 5912 3321 5956 mare
3340 5939 3358 5970 ,
3384 5901 3477 5957 sed
3518 5915 3679 5972 usque
3697 5900 3765 5957 ad
3789 5938 3811 5948 -
