3942 6276
317 342 453 411 1501

311 467 505 541 4557A,
539 464 642 536 Qui
665 473 781 541 vola
800 467 945 540 probi
980 471 1345 541 expungimus,
1402 472 1439 526 i.

311 540 697 614 pet-fungimur.
722 540 779 614 l_.
802 542 907 596 527
930 543 996 607 Α,
1023 540 1103 596 Ad
1125 540 1535 614 expungendum,
1555 544 1589 596 i.
1615 556 1664 597 e.
1677 540 1755 614 ad
1785 554 1903 614 per.

314 611 620 676 tieicndum,
650 611 887 681 perfecte
908 610 1379 682 przestandumfll.
1409 614 1515 670 605
1539 617 1582 669 A
1603 655 1617 679 ,
1668 611 1735 666 Et
1780 610 1907 682 legis

310 683 492 758 veteris
518 683 729 738 abolitio
756 694 1009 758 expuncto
1033 686 1139 740 suis
1158 687 1464 758 temporibus
1506 685 1901 758 demonstratur.

312 753 591 825 Exputicta
617 753 938 825 nempe'luit
964 756 1050 811 lex
1091 753 1272 824 vetus,
1304 772 1441 812 nova
1468 756 1901 825 superveniente.

312 824 377 887 ll,
402 824 509 899 524
532 826 591 893 Β,
620 824 750 899 Etsi
775 842 875 899 qua
901 826 954 880 in
980 828 1076 881 hoc
1113 844 1241 899 opus
1282 828 1442 899 dilata
1472 824 1671 899 erant,
1709 841 1905 895 expun-

311 897 567 960 ascrintus,
616 897 654 950 i.
695 912 744 952 e.
777 897 1192 963 absolverimus,
1253 897 1441 954 ellecta
1487 897 1901 966 reddiderimus.

312 966 378 1041 11,
402 966 515 1024 815
542 966 611 1034 Α,
636 966 881 1023 Iudicum
924 971 1224 1027 resurrectio
1259 979 1527 1041 expunget.
1558 969 1614 1041 l.
1660 969 1765 1023 6-2.7
1820 971 1861 1022 A
1886 1010 1902 1036 ,

312 1038 431 1092 Ima
459 1048 505 1093 et
533 1040 672 1093 omni
698 1041 1004 1093 contumelia
1024 1042 1295 1106 expuncti,
1344 1042 1379 1096 i.
1432 1038 1486 1097 e.
1540 1040 1675 1096 nihil
1718 1048 1909 1093 contu:-

313 1059 431 1092 uno
459 1059 505 1093 ει
533 1059 672 1093 0mm
698 1059 1004 1093 contumetta
1024 1059 1087 1094 ea:
1126 1059 1295 1106 uncti,
1345 1059 1379 1096 I.
1435 1059 1486 1097 e.
1540 1059 1675 1096 “IIII!
1718 1059 1908 1093 0011111⁸·

313 1111 489 1182 metite
518 1110 812 1182 omissum,
857 1111 999 1180 quod
1048 1059 1123 1166 illi
1152 1126 1259 1167 non
1287 1112 1397 1167 sint
1427 1112 1688 1182 perpessi.
1732 1111 1773 1176 l,
1802 1110 1908 1167 665

315 1180 467 1254 [κιη
495 1180 803 1236 idololatriae
828 1183 1233 1254 tamencrimine
1258 1180 1590 1254 expungitur,
1617 1184 1652 1239 i.
1686 1200 1736 1239 e.
1786 1197 1910 1253 pcr-

313 1252 506 1325 licitur,
539 1265 961 1309 consummatur.
1006 1253 1080 1321 ll,
1111 1253 1182 1310 76
1202 1257 1245 1308 A
1266 1297 1282 1322 ,
1321 1252 1624 1309 Liberalitas
1670 1252 1907 1325 prtestan-

313 1324 624 1397 tissimorum
702 1325 1070 1397 imperatorum
1136 1327 1517 1397 cxpungcbatur
1581 1326 1634 1380 in
1672 1324 1901 1380 castris.

315 1392 634 1469 Dountivum
680 1392 966 1469 significat.
1022 1392 1229 1469 Singuli
1282 1392 1483 1453 milites
1537 1412 1604 1452 ex
1665 1398 1910 1467 catalogo

311 1479 409 1520 seu
442 1465 633 1522 tabella
681 1465 827 1525 citati
878 1468 1095 1523 adibant
1116 1465 1145 1537 ,⁷
1177 1478 1233 1525 et
1270 1470 1598 1539 singulorum
1652 1465 1866 1523 nomina
1890 1511 1905 1534 ,

314 1546 470 1611 prout
521 1539 750 1609 quisque
807 1541 1145 1611 accipiebat,
1205 1542 1669 1611 expungcbantur.
1724 1540 1910 1610 Itaque

312 1608 562 1664 absoluto
609 1612 819 1665 cunctis
862 1610 1152 1676 donativo,
1203 1608 1551 1681 omniumque
1604 1608 1910 1666 nominibus

311 1680 614 1750 cxpuuctis,
641 1690 762 1754 tota
783 1683 868 1736 illa
902 1682 1128 1754 tabella,
1177 1698 1279 1754 qtta
1311 1680 1524 1737 nomina
1552 1683 1909 1737 contineban-

314 1759 402 1806 tur
429 1766 615 1807 eorum
657 1752 849 1822 quibus
888 1752 1209 1808 donativum
1252 1754 1495 1809 distribui
1543 1763 1907 1821 convenerat,

313 1832 576 1893 expuncta
599 1826 892 1895 apparebat
921 1842 933 1876 :
981 1840 1045 1880 ac
1100 1840 1195 1894 per
1222 1825 1323 1880 hoc
1354 1825 1650 1880 liberalitas
1674 1826 1909 1894 impera-

317 1898 450 1967 toris
475 1896 719 1951 absoluta
745 1910 959 1967 quoque
977 1904 1033 1949 et
1057 1912 1120 1950 ex
1130 1905 1343 1965 puncta.
1363 1895 1910 1951 Prwstantissimorum

312 1965 701 2037 imperatorum,
738 1965 935 2036 nempe
982 1966 1045 2022 L.
1096 1968 1340 2037 Septimii
1395 1967 1581 2022 Severi
1626 1969 1829 2036 patris,
1859 1975 1914 2021 et

313 2035 383 2091 Μ.
420 2037 624 2093 Aurelii
659 2035 913 2093 Antonini
946 2035 1240 2094 Carnealla:
1266 2037 1396 2105 lilii,
1429 2038 1529 2094 sub
1551 2035 1746 2107 quibus
1776 2038 1911 2094 Ter-

314 2107 594 2181 tullianum
644 2108 894 2181 iloruisse
940 2110 1000 2165 Ι).
1060 2111 1420 2181 Hieronymus
1490 2118 1676 2165 auctor
1727 2119 1809 2165 est
1858 2111 1911 2165 in

313 2179 616 2236 illustribus
641 2180 903 2236 Ecclesiae
929 2181 1080 2235 viris.

266 2268 289 2283 ’-
386 2251 712 2309 Ειςεεαυτιο.
743 2252 826 2319 ll,
865 2252 973 2309 604
1001 2253 1073 2320 Β,
1108 2251 1178 2308 Et
1204 2252 1362 2308 hostis
1406 2253 1776 2311 exsecutionem
1800 2292 1816 2319 ,
1871 2253 1907 2309 i.

312 2335 364 2378 e.
388 2326 838 2390 persecutionem.

387 2393 760 2467 Exsurrutut.
802 2395 853 2464 Ι,
879 2394 985 2452 677
1017 2395 1093 2459 Β,
1122 2394 1405 2451 Fumantes
1452 2411 1571 2449 aras
1609 2394 1819 2467 despuet
1865 2406 1913 2450 et

312 2466 625 2538 exsufflabit,
654 2467 690 2522 i.
718 2482 769 2523 θ.
818 2469 1075 2538 prolitens
1102 2482 1162 2523 se
1187 2466 1552 2525 Christianum
1582 2466 1712 2523 fumi
1740 2467 1911 2523 idolo-

314 2537 488 2592 latrici
514 2537 872 2595 aversatione.

386 2607 734 2665 EXS'I'RUC'I‘IO
756 2654 771 2678 ,
805 2620 906 2674 est,
940 2611 1001 2678 l,
1035 2609 1176 2667 1294
1208 2612 1244 2664 Α
1271 2650 1287 2677 ,
1333 2610 1511 2680 capilli
1550 2619 1728 2665 strues
1749 2652 1764 2675 ,
1788 2625 1912 2678 sug-

309 2686 528 2753 gestus;
555 2695 661 2749 quo
678 2680 928 2753 1Iuvenal.
958 2684 1135 2753 Satyr.
1163 2680 1229 2736 VI
1247 2722 1262 2747 ,
1290 2680 1464 2736 Altum
1488 2682 1711 2750 aedificat
1731 2694 1905 2750 caput.

388 2750 609 2806 EXTARE
633 2792 646 2815 ,
678 2751 720 2816 l,
755 2752 885 2807 1551
915 2754 974 2814 Β,
996 2750 1069 2809 El
1089 2762 1321 2808 extumus
1344 2754 1475 2807 inter
1495 2754 1773 2821 demersos,
1794 2753 1830 2808 i.
1856 2768 1907 2811 e.

315 2823 641 2894 omittemus.
665 2823 802 2877 Sunt
826 2834 1002 2879 autem
1032 2826 1301 2891 demersi,
1359 2825 1410 2878 iu
1464 2824 1731 2894 profundo
1776 2824 1906 2892 siti,

311 2892 593 2965 qui_celsis
617 2902 775 2964 atque
800 2896 1160 2951 eminentibus
1187 2892 1548 2965 opponuntur.

265 2992 284 3004 ι
357 2963 714 3038 Eumeni:
736 3007 751 3031 ,
775 2966 844 3023 de
869 2967 1125 3034 canibus,
1155 2963 1276 3023 cuin
1328 2967 1383 3022 in
1445 2968 1608 3038 pedes
1647 2981 1707 3023 se
1744 2966 1915 3037 conji-

315 3037 527 3095 cientes
580 3052 680 3107 spe
735 3038 1256 3108 prtedatiuteruodia
1293 3037 1540 3108 corpOris
1589 3038 1804 3105 laxant;
1857 3047 1914 3094 et

312 3108 488 3177 Spiras
515 3108 829 3164 extendunt.
858 3109 909 3174 Ι,
940 3110 1046 3165 515
1069 3114 1107 3164 Α
1130 3154 1145 3175 ,
1182 3111 1314 3178 Qua:
1341 3108 1459 3164 illos
1498 3110 1568 3163 ad
1607 3110 1911 3167 eversionem

313 3180 569 3251 luminum
590 3181 884 3251 extendant.
916 3180 959 3246 Ι.
994 3182 1133 3237 1279
1161 3183 1223 3246 Β,
1250 3180 1605 3235 Extendamur
1632 3181 1686 3235 in
1712 3183 1905 3251 priora.

312 3250 356 3316 l,
391 3250 616 3322 1319B,
643 3249 762 3306 Illa:
786 3252 881 3306 sibi
906 3254 1272 3322 formositatem
1313 3262 1358 3306 et
1380 3252 1555 3306 datam
1595 3249 1867 3307 extendunt
1886 3295 1903 3321 ,
1932 3257 1977 3320 C

313 3330 362 3398 et
390 3339 489 3375 non
513 3321 685 3398 datam
711 3321 1049 3398 conquirunt.
1080 3322 1121 3393 Ι,
1152 3322 1258 3380 676
1286 3322 1344 3390 Β,
1375 3322 1705 3396 Diligentiam
1730 3334 1907 3380 exten-

313 3392 440 3446 dtmt
466 3392 855 3449 observationis.

388 3464 783 3521 Exrnnumwu.
815 3464 879 3535 ll,
909 3465 1016 3522 612
1058 3466 1122 3535 A,
1154 3464 1460 3522 Exterminii
1509 3466 1725 3521 civitatis
1777 3464 1908 3524 Ilie-

311 3537 535 3590 rusaletn
551 3578 565 3601 ,
596 3537 652 3590 id
672 3546 744 3591 est
773 3539 1069 3593 vastationis
1085 3539 1216 3608 ejus.

388 3608 698 3683 Enniana.
730 3608 793 3676 Π,
840 3607 911 3664 82
934 3610 1009 3677 Β,
1049 3607 1347 3665 ϐόηιασιιιηι
1380 3610 1450 3683 in
1501 3607 1735 3664 manibus
1783 3609 1910 3664 exti-

309 3679 497 3745 mavit,
526 3682 564 3736 i.
593 3679 643 3735 ε.
673 3690 976 3736 contactum
1007 3690 1307 3736 extremum
1344 3682 1458 3736 sive
1497 3682 1757 3737 extimum
1783 3695 1912 3737 sen-

311 3764 432 3805 sum
462 3751 513 3805 in
556 3753 802 3824 manibus
827 3753 1144 3820 collocavit,
1180 3760 1235 3808 et
1260 3752 1473 3824 quidem
1504 3752 1750 3822 extimis,
1784 3767 1909 3808 nam

310 3830 552 3893 extrema
622 3821 911 3893 digitorum
976 3834 1213 3880 tactuum
1279 3821 1617 3882 'dill‘ercntias
1677 3826 1911 3882 maxime

310 3892 706 3966 percipiunt_ac
727 3894 990 3966 sentiunt.
1019 3961 1051 3966 4,

386 3962 679 4031 ExrnAJ,
723 3965 830 4021 512
869 3971 909 4021 A
937 4011 952 4035 ,
1002 3962 1321 4022 Christianus
1360 3967 1510 4020 etiam
1555 3975 1700 4021 extra
1743 3966 1910 4034 fidelis

310 4045 546 4159 pq’catur,
576 4035 610 4091 i.
645 4050 699 4092 e.
737 4051 860 4107 erga
888 4048 1102 4093 exteros
1143 4047 1199 4095 et
1223 4038 1291 4093 ab
1338 4039 1637 4103 extraneis,
1688 4052 1720 4090 a
1760 4035 1908 4092 Gen-

336 4123 347 4159 Ι
393 4121 474 4159 IIS.

309 4108 474 4161 tibus.

386 4178 881 4235 EXTRANATURALE.
912 4179 955 4235 Π
977 4224 992 4249 ,
1024 4180 1123 4237 721
1146 4178 1188 4235 Β
1209 4223 1225 4250 ,
1259 4178 1382 4235 Νοη
1418 4178 1588 4250 utique
1612 4186 1912 4235 extranatu-

309 4250 424 4302 rule
449 4261 520 4303 est
542 4265 766 4304 somnus.

390 4321 729 4376 Eumaeus.
765 4322 822 4389 l,
854 4320 1052 4387 44611,
1094 4322 1266 4376 Liceat
1304 4322 1532 4378 extranei
1580 4338 1613 4376 a
1656 4321 1815 4376 turbis
1856 4323 1910 4378 itt

312 4391 488 4463 aliquo
515 4392 628 4447 loco
675 4408 823 4447 casus
858 4394 1173 4458 invenimur,
1207 4393 1242 4446 i.
1276 4409 1322 4448 c.
1370 4395 1493 4448 licet
1541 4394 1698 4448 nullis
1739 4394 1909 4449 turbi-

313 4466 396 4517 dis
429 4466 588 4519 rebus
619 4478 718 4519 nos
754 4465 1186 4531 iihmisceatntts,
1231 4473 1413 4519 tamen
1443 4480 1563 4519 cum
1608 4466 1911 4521 concutitur

314 4537 635 4602 imperium,
672 4551 769 4590 ttos
794 4550 1008 4606 quoque
1044 4537 1412 4597 concutitnur.
1445 4546 1498 4591 et
1523 4536 1717 4606 aliquis
1753 4550 1911 4591 casus

315 4620 416 4660 nos
437 4606 597 4662 ferire
627 4616 822 4676 potcSt,
858 4610 1037 4673 itaque
1061 4608 1290 4676 patimur
1308 4606 1605 4661 vobiscum.
1632 4607 1911 4661 Constrtti-

318 4653 414 4731 illi
431 4653 1371 4748 gelatis";iiiti'i:"i'5i'-i"a'I
1383 4653 1626 4748 eam.
1640 4653 1911 4747 ’ρὲὂῇἱέτὶὲε
1932 4653 1988 4714 Ῑ)

315 4757 627 4803 extraneum.
655 4750 696 4812 1,
731 4750 870 4804 1250
894 4752 931 4803 A
955 4791 968 4812 ,
1000 4748 1223 4803 Nullum
1265 4767 1392 4819 Opus
1423 4749 1641 4803 Domino
1684 4750 1913 4815 compla-

312 4819 470 4893 citum
499 4835 788 4892 perpetrare
813 4829 1084 4875 extraneas
1105 4823 1363 4892 patientia:
1382 4823 1556 4893 possit.
1584 4820 1628 4875 ll
1646 4864 1661 4887 ,
1697 4821 1800 4876 727
1828 4823 1872 4876 Α
1892 4862 1908 4888 ,

318 4891 444 4956 Quis
466 4891 633 4945 autem
657 4902 760 4945 tam
786 4902 1053 4946 extraneas
1075 4891 1421 4947 humanitatis.

276 4981 296 4992 ο
390 4961 706 5018 Ex'rneuus.
756 4961 959 5034 11.708
996 4967 1073 5034 Α,
1112 4965 1244 5030 Quia
1295 4965 1429 5018 nihil
1483 4963 1710 5031 plenius,
1761 4980 1916 5034 quam

314 5036 450 5103 quod
476 5036 767 5091 extremius.
844 5033 908 5101 Ι,
981 5033 1086 5091 587
1145 5037 1186 5089 Α
1225 5076 1252 5115 ,.
1300 5034 1671 5090 Extrentissimi
1743 5033 1913 5091 tamen

315 5119 507 5161 eorum.

389 5179 556 5233 Esuc.
592 5175 801 5243 1,1247
826 5176 891 5245 A,
920 5175 1026 5232 Sed
1050 5176 1223 5232 exules
1256 5195 1288 5232 a
1330 5179 1574 5233 libertatis
1626 5187 1674 5233 et
1727 5178 1920 5234 (milite

343 5251 578 5305 ’elicitate.
785 5295 791 5309 .

317 5252 682 5377 maxime.
730 5295 813 5389 η’,
846 5319 952 5379 790
976 5317 1017 5374 C
1039 5359 1054 5385 ,
1086 5318 1325 5388 Legimus
1366 5320 1569 5392 quidem
1608 5320 1750 5390 apud
1791 5318 1920 5392 Eze-

317 5392 533 5447 cltielent
563 5394 626 5446 de
648 5408 807 5447 vacca
836 5392 930 5447 illa
955 5406 1071 5463 qua:
1096 5393 1287 5462 peperit
1314 5402 1360 5445 et
1379 5391 1489 5445 non
1516 5393 1751 5463 peperit.
1779 5391 1915 5447 Cum

320 5464 372 5517 in
394 5464 677 5520 Ezechiele
703 5462 973 5535 propheta
1000 5477 1262 5535 nusquam
1309 5464 1509 5518 mentio
1558 5462 1651 5535 fiat
1700 5462 1913 5519 illarum

319 5550 508 5590 vocum
540 5551 661 5605 qua:
690 5534 775 5590 hic
804 5535 1092 5590 laudantur
1112 5534 1180 5587 ab
1218 5543 1438 5589 auctore
1461 5577 1476 5600 ,
1523 5534 1713 5605 merito
1756 5535 1913 5605 dubi-

321 5615 435 5660 tant
462 5604 785 5679 interpretes
808 5650 823 5675 ,
855 5622 974 5679 qua!
1000 5606 1072 5679 sit
1120 5604 1279 5675 hujus
1312 5605 1410 5679 loci
1431 5604 1776 5679 csplicatio.
1809 5604 1909 5679 Pa»

322 5679 512 5748 melius
552 5675 621 5732 et‘
651 5677 741 5731 alii
787 5675 971 5748 putant
1007 5677 1057 5731 id
1098 5676 1381 5748 essequod
1429 5676 1655 5748 habetur
1696 5675 1798 5748 Job
1846 5676 1907 5744 ll,

332 5747 500 5804 Vacca
526 5750 722 5820 peperit
752 5746 922 5804 etnon
945 5757 1017 5803 est
1050 5746 1394 5820 privata’faatu
1436 5763 1548 5803 suo.
1594 5746 1785 5803 Junius
1815 5748 1916 5803 hoc

324 5834 389 5892 es
410 5819 612 5892 scripto
640 5820 823 5892 aliquo
859 5819 1177 5892 apocrypha
1211 5820 1588 5892 depromptum
1635 5831 1756 5872 esse
1795 5834 1915 5892 sus-

325 5889 553 5959 picatur.
582 5891 690 5948 Nisi
714 5891 835 5962 quis
866 5889 1003 5949 forte
1028 5889 1095 5947 de
1140 5889 1610 5962 Ezecbielo’pocta
1650 5890 1919 5959 acceperit

1303 352 1515 414 lNDEX
1553 346 1986 413 LATlNlTATlS
2024 346 2608 413 TERTULLIANEIE.

1941 1865 1988 1925 Β
2017 1875 2157 1941 apud
2194 1873 2331 1944 [Egy

3463 355 3610 416 1502

1498 486 1548 526 ει.
1602 469 1907 544 implemus,
1936 467 1983 527 Α
2012 467 2274 544 tragoedo,
2311 469 2474 544 quia
2529 468 3246 544 ClemcnteAlexandrino,
3292 469 3490 528 Strotn.
3534 472 3602 544 ll,
3662 504 3665 507 ι

2005 540 2469 666 ἓᾶάδίιέιᾶἱυεθὺίο
2526 556 2672 615 smpe
2724 541 2876 599 libris
2940 542 3002 599 de
3053 542 3347 617 Prceparat.
3401 540 3602 618 Evang.

2225 628 2306 666 ur.

2795 746 2838 800 F

2082 874 2316 955 Faesus.
2342 876 2406 943 Il,
2442 877 2547 955 702
2573 876 2610 933 A
2633 918 2646 942 ,
2684 877 3004 955 lfytltagoras
3024 896 3139 955 vero
3168 898 3231 937 ne
3251 953 3256 955 _
3277 899 3365 951 per
3410 884 3606 955 fabrilia

2009 947 2228 1021 quidem
2255 950 2620 1003 transeundum
2677 947 2944 1021 discipulis
2994 953 3099 1007 suis
3143 947 3372 1009 tradidit.
3410 947 3603 1013 'Etiam

2011 1034 2133 1096 cum
2178 1019 2488 1077 discrimine
2530 1023 2654 1075 vita:
2699 1019 3038 1096 observatum
3092 1036 3414 1094 prmCt‘pltltll
3472 1027 3603 1082 illud

2011 1089 2368 1164 Pythagorica
2398 1098 2613 1161 Χυάμων
2649 1104 2722 1162 μῆ
2775 1089 3009 1164 ἄνη-ἄνειν
3047 1089 3231 1149 scribit
3268 1089 3605 1153 datttltliclttts

2012 1176 2131 1237 cap.
2163 1163 2249 1229 51,
2287 1162 2597 1237 tibiduarrat
2639 1162 2898 1233 quosdam
2950 1166 3268 1236 Pythagorae
3313 1168 3608 1237 discipulos

2013 1231 2281 1307 fugientes
2315 1234 2513 1307 milites
2545 1231 2783 1306 Dionysii
2824 1231 3032 1307 tyranni
3080 1231 3333 1292 incidisse
3377 1231 3504 1293 castt
3552 1241 3607 1296 itt

2014 1303 2243 1368 fabalia,
2286 1306 2406 1374 qui,
2451 1305 2652 1361 decreti
2683 1303 2952 1362 memores
2997 1316 3051 1362 et
3078 1307 3459 1364 illud'violare
3506 1327 3605 1363 uo-

2017 1376 2207 1449 lentes,
2249 1376 2556 1443 substitere,
2595 1377 2813 1432 minime
2842 1379 2956 1434 ausi
2995 1383 3223 1434 transire
3246 1394 3357 1449 ~per
3385 1381 3607 1447 lubuiiu,

2013 1446 2108 1503 sed
2141 1448 2442 1503 maluerunt
2472 1450 2721 1504 trucidari
2750 1457 2807 1505 et
2834 1450 3008 1504 obrui.

2088 1518 2413 1576 anntcsnn.
2438 1520 2479 1585 1,
2520 1519 2652 1578 1261
2689 1522 2750 1587 Ο,
2787 1521 3052 1586 Quomodo
3096 1522 3284 1578 amicos
3329 1522 3392 1578 dc
3441 1540 3604 1579 tnam-
3648 1548 3671 1559 -

2016 1605 2167 1661 mana
2195 1592 2554 1661 fabricabimus
2582 1592 2745 1647 nobis.

2089 1660 2324 1729 Faernus,
2379 1663 2574 1719 vadere
2600 1704 2615 1731 ,
2661 1663 2943 1732 proficisci.
3004 1664 3078 1726 ll,
3128 1664 3266 1720 1058
3299 1663 3366 1729 Β,
3401 1664 3514 1732 Quo
3538 1666 3607 1719 ml

2016 1731 2164 1808 illum
2185 1749 2246 1787 ea;
2274 1733 2437 1808 Libya
2475 1731 2731 1789 Hammon
2780 1738 2923 1807 facit.
2973 1731 3607 1808 Hyginusillttttttnonctu

2017 1802 2183 1858 refert
2219 1820 2284 1859 ex
2333 1802 2510 1861 Africa
2544 1808 2755 1862 venisst:
2780 1802 2858 1861 ad
2902 1802 3152 1862 Liberum
3185 1807 3382 1869 :L'tber
3426 1818 3606 1863 autem

2337 1875 2475 1946 ptius
2517 1877 2706 1933 Osiris.
2753 1878 2857 1933 Alii
2901 1881 3082 1947 legunt
3120 1880 3268 1934 vasit.
3317 1879 3605 1945 Prodest},

2015 1944 2254 2022 11,1045
2285 1944 2469 2022 [illiciat
2501 1949 2700 2002 habitus
2729 1950 2822 2022 iste
2845 1944 2979 2020 quod
3005 1951 3179 2022 faciat.
3209 1951 3411 2007 Sensus
3443 1944 3609 2006 totius

2014 2016 2116 2089 loci
2149 2028 2274 2072 est:
2321 2017 2478 2074 Nulla
2506 2022 2655 2089 signa
2693 2016 2907 2088 pallium
2952 2016 3206 2075 etibibeat
3258 2022 3491 2078 hominis
3540 2022 3609 2077 ad

2013 2088 2240 2161 meliora
2280 2088 2635 2161 transgresSi:
2687 2091 2848 2145 habet
2900 2099 3076 2146 tamen
3115 2091 3205 2147 bic
3250 2093 3501 2156 habitus,
3555 2096 3609 2150 itt

2013 2175 2121 2232 quo
2151 2160 2436 2216 utilitatem
2469 2175 2620 2216 suam
2644 2162 2808 2232 possit
2838 2162 3143 2218 ostendere.
3211 2163 3287 2230 ll,
3360 2164 3465 2218 227
3523 2162 3604 2232 Δ,

2016 2231 2149 2303 Quia
2179 2241 2229 2303 et
2266 2232 2402 2300 filios
2453 2233 2697 2302 facimus,
2752 2233 2866 2286 licet
2919 2250 3227 2303 generemus.
3284 2235 3359 2301 Il,
3397 2235 3502 2290 599
3530 2231 3604 2302 ll,

2018 2301 2121 2367 Qui
2146 2301 2289 2374 nobis
2313 2304 2449 2370 ﬁlios
2474 2305 2641 2372 facere
2672 2319 2773 2358 non
2801 2301 3023 2372 permisit
3042 2345 3057 2369 ,
3082 2319 3242 2374 grtcc.
3289 2312 3605 2360 τικνοποιεῖσ-

2013 2382 2116 2427 θαι.
2156 2373 2236 2447 11,
2271 2375 2376 2429 618
2428 2375 2498 2441 Β,
2527 2376 2683 2447 Aute_
2699 2376 2963 2447 militare,
2999 2373 3155 2447 quam
3199 2378 3371 2447 virum
3408 2382 3606 2447 facere;

2014 2444 2260 2500 eamdem
2289 2447 2610 2502 sententiam
2642 2445 2892 2513 Tertull.,
2917 2446 3008 2501 lib.
3038 2446 3127 2514 llI,
3174 2445 3293 2501 adv.
3323 2444 3602 2515 Marciam,

2015 2528 2136 2585 cap.
2177 2518 2281 2584 15,
2313 2518 2392 2573 sic
2427 2517 2624 2572 edidit:
2665 2515 2932 2583 Nusquam
2985 2517 3080 2571 Itoc
3127 2526 3311 2572 natura
3356 2520 3603 2583 concedit,

2014 2598 2132 2642 ante
2157 2589 2377 2643 militare
2400 2605 2551 2659 quam
2582 2588 2760 2643 vivere.
2788 2588 2833 2644 ll
2853 2629 2867 2650 ,
2902 2588 3007 2643 145
3036 2588 3083 2643 Α
3101 2631 3114 2654 ,
3151 2587 3250 2654 Qui
3298 2588 3460 2644 solum
3490 2605 3608 2642 cor-

2014 2674 2114 2727 pus
2143 2660 2409 2725 occidunt,
2451 2660 2639 2714 animat
2679 2668 2847 2713 autent
2883 2659 3012 2713 nihil
3043 2659 3256 2727 faciunt.
3290 2659 3362 2722 ll,
3404 2660 3510 2715 792
3535 2660 3609 2727 ll,

2020 2727 2087 2802 Ut
2120 2744 2291 2786 autem
2336 2730 2619 2785 clausulam
2665 2730 2728 2802 de
2766 2732 3066 2802 prtefatione
3108 2731 3364 2784 communi
3413 2732 3606 2801 furiat,

2018 2801 2053 2855 i.
2073 2815 2122 2856 e.
2140 2811 2366 2873 praestet
2391 2817 2545 2857 usum
2575 2800 2906 2873 prchationis
2931 2802 3252 2868 communis,
3277 2800 3437 2858 faciat
3464 2804 3608 2873 quod

2014 2871 2259 2941 praefatio
2283 2872 2581 2927 communis
2606 2872 2762 2927 solet.

2086 2942 2318 2999 Fumus.
2360 2944 2435 3007 Il,
2487 2944 2592 3015 5318
2633 2942 2825 3015 B_,_Atl
2861 2943 3061 3015 fabulas
3107 2942 3259 3015 facile
3309 2954 3416 3011 est,
3472 2945 3506 2998 i.
3554 2960 3607 2999 (ι.

2015 3014 2244 3069 libenter
2291 3015 2499 3085 recipit.
2542 3013 2618 3080 Il,
2652 3013 2756 3070 647
2797 3014 2873 3081 Β,
2929 3014 3068 3071 Sane
3109 3013 3355 3069 Socrates
3404 3017 3609 3085 facilius

2015 3085 2212 3158 diverso
2266 3087 2449 3158 spiritu
2494 3087 2770 3158 agebatur,
2840 3087 2873 3139 i.
2937 3100 2989 3141 e.
3049 3086 3608 3158 potius_et_ccrtius.

2022 3175 2041 3208 ι
2082 3155 2304 3216 Veteres
2358 3155 2542 3225 cnim,
2600 3157 2675 3215 ait
2720 3158 2994 3227 Donatus,
3039 3157 3192 3230 facile
3230 3155 3480 3214 dicebant
3510 3173 3610 3229 pro

2012 3240 2168 3285 certo.
2193 3248 2212 3283 ι

2089 3323 2389 3380 FACILITAS.
2440 3323 2518 3389 Il,
2571 3321 2743 3389 52C,
2795 3323 3166 3396 Excogitandis
3202 3324 3609 3390 instruendisqua
3645 3343 3664 3352 -

2014 3396 2269 3466 erroribus
2296 3396 2625 3466 facilitatem,
2675 3396 2847 3449 activa
2901 3396 3292 3466 signiﬁcatione
3340 3396 3610 3466 accipien-

2014 3465 2140 3520 dum
2191 3464 2304 3536 pro
2339 3467 2521 3522 habitu
2548 3466 2688 3521 facili
2743 3475 2795 3522 et
2845 3464 2990 3521 molli
3044 3465 3267 3521 brachio
3296 3464 3635 3534 efficiente,.

2012 3538 2156 3607 quod
2190 3539 2501 3594 instituitur.

2088 3607 2338 3665 Fucmvs.
2369 3609 2413 3664 ll
2438 3651 2454 3676 ,
2502 3606 2612 3665 692
2636 3609 2679 3663 A
2699 3652 2714 3675 ,
2748 3607 2863 3675 Quo
2890 3614 3049 3663 totum
3073 3607 3273 3679 facinus
3295 3607 3607 3679 attrahitur,

2013 3680 2350 3807 praeferenda
2380 3681 2469 3737 illa
2506 3680 2674 3736 altera
2705 3680 2863 3735 lectio
2886 3720 2902 3743 ,
2943 3696 3042 3751 quo
3075 3678 3238 3734 totum
3277 3694 3450 3751 pecus.
3482 3678 3606 3735 Vid.

2059 3767 2207 3807 ecus.

2059 3767 2207 3808 ECUS.

2089 3824 2306 3881 FACTIO.
2340 3823 2382 3878 Il
2406 3866 2418 3891 ,
2447 3822 2552 3880 468
2577 3822 2624 3879 A
2648 3865 2664 3891 ,
2692 3821 2863 3894 Edam
2880 3824 2997 3893 jam
3042 3838 3178 3877 nunc
3204 3838 3297 3893 ego
3317 3822 3429 3894 ipse
3465 3838 3656 3894 mng

2015 3894 2085 3947 tia
2110 3897 2404 3950 christiana:
2440 3895 2696 3965 factionis.
2729 3893 2786 3965 li,
2818 3894 2923 3950 478
2964 3894 3011 3949 Α
3029 3933 3046 3961 ,
3076 3894 3191 3959 Quo
3216 3897 3281 3949 de
3306 3893 3612 3963 factionibus

2014 3967 2220 4033 querela
2250 3976 2341 4020 est.
2372 3963 2449 4024 ll.
2481 3967 2587 4021 152
2614 3966 2659 4020 A
2685 4006 2699 4030 ,
2742 3963 3116 4019 Valentiniano:
3141 3966 3394 4032 factionis.

2086 4035 2570 4108 Facirruueuruu.
2604 4037 2648 4092 ll
2671 4079 2687 4105 ,
2721 4034 2829 4093 080
2848 4035 2930 4104 A,
2957 4033 3036 4092 De
3062 4037 3421 4108 factitamentis
3461 4035 3611 4090 intel-

2014 4105 2145 4159 lecta
2180 4107 2426 4171 visuntur.

2086 4176 2438 4253 Εᾼετιτλτιο.
2469 4176 2513 4233 ΙΙ
2529 4221 2549 4253 ,_
2570 4177 2679 4234 226
2702 4179 2775 4245 Β,
2809 4179 2887 4253 An
2914 4187 2962 4235 et
2987 4179 3095 4233 lucc
3122 4179 3175 4233 in
3203 4178 3419 4253 hominis
3461 4180 3612 4248 facti-

2014 4249 2204 4305 tatione
2239 4260 2470 4304 censetur
2492 4291 2507 4314 ,
2538 4251 2574 4305 i.
2601 4267 2651 4306 e.
2681 4252 2956 4307 creatione
2981 4266 3079 4306 seu
3101 4251 3431 4305 conditione.

2085 4321 2454 4377 FACTITATOR.
2485 4322 2530 4377 11
2555 4365 2569 4386 ,
2597 4323 2694 4378 177
2725 4323 2768 4377 Β
2788 4363 2800 4383 .
2832 4322 2914 4376 Ad
2939 4322 3193 4376 idolorum
3219 4322 3549 4390 factitatores.

2086 4392 2392 4449 Facrmus.
2438 4396 2494 4460 l,
2517 4394 2618 4450 651
2653 4393 2699 4450 Α
2718 4435 2733 4458 ,
2758 4394 2865 4449 Sed
2893 4410 2985 4449 nec
3011 4408 3133 4447 cura
3157 4393 3339 4462 factitii
3358 4394 3607 4463 corporis,
3635 4415 3659 4426 -

2014 4473 2070 4517 ut
2100 4465 2369 4535 plasticam
2394 4464 2491 4520 Dei
2528 4481 2873 4535 supergressa.

2138 4483 2369 4521 tasucam
2394 4483 2489 4520 uet
2528 4483 2680 4535 super
2743 4483 2873 4519 8880.

2090 4483 2367 4591 Ignorans.
2420 4537 2463 4591 ll
2485 4577 2500 4601 ,
2548 4534 2654 4592 652
2682 4483 2757 4598 ﬁt,
2787 4535 2937 4605 Capit
2967 4535 3135 4603 itaque
3159 4543 3206 4605 et
3232 4536 3484 4605 facturam
3513 4534 3617 4589 dici

2015 4608 2248 4679 generari
2288 4623 2381 4679 pro
2421 4609 2587 4661 inesse
2632 4606 2774 4679 poni.
2812 4604 2965 4679 (Iapit
2989 4647 3002 4669 ,
3028 4605 3086 4679 _lt.
3115 4604 3323 4679 e._licet
3347 4646 3360 4670 ,
3394 4604 3472 4659 fas
3504 4615 3610 4679 est.

2018 4675 2297 4732 Facturaui
2327 4679 2394 4733 de
2421 4679 2596 4732 anima
2628 4677 2792 4744 dicit,
2819 4675 2964 4747 quad
2992 4676 3128 4731 alias
3149 4675 3356 4731 diceret
3386 4678 3611 4731 creatio-

2019 4765 2162 4804 nem.
2192 4748 2313 4803 Vid.
2340 4748 2543 4806 lunssn.

2092 4819 2306 4877 FACULA
2328 4863 2342 4885 ,
2375 4822 2673 4877 diminutiv.
2704 4820 2861 4876 aiax.
2895 4818 2948 4887 1,
2990 4817 3089 4874 461
3128 4819 3201 4885 Α,
3251 4816 3495 4873 Pauculis
3534 4818 3617 4887 fa-

2019 4894 2168 4948 culis.
2201 4893 2278 4960 ll,
2309 4891 2450 4947 1027
2480 4893 2547 4960 C,
2596 4892 2861 4961 Quomodo
2914 4890 3078 4945 oleum
3119 4891 3307 4960 facula:
3353 4900 3452 4944 tua:
3478 4890 3616 4959 suffi—

2021 4980 2134 5019 cere
2161 4974 2206 5018 et
2258 4962 2347 5017 tibi
2375 4973 2423 5018 et
2472 4965 2597 5018 mitti
2623 4960 2841 5035 poterit.
2897 4961 3111 5028 l|,135
3153 4960 3233 5029 Α,
3283 4962 3384 5029 Qui
3430 4960 3618 5032 faculis

2021 5037 2182 5090 oleum
2212 5051 2313 5089 non
2341 5045 2733 5105 preeparassent.

2096 5106 2268 5160 FAMA.
2313 5100 2390 5171 11,
2416 5100 2555 5162 1050
2583 5106 2657 5171 C,
2700 5104 2767 5159 ln
2813 5106 2952 5177 fama
2998 5103 3075 5177 de
3095 5103 3387 5177 subteminis
3422 5100 3655 5173 studio.‘

2022 5178 2211 5233 Junius
2234 5178 2463 5247 mavult:
2491 5178 2782 5247 infamatee,
2814 5173 2853 5229 i.
2882 5190 2932 5231 e.
2955 5175 3291 5247 atttinfames
3319 5173 3490 5247 factm,
3525 5182 3617 5247 aut

2018 5248 2233 5318 jactatac
2281 5245 2419 5301 fama
2452 5289 2468 5314 ,
2507 5244 2811 5319 divulgata}
2844 5290 2859 5313 ,
2913 5256 2970 5302 ut
3016 5246 3156 5302 Liv.:
3188 5244 3503 5318 infamanda:
3543 5245 3617 5298 rei

2021 5334 2201 5375 caussa
2220 5319 2436 5390 januam
2465 5318 2685 5390 obserari
2706 5319 2873 5390 jubct.

2093 5388 2340 5445 FAlllLlA.
2373 5390 2417 5443 ll
2437 5434 2451 5458 ,
2482 5390 2588 5445 554
2610 5389 2654 5444 Α
2679 5388 2982 5461 {Familia
3012 5388 3306 5458 Pltospltori
3330 5395 3412 5461 μῦ
3449 5388 3645 5441 accla-‘

2020 5472 2195 5523 utaut,
2225 5462 2262 5515 i.
2289 5477 2339 5516 e.
2374 5470 2668 5516 sectatores
2699 5460 2960 5526 rhetoris,
3012 5464 3239 5524 συνόντες,
3284 5460 3451 5515 οἰκεῖοι
3485 5465 3618 5514 tmte

2018 5557 2113 5603 Fat.
2146 5531 2187 5585 ll
2211 5575 2225 5599 ,
2260 5531 2400 5587 1252
2428 5532 2501 5600 Α,
2536 5532 2736 5587 Nomen
2750 5548 2877 5603 cum
2906 5534 3104 5603 familia
3130 5533 3291 5601 ipsius
3320 5546 3615 5599 persequen-

2015 5602 2106 5657 tes.
2142 5603 2384 5658 llbeuan.
2416 5620 2479 5658 ex
2512 5604 2682 5660 MSS:
2706 5602 2914 5657 Nomen
2935 5645 2949 5669 ,
2982 5604 3234 5673 familiam
3263 5603 3421 5673 ipsius
3452 5617 3619 5673 perse-
3672 5610 3695 5633 ’

2016 5684 2241 5745 quentes.
2277 5675 2479 5730 Nomen
2516 5683 2693 5730 autem
2723 5674 2851 5730 dicit
2897 5671 3247 5745 christianum
3277 5684 3331 5728 et
3361 5671 3616 5729 familiam

2018 5744 2218 5817 ipsius,
2251 5747 2454 5801 scilicet
2488 5745 2723 5817 Christi,
2769 5746 2979 5817 hocest
3022 5744 3362 5817 christianos.

2091 5816 2492 5883 FAIOSITAS.I,
2528 5815 2633 5873 654
2680 5819 2753 5882 Β,
2806 5816 3067 5888 Ademptis
3111 5816 3254 5874 bonis
3305 5813 3612 5884 dignitatum

2019 5891 2073 5944 in
2099 5891 2367 5959 quemdam
2391 5889 2655 5959 scopulum
2677 5889 3004 5960 famositatis.
