  <div class='ocr_page' id='page_1' title='image "/cluster/home/n/w/nwhite01/storage/ocr_20150623/2/uva.x000669815/685.png"; bbox 0 0 3942 6276; ppageno 0'>
   <div class='ocr_carea' id='block_1_1' title="bbox 432 312 569 370">
    <p class='ocr_par' dir='ltr' id='par_1_1' title="bbox 432 312 569 370">
     <span class='ocr_line' id='line_1_1' title="bbox 432 312 569 370; baseline -0.007 0"><span class='ocrx_word' id='word_1_1' title='bbox 432 312 569 370; x_wconf 74' lang='grc'><strong>1559</strong></span> 
     </span>
    </p>
   </div>
   <div class='ocr_carea' id='block_1_2' title="bbox 1464 304 2747 365">
    <p class='ocr_par' dir='ltr' id='par_1_2' title="bbox 1464 304 2747 365">
     <span class='ocr_line' id='line_1_2' title="bbox 1464 304 2747 365; baseline -0.002 0"><span class='ocrx_word' id='word_1_2' title='bbox 1464 309 1674 365; x_wconf 71' lang='lat' dir='ltr'><strong>INDEX</strong></span> <span class='ocrx_word' id='word_1_3' title='bbox 1702 304 2132 365; x_wconf 78' lang='lat' dir='ltr'><strong><em>L\TINITATIS</em></strong></span> <span class='ocrx_word' id='word_1_4' title='bbox 2168 304 2747 365; x_wconf 61' lang='lat' dir='ltr'><strong><em>TERTULLHNEIE.</em></strong></span> 
     </span>
    </p>
   </div>
   <div class='ocr_carea' id='block_1_3' title="bbox 3572 302 3692 361">
    <p class='ocr_par' dir='ltr' id='par_1_3' title="bbox 3572 302 3692 361">
     <span class='ocr_line' id='line_1_3' title="bbox 3572 302 3692 361; baseline 0.017 -2"><span class='ocrx_word' id='word_1_5' title='bbox 3572 302 3692 361; x_wconf 73' lang='grc'>1560</span> 
     </span>
    </p>
   </div>
   <div class='ocr_carea' id='block_1_4' title="bbox 506 398 3689 498">
    <p class='ocr_par' dir='ltr' id='par_1_4' title="bbox 506 398 3689 498">
     <span class='ocr_line' id='line_1_4' title="bbox 506 398 3689 498; baseline -0.003 -12"><span class='ocrx_word' id='word_1_6' title='bbox 506 432 878 495; x_wconf 61' lang='lat' dir='ltr'><strong><em>Rauracum,</em></strong></span> <span class='ocrx_word' id='word_1_7' title='bbox 918 398 1146 498; x_wconf 73' lang='lat' dir='ltr'><strong><em>passive.</em></strong></span> <span class='ocrx_word' id='word_1_8' title='bbox 1173 427 1216 494; x_wconf 86' lang='grc' dir='ltr'><strong><em>Ι,</em></strong></span> <span class='ocrx_word' id='word_1_9' title='bbox 1247 424 1352 482; x_wconf 74' lang='grc'><strong><em>502</em></strong></span> <span class='ocrx_word' id='word_1_10' title='bbox 1401 424 1467 493; x_wconf 79' lang='grc' dir='ltr'><strong>Α,</strong></span> <span class='ocrx_word' id='word_1_11' title='bbox 1512 427 1710 481; x_wconf 82' lang='lat' dir='ltr'><strong><em>Statuis</em></strong></span> <span class='ocrx_word' id='word_1_12' title='bbox 1751 437 1796 481; x_wconf 86' lang='lat' dir='ltr'><strong><em>et</em></strong></span> <span class='ocrx_word' id='word_1_13' title='bbox 1824 425 2025 481; x_wconf 86' lang='lat' dir='ltr'><strong><em>salariis</em></strong></span> <span class='ocrx_word' id='word_1_14' title='bbox 2050 422 2103 483; x_wconf 81' lang='grc' dir='ltr'><strong>Α</strong></span> <span class='ocrx_word' id='word_1_15' title='bbox 2131 424 2353 498; x_wconf 56' lang='lat' dir='ltr'><strong><em>nutatio,</em></strong></span> <span class='ocrx_word' id='word_1_16' title='bbox 2398 424 2968 498; x_wconf 2' lang='lat' dir='ltr'><strong><em>i._e.psuiAresponsum</em></strong></span> <span class='ocrx_word' id='word_1_17' title='bbox 2998 419 3399 498; x_wconf 79' lang='lat' dir='ltr'><strong><em>imaginemque</em></strong></span> <span class='ocrx_word' id='word_1_18' title='bbox 3444 420 3689 498; x_wconf 66' lang='lat' dir='ltr'><strong><em>exhibere.</em></strong></span> 
     </span>
    </p>
   </div>
   <div class='ocr_carea' id='block_1_5' title="bbox 435 510 839 559">
    <p class='ocr_par' dir='ltr' id='par_1_5' title="bbox 435 510 839 559">
     <span class='ocr_line' id='line_1_5' title="bbox 435 510 839 559; baseline -0.007 -3"><span class='ocrx_word' id='word_1_19' title='bbox 435 510 839 559; x_wconf 85' lang='lat' dir='ltr'><strong><em>remunerantur.</em></strong></span> 
     </span>
    </p>
   </div>
   <div class='ocr_carea' id='block_1_6' title="bbox 507 568 2028 640">
    <p class='ocr_par' dir='ltr' id='par_1_6' title="bbox 507 568 2028 640">
     <span class='ocr_line' id='line_1_6' title="bbox 507 568 2028 640; baseline -0.005 -12"><span class='ocrx_word' id='word_1_20' title='bbox 507 574 859 628; x_wconf 70' lang='lat' dir='ltr'><strong><em>Remusnru.</em></strong></span> <span class='ocrx_word' id='word_1_21' title='bbox 893 570 956 640; x_wconf 86' lang='lat' dir='ltr'><strong><em>ll,</em></strong></span> <span class='ocrx_word' id='word_1_22' title='bbox 1007 570 1111 623; x_wconf 73' lang='grc'><strong><em>755</em></strong></span> <span class='ocrx_word' id='word_1_23' title='bbox 1142 568 1203 637; x_wconf 86' lang='grc' dir='ltr'><strong><em>Β,</em></strong></span> <span class='ocrx_word' id='word_1_24' title='bbox 1246 568 1314 624; x_wconf 84' lang='grc' dir='ltr'><strong><em>Ει</em></strong></span> <span class='ocrx_word' id='word_1_25' title='bbox 1358 568 1665 624; x_wconf 86' lang='lat' dir='ltr'><strong><em>renidentias</em></strong></span> <span class='ocrx_word' id='word_1_26' title='bbox 1720 585 1892 624; x_wconf 80' lang='lat' dir='ltr'><strong><em>eorum</em></strong></span> <span class='ocrx_word' id='word_1_27' title='bbox 1940 586 2028 636; x_wconf 86' lang='lat' dir='ltr'><strong><em>per</em></strong></span> 
     </span>
    </p>
   </div>
   <div class='ocr_carea' id='block_1_7' title="bbox 435 639 2028 709">
    <p class='ocr_par' dir='ltr' id='par_1_7' title="bbox 435 639 2028 709">
     <span class='ocr_line' id='line_1_7' title="bbox 435 639 2028 709; baseline -0.003 -13"><span class='ocrx_word' id='word_1_28' title='bbox 435 646 671 709; x_wconf 85' lang='lat' dir='ltr'><strong><em>quietem,</em></strong></span> <span class='ocrx_word' id='word_1_29' title='bbox 703 643 739 696; x_wconf 93' lang='lat' dir='ltr'><strong><em>i.</em></strong></span> <span class='ocrx_word' id='word_1_30' title='bbox 769 658 819 697; x_wconf 92' lang='lat' dir='ltr'><strong><em>e.</em></strong></span> <span class='ocrx_word' id='word_1_31' title='bbox 848 639 1011 696; x_wconf 80' lang='lat' dir='ltr'><strong><em>risus.</em></strong></span> <span class='ocrx_word' id='word_1_32' title='bbox 1036 642 1164 694; x_wconf 83' lang='lat' dir='ltr'><strong><em>Nam</em></strong></span> <span class='ocrx_word' id='word_1_33' title='bbox 1194 640 1424 696; x_wconf 81' lang='lat' dir='ltr'><strong><em>renidere</em></strong></span> <span class='ocrx_word' id='word_1_34' title='bbox 1446 639 1608 696; x_wconf 88' lang='lat' dir='ltr'><strong><em>etiam</em></strong></span> <span class='ocrx_word' id='word_1_35' title='bbox 1636 650 1718 695; x_wconf 86' lang='lat' dir='ltr'><strong><em>est</em></strong></span> <span class='ocrx_word' id='word_1_36' title='bbox 1757 652 1811 696; x_wconf 76' lang='grc' dir='ltr'><strong><em>τὸ</em></strong></span> <span class='ocrx_word' id='word_1_37' title='bbox 1839 644 2028 709; x_wconf 78' lang='grc' dir='ltr'><strong><em>μιιδιᾷν</em></strong></span> 
     </span>
    </p>
   </div>
   <div class='ocr_carea' id='block_1_8' title="bbox 437 713 1026 771">
    <p class='ocr_par' dir='ltr' id='par_1_8' title="bbox 437 713 1026 771">
     <span class='ocr_line' id='line_1_8' title="bbox 437 713 1026 771; baseline -0.007 -1"><span class='ocrx_word' id='word_1_38' title='bbox 437 717 488 771; x_wconf 92' lang='lat' dir='ltr'><strong><em>in</em></strong></span> <span class='ocrx_word' id='word_1_39' title='bbox 519 713 792 771; x_wconf 78' lang='lat' dir='ltr'><strong><em>Glossario</em></strong></span> <span class='ocrx_word' id='word_1_40' title='bbox 821 722 1026 768; x_wconf 89' lang='lat' dir='ltr'><strong><em>vetere.</em></strong></span> 
     </span>
    </p>
   </div>
   <div class='ocr_carea' id='block_1_9' title="bbox 508 781 2026 854">
    <p class='ocr_par' dir='ltr' id='par_1_9' title="bbox 508 781 2026 854">
     <span class='ocr_line' id='line_1_9' title="bbox 508 781 2026 854; baseline -0.002 -14"><span class='ocrx_word' id='word_1_41' title='bbox 508 786 875 849; x_wconf 69' lang='lat' dir='ltr'><strong><em>RENUNTIABE,</em></strong></span> <span class='ocrx_word' id='word_1_42' title='bbox 900 783 1174 839; x_wconf 75' lang='lat' dir='ltr'><strong><em>discedere</em></strong></span> <span class='ocrx_word' id='word_1_43' title='bbox 1202 783 1428 849; x_wconf 86' lang='lat' dir='ltr'><strong><em>deloco,</em></strong></span> <span class='ocrx_word' id='word_1_44' title='bbox 1457 798 1613 852; x_wconf 84' lang='lat' dir='ltr'><strong><em>quem</em></strong></span> <span class='ocrx_word' id='word_1_45' title='bbox 1653 784 1773 854; x_wconf 83' lang='lat' dir='ltr'><strong>quis</strong></span> <span class='ocrx_word' id='word_1_46' title='bbox 1812 781 2026 853; x_wconf 83' lang='lat' dir='ltr'><strong><em>indigne</em></strong></span> 
     </span>
    </p>
   </div>
   <div class='ocr_carea' id='block_1_10' title="bbox 435 854 2024 926">
    <p class='ocr_par' dir='ltr' id='par_1_10' title="bbox 435 854 2024 926">
     <span class='ocr_line' id='line_1_10' title="bbox 435 854 2024 926; baseline -0.004 -13"><span class='ocrx_word' id='word_1_47' title='bbox 435 865 808 926; x_wconf 89' lang='lat' dir='ltr'><strong><em>occupaverat.</em></strong></span> <span class='ocrx_word' id='word_1_48' title='bbox 838 855 880 919; x_wconf 90' lang='grc'>1,</span> <span class='ocrx_word' id='word_1_49' title='bbox 919 854 1024 909; x_wconf 70' lang='grc'>401</span> <span class='ocrx_word' id='word_1_50' title='bbox 1056 854 1122 921; x_wconf 82' lang='grc' dir='ltr'><strong>Λ,</strong></span> <span class='ocrx_word' id='word_1_51' title='bbox 1169 854 1412 925; x_wconf 75' lang='lat' dir='ltr'><strong><em>Sequitur</em></strong></span> <span class='ocrx_word' id='word_1_52' title='bbox 1437 863 1492 907; x_wconf 86' lang='lat' dir='ltr'><strong><em>nt</em></strong></span> <span class='ocrx_word' id='word_1_53' title='bbox 1519 854 1651 922; x_wconf 89' lang='lat' dir='ltr'><strong><em>falsa</em></strong></span> <span class='ocrx_word' id='word_1_54' title='bbox 1690 854 2024 926; x_wconf 78' lang='lat' dir='ltr'><strong><em>renuntietur.</em></strong></span> 
     </span>
    </p>
   </div>
   <div class='ocr_carea' id='block_1_11' title="bbox 436 925 2027 996">
    <p class='ocr_par' dir='ltr' id='par_1_11' title="bbox 436 925 2027 996">
     <span class='ocr_line' id='line_1_11' title="bbox 436 925 2027 996; baseline -0.004 -13"><span class='ocrx_word' id='word_1_55' title='bbox 436 929 498 993; x_wconf 87' lang='lat' dir='ltr'><strong><em>ll,</em></strong></span> <span class='ocrx_word' id='word_1_56' title='bbox 523 925 630 983; x_wconf 79' lang='grc'><strong><em>595</em></strong></span> <span class='ocrx_word' id='word_1_57' title='bbox 656 926 728 990; x_wconf 88' lang='grc' dir='ltr'><strong><em>Β,</em></strong></span> <span class='ocrx_word' id='word_1_58' title='bbox 772 925 935 996; x_wconf 81' lang='lat' dir='ltr'><strong><em>Atque</em></strong></span> <span class='ocrx_word' id='word_1_59' title='bbox 977 926 1103 979; x_wconf 88' lang='lat' dir='ltr'><strong><em>adeo</em></strong></span> <span class='ocrx_word' id='word_1_60' title='bbox 1152 925 1246 979; x_wconf 78' lang='lat' dir='ltr'><strong><em>hoc</em></strong></span> <span class='ocrx_word' id='word_1_61' title='bbox 1289 926 1460 996; x_wconf 82' lang='lat' dir='ltr'><strong><em>statim</em></strong></span> <span class='ocrx_word' id='word_1_62' title='bbox 1496 925 1890 978; x_wconf 81' lang='lat' dir='ltr'><strong><em>renuntiandum</em></strong></span> <span class='ocrx_word' id='word_1_63' title='bbox 1933 933 2027 987; x_wconf 83' lang='lat' dir='ltr'><strong><em>est,</em></strong></span> 
     </span>
    </p>
   </div>
   <div class='ocr_carea' id='block_1_12' title="bbox 437 994 2028 1065">
    <p class='ocr_par' dir='ltr' id='par_1_12' title="bbox 437 994 2028 1065">
     <span class='ocr_line' id='line_1_12' title="bbox 437 994 2028 1065; baseline -0.002 -13"><span class='ocrx_word' id='word_1_64' title='bbox 437 1000 474 1053; x_wconf 91' lang='lat' dir='ltr'><strong><em>i.</em></strong></span> <span class='ocrx_word' id='word_1_65' title='bbox 503 1014 556 1056; x_wconf 89' lang='lat' dir='ltr'><strong><em>e.</em></strong></span> <span class='ocrx_word' id='word_1_66' title='bbox 599 994 998 1052; x_wconf 80' lang='lat' dir='ltr'><strong><em>declarandum.</em></strong></span> <span class='ocrx_word' id='word_1_67' title='bbox 1056 996 1336 1063; x_wconf 81' lang='grc' dir='ltr'>11,105Λ,</span> <span class='ocrx_word' id='word_1_68' title='bbox 1384 994 1598 1051; x_wconf 85' lang='lat' dir='ltr'><strong><em>Plenius</em></strong></span> <span class='ocrx_word' id='word_1_69' title='bbox 1644 1013 1753 1065; x_wconf 63' lang='lat' dir='ltr'><strong><em>eum</em></strong></span> <span class='ocrx_word' id='word_1_70' title='bbox 1784 997 1847 1048; x_wconf 75' lang='lat' dir='ltr'><strong><em>dc</em></strong></span> <span class='ocrx_word' id='word_1_71' title='bbox 1895 995 2028 1065; x_wconf 79' lang='lat' dir='ltr'><strong><em>style</em></strong></span> 
     </span>
    </p>
   </div>
   <div class='ocr_carea' id='block_1_13' title="bbox 437 1053 2028 1129">
    <p class='ocr_par' dir='ltr' id='par_1_13' title="bbox 437 1053 2028 1129">
     <span class='ocr_line' id='line_1_13' title="bbox 437 1053 2028 1129; baseline -0.003 -6"><span class='ocrx_word' id='word_1_72' title='bbox 437 1053 573 1124; x_wconf 72' lang='lat' dir='ltr'><strong><em>unite</em></strong></span> <span class='ocrx_word' id='word_1_73' title='bbox 609 1067 1005 1129; x_wconf 73' lang='lat' dir='ltr'><strong><em>renuntiaturus,</em></strong></span> <span class='ocrx_word' id='word_1_74' title='bbox 1037 1067 1073 1122; x_wconf 88' lang='lat' dir='ltr'><strong><em>i.</em></strong></span> <span class='ocrx_word' id='word_1_75' title='bbox 1102 1053 1152 1123; x_wconf 72' lang='lat' dir='ltr'><strong><em>é.</em></strong></span> <span class='ocrx_word' id='word_1_76' title='bbox 1209 1053 1524 1123; x_wconf 76' lang='lat' dir='ltr'><strong><em>definiturns</em></strong></span> <span class='ocrx_word' id='word_1_77' title='bbox 1572 1077 1623 1120; x_wconf 91' lang='lat' dir='ltr'><strong><em>et</em></strong></span> <span class='ocrx_word' id='word_1_78' title='bbox 1657 1053 2028 1121; x_wconf 51' lang='lat' dir='ltr'><strong><em>declaraturus</em></strong></span> 
     </span>
    </p>
   </div>
   <div class='ocr_carea' id='block_1_14' title="bbox 435 1137 2028 1210">
    <p class='ocr_par' dir='ltr' id='par_1_14' title="bbox 435 1137 2028 1210">
     <span class='ocr_line' id='line_1_14' title="bbox 435 1137 2028 1210; baseline -0.001 -17"><span class='ocrx_word' id='word_1_79' title='bbox 435 1146 637 1210; x_wconf 89' lang='lat' dir='ltr'><strong><em>scripto</em></strong></span> <span class='ocrx_word' id='word_1_80' title='bbox 682 1154 941 1207; x_wconf 85' lang='lat' dir='ltr'><strong><em>responso</em></strong></span> <span class='ocrx_word' id='word_1_81' title='bbox 976 1152 1115 1194; x_wconf 91' lang='lat' dir='ltr'><strong><em>meo.</em></strong></span> <span class='ocrx_word' id='word_1_82' title='bbox 1138 1137 1202 1201; x_wconf 87' lang='lat' dir='ltr'><strong><em>II,</em></strong></span> <span class='ocrx_word' id='word_1_83' title='bbox 1231 1139 1295 1194; x_wconf 82' lang='grc'><strong><em>81</em></strong></span> <span class='ocrx_word' id='word_1_84' title='bbox 1326 1138 1388 1204; x_wconf 89' lang='grc' dir='ltr'><strong><em>Β,</em></strong></span> <span class='ocrx_word' id='word_1_85' title='bbox 1440 1138 1539 1210; x_wconf 75' lang='lat' dir='ltr'><strong><em>His</em></strong></span> <span class='ocrx_word' id='word_1_86' title='bbox 1589 1138 1745 1208; x_wconf 83' lang='lat' dir='ltr'><strong><em>igitur</em></strong></span> <span class='ocrx_word' id='word_1_87' title='bbox 1782 1138 2028 1210; x_wconf 68' lang='lat' dir='ltr'><strong><em>exemplis</em></strong></span> 
     </span>
    </p>
   </div>
   <div class='ocr_carea' id='block_1_15' title="bbox 437 1208 2024 1275">
    <p class='ocr_par' dir='ltr' id='par_1_15' title="bbox 437 1208 2024 1275">
     <span class='ocr_line' id='line_1_15' title="bbox 437 1208 2024 1275; baseline -0.003 -10"><span class='ocrx_word' id='word_1_88' title='bbox 437 1208 779 1266; x_wconf 81' lang='lat' dir='ltr'><strong><em>renuntiatum</em></strong></span> <span class='ocrx_word' id='word_1_89' title='bbox 810 1211 925 1275; x_wconf 86' lang='lat' dir='ltr'><strong><em>erit,</em></strong></span> <span class='ocrx_word' id='word_1_90' title='bbox 949 1211 986 1265; x_wconf 91' lang='lat' dir='ltr'><strong><em>i.</em></strong></span> <span class='ocrx_word' id='word_1_91' title='bbox 1008 1224 1060 1264; x_wconf 87' lang='lat' dir='ltr'><strong><em>c.</em></strong></span> <span class='ocrx_word' id='word_1_92' title='bbox 1093 1218 1276 1264; x_wconf 88' lang='lat' dir='ltr'><strong><em>contra</em></strong></span> <span class='ocrx_word' id='word_1_93' title='bbox 1297 1218 1353 1264; x_wconf 87' lang='lat' dir='ltr'><strong><em>et</em></strong></span> <span class='ocrx_word' id='word_1_94' title='bbox 1382 1224 1445 1263; x_wconf 79' lang='lat' dir='ltr'><strong><em>ex</em></strong></span> <span class='ocrx_word' id='word_1_95' title='bbox 1471 1208 1699 1263; x_wconf 87' lang='lat' dir='ltr'><strong><em>adverso</em></strong></span> <span class='ocrx_word' id='word_1_96' title='bbox 1727 1209 2024 1262; x_wconf 82' lang='lat' dir='ltr'><strong><em>tumtiatutn</em></strong></span> 
     </span>
    </p>
   </div>
   <div class='ocr_carea' id='block_1_16' title="bbox 430 1279 2026 1349">
    <p class='ocr_par' dir='ltr' id='par_1_16' title="bbox 430 1279 2026 1349">
     <span class='ocr_line' id='line_1_16' title="bbox 430 1279 2026 1349; baseline -0.002 -12"><span class='ocrx_word' id='word_1_97' title='bbox 430 1283 553 1339; x_wconf 88' lang='lat' dir='ltr'><strong><em>erit.</em></strong></span> <span class='ocrx_word' id='word_1_98' title='bbox 590 1282 651 1349; x_wconf 88' lang='grc'><strong><em>11,</em></strong></span> <span class='ocrx_word' id='word_1_99' title='bbox 678 1279 785 1337; x_wconf 85' lang='grc'><strong><em>658</em></strong></span> <span class='ocrx_word' id='word_1_100' title='bbox 810 1281 876 1345; x_wconf 85' lang='grc' dir='ltr'>Α,</span> <span class='ocrx_word' id='word_1_101' title='bbox 909 1280 1063 1334; x_wconf 86' lang='lat' dir='ltr'><strong><em>Aiunt</em></strong></span> <span class='ocrx_word' id='word_1_102' title='bbox 1084 1281 1215 1335; x_wconf 84' lang='lat' dir='ltr'><strong><em>enim</em></strong></span> <span class='ocrx_word' id='word_1_103' title='bbox 1240 1289 1287 1335; x_wconf 87' lang='lat' dir='ltr'><strong><em>et</em></strong></span> <span class='ocrx_word' id='word_1_104' title='bbox 1314 1279 1502 1334; x_wconf 85' lang='lat' dir='ltr'><strong><em>idcirco</em></strong></span> <span class='ocrx_word' id='word_1_105' title='bbox 1540 1279 1763 1333; x_wconf 85' lang='lat' dir='ltr'><strong><em>animant</em></strong></span> <span class='ocrx_word' id='word_1_106' title='bbox 1788 1280 2026 1347; x_wconf 85' lang='lat' dir='ltr'><strong><em>incorpo-</em></strong></span> 
     </span>
    </p>
   </div>
   <div class='ocr_carea' id='block_1_17' title="bbox 429 1352 1025 1407">
    <p class='ocr_par' dir='ltr' id='par_1_17' title="bbox 429 1352 1025 1407">
     <span class='ocr_line' id='line_1_17' title="bbox 429 1352 1025 1407; baseline -0.002 -1"><span class='ocrx_word' id='word_1_107' title='bbox 429 1355 588 1407; x_wconf 84' lang='lat' dir='ltr'><strong><em>ralem</em></strong></span> <span class='ocrx_word' id='word_1_108' title='bbox 617 1352 1025 1405; x_wconf 86' lang='lat' dir='ltr'><strong><em>renuntiandam.</em></strong></span> 
     </span>
    </p>
   </div>
   <div class='ocr_carea' id='block_1_18' title="bbox 502 1420 2025 1491">
    <p class='ocr_par' dir='ltr' id='par_1_18' title="bbox 502 1420 2025 1491">
     <span class='ocr_line' id='line_1_18' title="bbox 502 1420 2025 1491; baseline -0.003 -12"><span class='ocrx_word' id='word_1_109' title='bbox 502 1424 885 1479; x_wconf 65' lang='lat' dir='ltr'><strong><em>Rssunrn&#39;no.</em></strong></span> <span class='ocrx_word' id='word_1_110' title='bbox 912 1423 975 1489; x_wconf 91' lang='lat' dir='ltr'><strong><em>ll,</em></strong></span> <span class='ocrx_word' id='word_1_111' title='bbox 1000 1422 1103 1477; x_wconf 73' lang='lat' dir='ltr'><strong><em>75l</em></strong></span> <span class='ocrx_word' id='word_1_112' title='bbox 1130 1422 1192 1489; x_wconf 92' lang='lat' dir='ltr'><strong><em>B,</em></strong></span> <span class='ocrx_word' id='word_1_113' title='bbox 1215 1422 1539 1477; x_wconf 84' lang='lat' dir='ltr'><strong><em>Renuntiatio</em></strong></span> <span class='ocrx_word' id='word_1_114' title='bbox 1569 1421 1677 1489; x_wconf 85' lang='lat' dir='ltr'><strong><em>eius</em></strong></span> <span class='ocrx_word' id='word_1_115' title='bbox 1703 1420 1840 1475; x_wconf 81' lang='lat' dir='ltr'><strong><em>dabit</em></strong></span> <span class='ocrx_word' id='word_1_116' title='bbox 1868 1420 2025 1491; x_wconf 81' lang='lat' dir='ltr'><strong><em>legem</em></strong></span> 
     </span>
    </p>
   </div>
   <div class='ocr_carea' id='block_1_19' title="bbox 434 1492 2024 1559">
    <p class='ocr_par' dir='ltr' id='par_1_19' title="bbox 434 1492 2024 1559">
     <span class='ocr_line' id='line_1_19' title="bbox 434 1492 2024 1559; baseline -0.002 -9"><span class='ocrx_word' id='word_1_117' title='bbox 434 1506 619 1551; x_wconf 73' lang='lat' dir='ltr'><strong><em>nostriv</em></strong></span> <span class='ocrx_word' id='word_1_118' title='bbox 660 1494 1032 1554; x_wconf 88' lang='lat' dir='ltr'><strong><em>resurrectioni.</em></strong></span> <span class='ocrx_word' id='word_1_119' title='bbox 1087 1495 1122 1547; x_wconf 93' lang='lat' dir='ltr'><strong><em>i.</em></strong></span> <span class='ocrx_word' id='word_1_120' title='bbox 1153 1509 1205 1559; x_wconf 88' lang='lat' dir='ltr'><strong><em>e,</em></strong></span> <span class='ocrx_word' id='word_1_121' title='bbox 1257 1493 1665 1559; x_wconf 87' lang='lat' dir='ltr'><strong><em>demonstratio,</em></strong></span> <span class='ocrx_word' id='word_1_122' title='bbox 1734 1492 2024 1547; x_wconf 87' lang='lat' dir='ltr'><strong><em>declaratio</em></strong></span> 
     </span>
    </p>
   </div>
   <div class='ocr_carea' id='block_1_20' title="bbox 431 1564 2024 1632">
    <p class='ocr_par' dir='ltr' id='par_1_20' title="bbox 431 1564 2024 1632">
     <span class='ocr_line' id='line_1_20' title="bbox 431 1564 2024 1632; baseline -0.003 -10"><span class='ocrx_word' id='word_1_123' title='bbox 431 1565 761 1622; x_wconf 87' lang='lat' dir='ltr'><strong><em>enuntiando</em></strong></span> <span class='ocrx_word' id='word_1_124' title='bbox 814 1566 967 1619; x_wconf 87' lang='lat' dir='ltr'><strong><em>facta.</em></strong></span> <span class='ocrx_word' id='word_1_125' title='bbox 1010 1564 1051 1631; x_wconf 92' lang='grc'><strong><em>1,</em></strong></span> <span class='ocrx_word' id='word_1_126' title='bbox 1085 1565 1190 1621; x_wconf 82' lang='grc'><strong><em>658</em></strong></span> <span class='ocrx_word' id='word_1_127' title='bbox 1223 1564 1285 1632; x_wconf 93' lang='grc' dir='ltr'><strong><em>Β,</em></strong></span> <span class='ocrx_word' id='word_1_128' title='bbox 1345 1564 1461 1620; x_wconf 90' lang='lat' dir='ltr'><strong><em>Una</em></strong></span> <span class='ocrx_word' id='word_1_129' title='bbox 1504 1564 1809 1618; x_wconf 86' lang='lat' dir='ltr'><strong><em>renuntiatio</em></strong></span> <span class='ocrx_word' id='word_1_130' title='bbox 1850 1574 2024 1617; x_wconf 89' lang='lat' dir='ltr'><strong><em>nostra</em></strong></span> 
     </span>
    </p>
   </div>
   <div class='ocr_carea' id='block_1_21' title="bbox 432 1634 1057 1693">
    <p class='ocr_par' dir='ltr' id='par_1_21' title="bbox 432 1634 1057 1693">
     <span class='ocr_line' id='line_1_21' title="bbox 432 1634 1057 1693; baseline -0.003 -1"><span class='ocrx_word' id='word_1_131' title='bbox 432 1638 671 1693; x_wconf 86' lang='lat' dir='ltr'><strong><em>adversus</em></strong></span> <span class='ocrx_word' id='word_1_132' title='bbox 694 1634 1057 1690; x_wconf 85' lang='lat' dir='ltr'><strong><em>idololatriam.</em></strong></span> 
     </span>
    </p>
   </div>
   <div class='ocr_carea' id='block_1_22' title="bbox 502 1704 2024 1779">
    <p class='ocr_par' dir='ltr' id='par_1_22' title="bbox 502 1704 2024 1779">
     <span class='ocr_line' id='line_1_22' title="bbox 502 1704 2024 1779; baseline -0.002 -16"><span class='ocrx_word' id='word_1_133' title='bbox 502 1709 900 1772; x_wconf 68' lang='lat' dir='ltr'><strong><em>Remsrnuae,</em></strong></span> <span class='ocrx_word' id='word_1_134' title='bbox 944 1722 1128 1776; x_wconf 85' lang='lat' dir='ltr'><strong><em>pmpr.</em></strong></span> <span class='ocrx_word' id='word_1_135' title='bbox 1183 1704 1693 1779; x_wconf 13' lang='lat' dir='ltr'><strong><em>refqdereﬂpastino‘</em></strong></span> <span class='ocrx_word' id='word_1_136' title='bbox 1727 1721 1821 1761; x_wconf 89' lang='lat' dir='ltr'><strong><em>seu</em></strong></span> <span class='ocrx_word' id='word_1_137' title='bbox 1860 1705 2024 1779; x_wconf 85' lang='lat' dir='ltr'><strong><em>ferra-</em></strong></span> 
     </span>
    </p>
   </div>
   <div class='ocr_carea' id='block_1_23' title="bbox 431 1776 2023 1844">
    <p class='ocr_par' dir='ltr' id='par_1_23' title="bbox 431 1776 2023 1844">
     <span class='ocr_line' id='line_1_23' title="bbox 431 1776 2023 1844; baseline -0.002 -9"><span class='ocrx_word' id='word_1_138' title='bbox 431 1790 613 1835; x_wconf 89' lang='lat' dir='ltr'><strong><em>mento</em></strong></span> <span class='ocrx_word' id='word_1_139' title='bbox 655 1780 857 1834; x_wconf 87' lang='lat' dir='ltr'><strong><em>bifurco</em></strong></span> <span class='ocrx_word' id='word_1_140' title='bbox 897 1778 1205 1832; x_wconf 89' lang='lat' dir='ltr'><strong><em>vinitorum.</em></strong></span> <span class='ocrx_word' id='word_1_141' title='bbox 1257 1776 1322 1844; x_wconf 87' lang='lat' dir='ltr'><strong><em>ll,</em></strong></span> <span class='ocrx_word' id='word_1_142' title='bbox 1363 1776 1569 1842; x_wconf 66' lang='lat' dir='ltr'><strong><em>5025C,</em></strong></span> <span class='ocrx_word' id='word_1_143' title='bbox 1628 1777 1694 1833; x_wconf 81' lang='lat' dir='ltr'><strong><em>Ut</em></strong></span> <span class='ocrx_word' id='word_1_144' title='bbox 1738 1778 2023 1832; x_wconf 83' lang='lat' dir='ltr'><strong><em>conunissio</em></strong></span> 
     </span>
    </p>
   </div>
   <div class='ocr_carea' id='block_1_24' title="bbox 429 1849 2018 1921">
    <p class='ocr_par' dir='ltr' id='par_1_24' title="bbox 429 1849 2018 1921">
     <span class='ocr_line' id='line_1_24' title="bbox 429 1849 2018 1921; baseline -0.001 -17"><span class='ocrx_word' id='word_1_145' title='bbox 429 1851 636 1921; x_wconf 79' lang='lat' dir='ltr'><strong><em>injurice</em></strong></span> <span class='ocrx_word' id='word_1_146' title='bbox 694 1861 829 1921; x_wconf 78' lang='lat' dir='ltr'><strong><em>metu</em></strong></span> <span class='ocrx_word' id='word_1_147' title='bbox 873 1849 993 1903; x_wconf 88' lang='lat' dir='ltr'><strong><em>vicis</em></strong></span> <span class='ocrx_word' id='word_1_148' title='bbox 1036 1851 1205 1903; x_wconf 90' lang='lat' dir='ltr'><strong><em>statim</em></strong></span> <span class='ocrx_word' id='word_1_149' title='bbox 1268 1864 1554 1921; x_wconf 76' lang='lat' dir='ltr'><strong><em>occursuro:</em></strong></span> <span class='ocrx_word' id='word_1_150' title='bbox 1602 1849 2018 1916; x_wconf 82' lang='lat' dir='ltr'><strong><em>repastinaretur.</em></strong></span> 
     </span>
    </p>
   </div>
   <div class='ocr_carea' id='block_1_25' title="bbox 429 1918 2024 1991">
    <p class='ocr_par' dir='ltr' id='par_1_25' title="bbox 429 1918 2024 1991">
     <span class='ocr_line' id='line_1_25' title="bbox 429 1918 2024 1991; baseline -0.003 -13"><span class='ocrx_word' id='word_1_151' title='bbox 429 1918 640 1979; x_wconf 66' lang='grc'>[1526</span> <span class='ocrx_word' id='word_1_152' title='bbox 665 1922 726 1988; x_wconf 88' lang='grc' dir='ltr'><strong><em>Β,</em></strong></span> <span class='ocrx_word' id='word_1_153' title='bbox 762 1918 884 1975; x_wconf 89' lang='lat' dir='ltr'><strong><em>Non</em></strong></span> <span class='ocrx_word' id='word_1_154' title='bbox 904 1921 1274 1991; x_wconf 84' lang='lat' dir='ltr'><strong><em>repastinantes</em></strong></span> <span class='ocrx_word' id='word_1_155' title='bbox 1309 1920 1599 1991; x_wconf 84' lang='lat' dir='ltr'><strong><em>divitiarum</em></strong></span> <span class='ocrx_word' id='word_1_156' title='bbox 1624 1931 1905 1974; x_wconf 84' lang='lat' dir='ltr'><strong><em>vestrarum</em></strong></span> <span class='ocrx_word' id='word_1_157' title='bbox 1945 1921 2024 1974; x_wconf 85' lang='lat' dir='ltr'><strong><em>vel</em></strong></span> 
     </span>
    </p>
   </div>
   <div class='ocr_carea' id='block_1_26' title="bbox 430 1990 2021 2065">
    <p class='ocr_par' dir='ltr' id='par_1_26' title="bbox 430 1990 2021 2065">
     <span class='ocr_line' id='line_1_26' title="bbox 430 1990 2021 2065; baseline -0.001 -18"><span class='ocrx_word' id='word_1_158' title='bbox 430 1994 801 2065; x_wconf 79' lang='lat' dir='ltr'><strong><em>elegantiarmn</em></strong></span> <span class='ocrx_word' id='word_1_159' title='bbox 842 1990 1098 2065; x_wconf 35' lang='lat' dir='ltr'><strong><em>usurus],</em></strong></span> <span class='ocrx_word' id='word_1_160' title='bbox 1146 1990 1285 2046; x_wconf 77' lang='grc'>1216</span> <span class='ocrx_word' id='word_1_161' title='bbox 1325 1992 1385 2065; x_wconf 86' lang='grc' dir='ltr'><strong>Β,</strong></span> <span class='ocrx_word' id='word_1_162' title='bbox 1423 1990 1797 2065; x_wconf 34' lang='grc' dir='ltr'><strong><em>Ειηιιὶιειριειέῃ(Δ</em></strong></span> <span class='ocrx_word' id='word_1_163' title='bbox 1827 1991 2021 2065; x_wconf 81' lang='lat' dir='ltr'><strong><em>aliquid</em></strong></span> 
     </span>
    </p>
   </div>
   <div class='ocr_carea' id='block_1_27' title="bbox 428 2060 2022 2135">
    <p class='ocr_par' dir='ltr' id='par_1_27' title="bbox 428 2060 2022 2135">
     <span class='ocr_line' id='line_1_27' title="bbox 428 2060 2022 2135; baseline -0.001 -17"><span class='ocrx_word' id='word_1_164' title='bbox 428 2060 553 2135; x_wconf 72' lang='lat' dir='ltr'><strong><em>ferri</em></strong></span> <span class='ocrx_word' id='word_1_165' title='bbox 574 2126 583 2133; x_wconf 26' lang='grc' dir='ltr'><em>θ</em></span> <span class='ocrx_word' id='word_1_166' title='bbox 604 2064 679 2118; x_wconf 89' lang='lat' dir='ltr'><strong><em>vel</em></strong></span> <span class='ocrx_word' id='word_1_167' title='bbox 713 2063 828 2118; x_wconf 67' lang='lat' dir='ltr'><strong><em>atris</em></strong></span> <span class='ocrx_word' id='word_1_168' title='bbox 879 2061 1132 2135; x_wconf 83' lang='lat' dir='ltr'><strong><em>unguibus</em></strong></span> <span class='ocrx_word' id='word_1_169' title='bbox 1165 2062 1558 2132; x_wconf 86' lang='lat' dir='ltr'><strong><em>repastinandis.</em></strong></span> <span class='ocrx_word' id='word_1_170' title='bbox 1590 2060 1655 2135; x_wconf 78' lang='lat' dir='ltr'><strong><em>ll,</em></strong></span> <span class='ocrx_word' id='word_1_171' title='bbox 1697 2062 1802 2118; x_wconf 79' lang='lat'><strong><em>753</em></strong></span> <span class='ocrx_word' id='word_1_172' title='bbox 1821 2062 1889 2127; x_wconf 85' lang='lat' dir='ltr'><strong><em>A,</em></strong></span> <span class='ocrx_word' id='word_1_173' title='bbox 1921 2062 2022 2135; x_wconf 82' lang='lat' dir='ltr'><strong><em>Aut</em></strong></span> 
     </span>
    </p>
   </div>
   <div class='ocr_carea' id='block_1_28' title="bbox 428 2132 2016 2204">
    <p class='ocr_par' dir='ltr' id='par_1_28' title="bbox 428 2132 2016 2204">
     <span class='ocr_line' id='line_1_28' title="bbox 428 2132 2016 2204; baseline -0.001 -16"><span class='ocrx_word' id='word_1_174' title='bbox 428 2132 703 2204; x_wconf 79' lang='lat' dir='ltr'><strong><em>i&#39;cpastinet</em></strong></span> <span class='ocrx_word' id='word_1_175' title='bbox 739 2135 853 2188; x_wconf 87' lang='lat' dir='ltr'><strong><em>vitis</em></strong></span> <span class='ocrx_word' id='word_1_176' title='bbox 892 2132 1043 2188; x_wconf 83' lang='lat' dir='ltr'><strong><em>modo</em></strong></span> <span class='ocrx_word' id='word_1_177' title='bbox 1076 2135 1150 2204; x_wconf 91' lang='lat' dir='ltr'><strong><em>(i.</em></strong></span> <span class='ocrx_word' id='word_1_178' title='bbox 1178 2149 1228 2188; x_wconf 89' lang='lat' dir='ltr'><strong><em>e.</em></strong></span> <span class='ocrx_word' id='word_1_179' title='bbox 1283 2143 1442 2202; x_wconf 80' lang='lat' dir='ltr'><strong><em>prout.</em></strong></span> <span class='ocrx_word' id='word_1_180' title='bbox 1470 2136 1576 2187; x_wconf 85' lang='lat' dir='ltr'><strong><em>vite</em></strong></span> <span class='ocrx_word' id='word_1_181' title='bbox 1604 2132 1727 2187; x_wconf 97' lang='lat' dir='ltr'><strong><em>facit</em></strong></span> <span class='ocrx_word' id='word_1_182' title='bbox 1762 2134 2016 2203; x_wconf 78' lang='lat' dir='ltr'><strong><em>agricola,</em></strong></span> 
     </span>
    </p>
   </div>
   <div class='ocr_carea' id='block_1_29' title="bbox 425 2204 1871 2277">
    <p class='ocr_par' dir='ltr' id='par_1_29' title="bbox 425 2204 1871 2277">
     <span class='ocr_line' id='line_1_29' title="bbox 425 2204 1871 2277; baseline -0.003 -17"><span class='ocrx_word' id='word_1_183' title='bbox 425 2216 543 2260; x_wconf 82' lang='lat' dir='ltr'><strong><em>eam</em></strong></span> <span class='ocrx_word' id='word_1_184' title='bbox 572 2206 844 2277; x_wconf 86' lang='lat' dir='ltr'><strong><em>novellans</em></strong></span> <span class='ocrx_word' id='word_1_185' title='bbox 872 2204 1199 2277; x_wconf 82' lang='lat' dir='ltr'><strong><em>propagine)</em></strong></span> <span class='ocrx_word' id='word_1_186' title='bbox 1228 2206 1401 2268; x_wconf 88' lang='lat' dir='ltr'><strong><em>vitam,</em></strong></span> <span class='ocrx_word' id='word_1_187' title='bbox 1429 2214 1578 2259; x_wconf 80' lang='lat' dir='ltr'><strong><em>celate</em></strong></span> <span class='ocrx_word' id='word_1_188' title='bbox 1612 2216 1871 2259; x_wconf 89' lang='lat' dir='ltr'><strong><em>renovata.</em></strong></span> 
     </span>
    </p>
   </div>
   <div class='ocr_carea' id='block_1_30' title="bbox 500 2274 2015 2346">
    <p class='ocr_par' dir='ltr' id='par_1_30' title="bbox 500 2274 2015 2346">
     <span class='ocr_line' id='line_1_30' title="bbox 500 2274 2015 2346; baseline -0.001 -15"><span class='ocrx_word' id='word_1_189' title='bbox 500 2274 914 2339; x_wconf 62' lang='lat' dir='ltr'><strong><em>BEPASYINATIO,</em></strong></span> <span class='ocrx_word' id='word_1_190' title='bbox 960 2274 1188 2343; x_wconf 81' lang='lat' dir='ltr'><strong><em>evulsio,</em></strong></span> <span class='ocrx_word' id='word_1_191' title='bbox 1236 2277 1450 2343; x_wconf 87' lang='lat' dir='ltr'><strong><em>recisio,</em></strong></span> <span class='ocrx_word' id='word_1_192' title='bbox 1498 2291 1617 2346; x_wconf 73' lang='lat' dir='ltr'><strong><em>qua:</em></strong></span> <span class='ocrx_word' id='word_1_193' title='bbox 1650 2275 2015 2345; x_wconf 82' lang='lat' dir='ltr'><strong><em>propagationi</em></strong></span> 
     </span>
    </p>
   </div>
   <div class='ocr_carea' id='block_1_31' title="bbox 425 2346 2018 2420">
    <p class='ocr_par' dir='ltr' id='par_1_31' title="bbox 425 2346 2018 2420">
     <span class='ocr_line' id='line_1_31' title="bbox 425 2346 2018 2420; baseline 0.001 -18"><span class='ocrx_word' id='word_1_194' title='bbox 425 2350 730 2420; x_wconf 87' lang='lat' dir='ltr'><strong><em>opponitur.</em></strong></span> <span class='ocrx_word' id='word_1_195' title='bbox 762 2348 826 2414; x_wconf 88' lang='lat' dir='ltr'><strong><em>ll,</em></strong></span> <span class='ocrx_word' id='word_1_196' title='bbox 860 2348 960 2403; x_wconf 90' lang='grc'>921</span> <span class='ocrx_word' id='word_1_197' title='bbox 983 2346 1212 2420; x_wconf 19' lang='grc' dir='ltr'><strong><em>Β,ΑΝο]ι</em></strong></span> <span class='ocrx_word' id='word_1_198' title='bbox 1249 2348 1357 2420; x_wconf 76' lang='lat' dir='ltr'><strong><em>sine</em></strong></span> <span class='ocrx_word' id='word_1_199' title='bbox 1396 2348 1591 2420; x_wconf 82' lang='lat' dir='ltr'><strong><em>ratione</em></strong></span> <span class='ocrx_word' id='word_1_200' title='bbox 1635 2347 2018 2418; x_wconf 74' lang='lat' dir='ltr'><strong><em>propagationis</em></strong></span> 
     </span>
    </p>
   </div>
   <div class='ocr_carea' id='block_1_32' title="bbox 424 2416 1597 2488">
    <p class='ocr_par' dir='ltr' id='par_1_32' title="bbox 424 2416 1597 2488">
     <span class='ocr_line' id='line_1_32' title="bbox 424 2416 1597 2488; baseline -0.001 -16"><span class='ocrx_word' id='word_1_201' title='bbox 424 2416 477 2473; x_wconf 83' lang='lat' dir='ltr'><strong><em>in</em></strong></span> <span class='ocrx_word' id='word_1_202' title='bbox 499 2416 785 2486; x_wconf 73' lang='lat' dir='ltr'><strong><em>primordio</em></strong></span> <span class='ocrx_word' id='word_1_203' title='bbox 808 2429 857 2473; x_wconf 86' lang='lat' dir='ltr'><strong><em>et</em></strong></span> <span class='ocrx_word' id='word_1_204' title='bbox 880 2416 1292 2488; x_wconf 87' lang='lat' dir='ltr'><strong><em>repastinationis</em></strong></span> <span class='ocrx_word' id='word_1_205' title='bbox 1318 2417 1371 2471; x_wconf 90' lang='lat' dir='ltr'><strong><em>in</em></strong></span> <span class='ocrx_word' id='word_1_206' title='bbox 1397 2418 1597 2471; x_wconf 89' lang='lat' dir='ltr'><strong><em>ultimo.</em></strong></span> 
     </span>
    </p>
   </div>
   <div class='ocr_carea' id='block_1_33' title="bbox 498 2488 2014 2560">
    <p class='ocr_par' dir='ltr' id='par_1_33' title="bbox 498 2488 2014 2560">
     <span class='ocr_line' id='line_1_33' title="bbox 498 2488 2014 2560; baseline -0.001 -16"><span class='ocrx_word' id='word_1_207' title='bbox 498 2491 916 2553; x_wconf 74' lang='lat' dir='ltr'><strong><em>llereacursne,</em></strong></span> <span class='ocrx_word' id='word_1_208' title='bbox 948 2497 1134 2560; x_wconf 86' lang='lat' dir='ltr'><strong><em>contra</em></strong></span> <span class='ocrx_word' id='word_1_209' title='bbox 1172 2488 1537 2543; x_wconf 85' lang='lat' dir='ltr'><strong><em>adversarium</em></strong></span> <span class='ocrx_word' id='word_1_210' title='bbox 1591 2501 1689 2560; x_wconf 84' lang='lat' dir='ltr'><strong><em>suo</em></strong></span> <span class='ocrx_word' id='word_1_211' title='bbox 1734 2489 1810 2543; x_wconf 92' lang='lat' dir='ltr'><strong><em>uti</em></strong></span> <span class='ocrx_word' id='word_1_212' title='bbox 1855 2505 2014 2560; x_wconf 77' lang='lat' dir='ltr'><strong><em>argu-</em></strong></span> 
     </span>
    </p>
   </div>
   <div class='ocr_carea' id='block_1_34' title="bbox 424 2558 2016 2630">
    <p class='ocr_par' dir='ltr' id='par_1_34' title="bbox 424 2558 2016 2630">
     <span class='ocr_line' id='line_1_34' title="bbox 424 2558 2016 2630; baseline -0.001 -13"><span class='ocrx_word' id='word_1_213' title='bbox 424 2570 629 2626; x_wconf 86' lang='lat' dir='ltr'><strong><em>mento,</em></strong></span> <span class='ocrx_word' id='word_1_214' title='bbox 652 2560 804 2630; x_wconf 88' lang='lat' dir='ltr'><strong><em>quasi</em></strong></span> <span class='ocrx_word' id='word_1_215' title='bbox 829 2560 955 2625; x_wconf 89' lang='lat' dir='ltr'><strong><em>telo,</em></strong></span> <span class='ocrx_word' id='word_1_216' title='bbox 984 2559 1126 2629; x_wconf 91' lang='lat' dir='ltr'><strong><em>quod</em></strong></span> <span class='ocrx_word' id='word_1_217' title='bbox 1142 2573 1515 2629; x_wconf 83' lang='lat' dir='ltr'><strong><em>repercussum</em></strong></span> <span class='ocrx_word' id='word_1_218' title='bbox 1540 2558 1786 2630; x_wconf 82' lang='lat' dir='ltr'><strong><em>aclypeo</em></strong></span> <span class='ocrx_word' id='word_1_219' title='bbox 1811 2558 2016 2626; x_wconf 75' lang='lat' dir='ltr'><strong><em>iacien-</em></strong></span> 
     </span>
    </p>
   </div>
   <div class='ocr_carea' id='block_1_35' title="bbox 424 2629 2015 2701">
    <p class='ocr_par' dir='ltr' id='par_1_35' title="bbox 424 2629 2015 2701">
     <span class='ocr_line' id='line_1_35' title="bbox 424 2629 2015 2701; baseline 0.001 -14"><span class='ocrx_word' id='word_1_220' title='bbox 424 2643 532 2688; x_wconf 90' lang='lat' dir='ltr'><strong><em>tcm</em></strong></span> <span class='ocrx_word' id='word_1_221' title='bbox 563 2629 826 2696; x_wconf 85' lang='lat' dir='ltr'><strong><em>vulnerat,</em></strong></span> <span class='ocrx_word' id='word_1_222' title='bbox 852 2632 1013 2701; x_wconf 90' lang='lat' dir='ltr'><strong><em>inque</em></strong></span> <span class='ocrx_word' id='word_1_223' title='bbox 1039 2646 1162 2685; x_wconf 89' lang='lat' dir='ltr'><strong><em>eum</em></strong></span> <span class='ocrx_word' id='word_1_224' title='bbox 1189 2630 1428 2685; x_wconf 74' lang='lat' dir='ltr'><strong><em>resultat.</em></strong></span> <span class='ocrx_word' id='word_1_225' title='bbox 1460 2631 1501 2692; x_wconf 90' lang='lat' dir='ltr'><strong><em>l,</em></strong></span> <span class='ocrx_word' id='word_1_226' title='bbox 1527 2629 1634 2687; x_wconf 66' lang='lat'><strong><em>488</em></strong></span> <span class='ocrx_word' id='word_1_227' title='bbox 1654 2629 1737 2700; x_wconf 18' lang='lat' dir='ltr'><strong><em>7A,</em></strong></span> <span class='ocrx_word' id='word_1_228' title='bbox 1765 2631 1898 2700; x_wconf 82' lang='lat' dir='ltr'><strong><em>Hoc,</em></strong></span> <span class='ocrx_word' id='word_1_229' title='bbox 1931 2633 2015 2688; x_wconf 86' lang='lat' dir='ltr'><strong><em>in-</em></strong></span> 
     </span>
    </p>
   </div>
   <div class='ocr_carea' id='block_1_36' title="bbox 422 2701 1641 2776">
    <p class='ocr_par' dir='ltr' id='par_1_36' title="bbox 422 2701 1641 2776">
     <span class='ocr_line' id='line_1_36' title="bbox 422 2701 1641 2776; baseline -0.002 -18"><span class='ocrx_word' id='word_1_230' title='bbox 422 2704 594 2776; x_wconf 81' lang='lat' dir='ltr'><strong><em>quitis,</em></strong></span> <span class='ocrx_word' id='word_1_231' title='bbox 627 2713 672 2757; x_wconf 90' lang='lat' dir='ltr'><strong><em>et</em></strong></span> <span class='ocrx_word' id='word_1_232' title='bbox 699 2704 751 2757; x_wconf 89' lang='lat' dir='ltr'><strong><em>in</em></strong></span> <span class='ocrx_word' id='word_1_233' title='bbox 770 2701 936 2776; x_wconf 75' lang='lat' dir='ltr'><strong><em>Deum</em></strong></span> <span class='ocrx_word' id='word_1_234' title='bbox 958 2711 1524 2776; x_wconf 60' lang='lat' dir='ltr'><strong><em>vestrumfepercuteie</em></strong></span> <span class='ocrx_word' id='word_1_235' title='bbox 1551 2711 1641 2756; x_wconf 86' lang='lat' dir='ltr'><strong><em>est.</em></strong></span> 
     </span>
    </p>
   </div>
   <div class='ocr_carea' id='block_1_37' title="bbox 420 2771 2012 2847">
    <p class='ocr_par' dir='ltr' id='par_1_37' title="bbox 420 2771 2012 2847">
     <span class='ocr_line' id='line_1_37' title="bbox 420 2771 2012 2847; baseline 0.001 -19"><span class='ocrx_word' id='word_1_236' title='bbox 420 2771 447 2820; x_wconf 61' lang='grc' dir='ltr'>τί</span> <span class='ocrx_word' id='word_1_237' title='bbox 476 2775 831 2847; x_wconf 66' lang='lat' dir='ltr'><strong><em>Bursa-rant.</em></strong></span> <span class='ocrx_word' id='word_1_238' title='bbox 865 2774 928 2842; x_wconf 92' lang='lat' dir='ltr'><strong><em>ll,</em></strong></span> <span class='ocrx_word' id='word_1_239' title='bbox 956 2773 1058 2830; x_wconf 72' lang='grc'><strong><em>594</em></strong></span> <span class='ocrx_word' id='word_1_240' title='bbox 1088 2773 1152 2842; x_wconf 90' lang='grc' dir='ltr'><strong><em>Β,</em></strong></span> <span class='ocrx_word' id='word_1_241' title='bbox 1182 2771 1294 2828; x_wconf 78' lang='lat' dir='ltr'><strong><em>Nec</em></strong></span> <span class='ocrx_word' id='word_1_242' title='bbox 1321 2774 1563 2846; x_wconf 86' lang='lat' dir='ltr'><strong><em>gaudium</em></strong></span> <span class='ocrx_word' id='word_1_243' title='bbox 1606 2776 1799 2846; x_wconf 80' lang='lat' dir='ltr'><strong><em>confert</em></strong></span> <span class='ocrx_word' id='word_1_244' title='bbox 1838 2792 2012 2847; x_wconf 87' lang='lat' dir='ltr'><strong><em>reper-</em></strong></span> 
     </span>
    </p>
   </div>
   <div class='ocr_carea' id='block_1_38' title="bbox 419 2846 819 2904">
    <p class='ocr_par' dir='ltr' id='par_1_38' title="bbox 419 2846 819 2904">
     <span class='ocr_line' id='line_1_38' title="bbox 419 2846 819 2904; baseline 0.01 -4"><span class='ocrx_word' id='word_1_245' title='bbox 419 2846 533 2901; x_wconf 86' lang='lat' dir='ltr'><strong><em>trici</em></strong></span> <span class='ocrx_word' id='word_1_246' title='bbox 563 2846 819 2904; x_wconf 67' lang='lat' dir='ltr'><strong><em>lt‘cclesue.</em></strong></span> 
     </span>
    </p>
   </div>
   <div class='ocr_carea' id='block_1_39' title="bbox 420 2917 2014 2990">
    <p class='ocr_par' dir='ltr' id='par_1_39' title="bbox 420 2917 2014 2990">
     <span class='ocr_line' id='line_1_39' title="bbox 420 2917 2014 2990; baseline 0.001 -18"><span class='ocrx_word' id='word_1_247' title='bbox 420 2918 942 2990; x_wconf 61' lang='lat' dir='ltr'><strong><em>ﬁlleruentscana.</em></strong></span> <span class='ocrx_word' id='word_1_248' title='bbox 982 2917 1049 2985; x_wconf 88' lang='lat' dir='ltr'><strong><em>ll,</em></strong></span> <span class='ocrx_word' id='word_1_249' title='bbox 1074 2917 1177 2974; x_wconf 73' lang='lat' dir='ltr'><strong><em>5M</em></strong></span> <span class='ocrx_word' id='word_1_250' title='bbox 1203 2918 1272 2985; x_wconf 87' lang='lat' dir='ltr'><strong><em>A,</em></strong></span> <span class='ocrx_word' id='word_1_251' title='bbox 1298 2917 1361 2984; x_wconf 90' lang='lat' dir='ltr'><strong><em>B,</em></strong></span> <span class='ocrx_word' id='word_1_252' title='bbox 1402 2917 1775 2988; x_wconf 82' lang='lat' dir='ltr'><strong><em>llepuerascere</em></strong></span> <span class='ocrx_word' id='word_1_253' title='bbox 1830 2935 1922 2974; x_wconf 88' lang='lat' dir='ltr'><strong><em>nos</em></strong></span> <span class='ocrx_word' id='word_1_254' title='bbox 1964 2926 2014 2973; x_wconf 84' lang='lat' dir='ltr'><strong><em>et</em></strong></span> 
     </span>
    </p>
   </div>
   <div class='ocr_carea' id='block_1_40' title="bbox 422 2991 881 3061">
    <p class='ocr_par' dir='ltr' id='par_1_40' title="bbox 422 2991 881 3061">
     <span class='ocr_line' id='line_1_40' title="bbox 422 2991 881 3061; baseline -0.002 -17"><span class='ocrx_word' id='word_1_255' title='bbox 422 2991 698 3058; x_wconf 81' lang='lat' dir='ltr'><strong><em>Apostolus</em></strong></span> <span class='ocrx_word' id='word_1_256' title='bbox 718 2992 881 3061; x_wconf 85' lang='lat' dir='ltr'><strong><em>jubet.</em></strong></span> 
     </span>
    </p>
   </div>
   <div class='ocr_carea' id='block_1_41' title="bbox 495 3058 2010 3134">
    <p class='ocr_par' dir='ltr' id='par_1_41' title="bbox 495 3058 2010 3134">
     <span class='ocr_line' id='line_1_41' title="bbox 495 3058 2010 3134; baseline 0.001 -20"><span class='ocrx_word' id='word_1_257' title='bbox 495 3058 900 3134; x_wconf 71' lang='lat' dir='ltr'><strong><em>flerurescene.</em></strong></span> <span class='ocrx_word' id='word_1_258' title='bbox 938 3060 1002 3134; x_wconf 88' lang='lat' dir='ltr'><strong><em>I_I_,</em></strong></span> <span class='ocrx_word' id='word_1_259' title='bbox 1027 3058 1136 3134; x_wconf 65' lang='lat'><strong><em>702</em></strong></span> <span class='ocrx_word' id='word_1_260' title='bbox 1165 3059 1227 3124; x_wconf 90' lang='lat' dir='ltr'><strong><em>B,</em></strong></span> <span class='ocrx_word' id='word_1_261' title='bbox 1267 3058 1351 3113; x_wconf 86' lang='lat' dir='ltr'><strong><em>Ne</em></strong></span> <span class='ocrx_word' id='word_1_262' title='bbox 1377 3060 1553 3129; x_wconf 87' lang='lat' dir='ltr'><strong><em>aliqua</em></strong></span> <span class='ocrx_word' id='word_1_263' title='bbox 1588 3060 1860 3134; x_wconf 72' lang='lat' dir='ltr'><strong><em>sepultura:</em></strong></span> <span class='ocrx_word' id='word_1_264' title='bbox 1883 3077 2010 3116; x_wconf 87' lang='lat' dir='ltr'><strong><em>con-</em></strong></span> 
     </span>
    </p>
   </div>
   <div class='ocr_carea' id='block_1_42' title="bbox 420 3131 1528 3202">
    <p class='ocr_par' dir='ltr' id='par_1_42' title="bbox 420 3131 1528 3202">
     <span class='ocr_line' id='line_1_42' title="bbox 420 3131 1528 3202; baseline -0.002 -16"><span class='ocrx_word' id='word_1_265' title='bbox 420 3132 546 3186; x_wconf 86' lang='lat' dir='ltr'><strong><em>ditio</em></strong></span> <span class='ocrx_word' id='word_1_266' title='bbox 567 3142 918 3202; x_wconf 79' lang='lat' dir='ltr'><strong><em>reputesceret.</em></strong></span> <span class='ocrx_word' id='word_1_267' title='bbox 943 3131 1063 3202; x_wconf 80' lang='lat' dir='ltr'><strong><em>Vid.</em></strong></span> <span class='ocrx_word' id='word_1_268' title='bbox 1095 3146 1357 3186; x_wconf 65' lang='lat' dir='ltr'><strong><em>conumo.</em></strong></span> <span class='ocrx_word' id='word_1_269' title='bbox 1455 3200 1461 3202; x_wconf 20' lang='grc' dir='ltr'><strong>Α</strong></span> <span class='ocrx_word' id='word_1_270' title='bbox 1493 3135 1528 3155; x_wconf 77' lang='lat'>‘</span> 
     </span>
    </p>
   </div>
   <div class='ocr_carea' id='block_1_43' title="bbox 2052 1820 2100 1879">
    <p class='ocr_par' dir='ltr' id='par_1_43' title="bbox 2052 1820 2100 1879">
     <span class='ocr_line' id='line_1_43' title="bbox 2052 1820 2100 1879; baseline 0 0"><span class='ocrx_word' id='word_1_271' title='bbox 2052 1820 2100 1879; x_wconf 88' lang='grc' dir='ltr'><strong>Β</strong></span> 
     </span>
    </p>
   </div>
   <div class='ocr_carea' id='block_1_44' title="bbox 2134 492 3693 563">
    <p class='ocr_par' dir='ltr' id='par_1_44' title="bbox 2134 492 3693 563">
     <span class='ocr_line' id='line_1_44' title="bbox 2134 492 3693 563; baseline 0 -16"><span class='ocrx_word' id='word_1_272' title='bbox 2134 495 2199 560; x_wconf 90' lang='lat' dir='ltr'><strong><em>ll,</em></strong></span> <span class='ocrx_word' id='word_1_273' title='bbox 2228 496 2287 550; x_wconf 87' lang='lat'><strong>9|</strong></span> <span class='ocrx_word' id='word_1_274' title='bbox 2328 496 2385 561; x_wconf 89' lang='grc' dir='ltr'><strong><em>Β,</em></strong></span> <span class='ocrx_word' id='word_1_275' title='bbox 2422 494 2485 548; x_wconf 86' lang='lat' dir='ltr'><strong><em>Et</em></strong></span> <span class='ocrx_word' id='word_1_276' title='bbox 2512 496 2563 549; x_wconf 88' lang='lat' dir='ltr'><strong><em>in</em></strong></span> <span class='ocrx_word' id='word_1_277' title='bbox 2590 492 2753 548; x_wconf 86' lang='lat' dir='ltr'><strong><em>alium</em></strong></span> <span class='ocrx_word' id='word_1_278' title='bbox 2773 496 3035 548; x_wconf 87' lang='lat' dir='ltr'><strong><em>dominum</em></strong></span> <span class='ocrx_word' id='word_1_279' title='bbox 3060 492 3373 562; x_wconf 82' lang='lat' dir='ltr'><strong><em>respondere</em></strong></span> <span class='ocrx_word' id='word_1_280' title='bbox 3411 502 3519 563; x_wconf 83' lang='lat' dir='ltr'><strong><em>post</em></strong></span> <span class='ocrx_word' id='word_1_281' title='bbox 3547 493 3693 547; x_wconf 78' lang='lat' dir='ltr'><strong><em>Chris-</em></strong></span> 
     </span>
    </p>
   </div>
   <div class='ocr_carea' id='block_1_45' title="bbox 2140 564 3694 634">
    <p class='ocr_par' dir='ltr' id='par_1_45' title="bbox 2140 564 3694 634">
     <span class='ocr_line' id='line_1_45' title="bbox 2140 564 3694 634; baseline -0.001 -14"><span class='ocrx_word' id='word_1_282' title='bbox 2140 577 2267 631; x_wconf 88' lang='lat' dir='ltr'><strong><em>tum,</em></strong></span> <span class='ocrx_word' id='word_1_283' title='bbox 2298 567 2333 621; x_wconf 94' lang='lat' dir='ltr'><strong><em>i.</em></strong></span> <span class='ocrx_word' id='word_1_284' title='bbox 2366 584 2418 621; x_wconf 90' lang='lat' dir='ltr'><strong><em>e.</em></strong></span> <span class='ocrx_word' id='word_1_285' title='bbox 2458 566 2870 634; x_wconf 86' lang='lat' dir='ltr'><strong><em>superveniente</em></strong></span> <span class='ocrx_word' id='word_1_286' title='bbox 2912 581 3047 619; x_wconf 85' lang='lat' dir='ltr'><strong><em>nova</em></strong></span> <span class='ocrx_word' id='word_1_287' title='bbox 3089 566 3381 633; x_wconf 83' lang='lat' dir='ltr'><strong><em>sponsione</em></strong></span> <span class='ocrx_word' id='word_1_288' title='bbox 3407 564 3694 633; x_wconf 80' lang='lat' dir='ltr'><strong><em>seobligare</em></strong></span> 
     </span>
    </p>
   </div>
   <div class='ocr_carea' id='block_1_46' title="bbox 2129 634 3692 707">
    <p class='ocr_par' dir='ltr' id='par_1_46' title="bbox 2129 634 3692 707">
     <span class='ocr_line' id='line_1_46' title="bbox 2129 634 3692 707; baseline -0.001 -16"><span class='ocrx_word' id='word_1_289' title='bbox 2129 637 2194 691; x_wconf 89' lang='lat' dir='ltr'><strong><em>ad</em></strong></span> <span class='ocrx_word' id='word_1_290' title='bbox 2224 637 2398 692; x_wconf 84' lang='lat' dir='ltr'><strong><em>officia</em></strong></span> <span class='ocrx_word' id='word_1_291' title='bbox 2433 636 2732 707; x_wconf 66' lang='lat' dir='ltr'><strong><em>praestanda</em></strong></span> <span class='ocrx_word' id='word_1_292' title='bbox 2765 636 3005 702; x_wconf 88' lang='lat' dir='ltr'><strong><em>domino,</em></strong></span> <span class='ocrx_word' id='word_1_293' title='bbox 3057 637 3147 705; x_wconf 86' lang='lat' dir='ltr'><strong><em>qui</em></strong></span> <span class='ocrx_word' id='word_1_294' title='bbox 3180 635 3317 688; x_wconf 84' lang='lat' dir='ltr'><strong><em>alius</em></strong></span> <span class='ocrx_word' id='word_1_295' title='bbox 3338 634 3460 688; x_wconf 80' lang='lat' dir='ltr'><strong><em>sita</em></strong></span> <span class='ocrx_word' id='word_1_296' title='bbox 3487 634 3692 702; x_wconf 84' lang='lat' dir='ltr'><strong><em>Christo,</em></strong></span> 
     </span>
    </p>
   </div>
   <div class='ocr_carea' id='block_1_47' title="bbox 2129 708 3192 775">
    <p class='ocr_par' dir='ltr' id='par_1_47' title="bbox 2129 708 3192 775">
     <span class='ocr_line' id='line_1_47' title="bbox 2129 708 3192 775; baseline -0.005 -12"><span class='ocrx_word' id='word_1_297' title='bbox 2129 718 2183 763; x_wconf 90' lang='lat' dir='ltr'><strong><em>et</em></strong></span> <span class='ocrx_word' id='word_1_298' title='bbox 2210 709 2351 762; x_wconf 82' lang='lat' dir='ltr'><strong><em>aliud</em></strong></span> <span class='ocrx_word' id='word_1_299' title='bbox 2376 710 2443 762; x_wconf 90' lang='lat' dir='ltr'><strong><em>ab</em></strong></span> <span class='ocrx_word' id='word_1_300' title='bbox 2472 709 2589 773; x_wconf 78' lang='lat' dir='ltr'><strong><em>ipso</em></strong></span> <span class='ocrx_word' id='word_1_301' title='bbox 2609 709 2851 763; x_wconf 90' lang='lat' dir='ltr'><strong><em>sentiens</em></strong></span> <span class='ocrx_word' id='word_1_302' title='bbox 2872 708 3192 775; x_wconf 85' lang='lat' dir='ltr'><strong><em>jubensque.</em></strong></span> 
     </span>
    </p>
   </div>
   <div class='ocr_carea' id='block_1_48' title="bbox 2200 775 3695 843">
    <p class='ocr_par' dir='ltr' id='par_1_48' title="bbox 2200 775 3695 843">
     <span class='ocr_line' id='line_1_48' title="bbox 2200 775 3695 843; baseline -0.003 -10"><span class='ocrx_word' id='word_1_303' title='bbox 2200 779 2514 835; x_wconf 71' lang='lat' dir='ltr'><strong><em>Rssrossno.</em></strong></span> <span class='ocrx_word' id='word_1_304' title='bbox 2544 779 2608 843; x_wconf 88' lang='lat' dir='ltr'><strong><em>ll,</em></strong></span> <span class='ocrx_word' id='word_1_305' title='bbox 2637 779 2743 834; x_wconf 80' lang='lat'><strong>865</strong></span> <span class='ocrx_word' id='word_1_306' title='bbox 2764 778 2829 842; x_wconf 81' lang='grc' dir='ltr'><strong><em>Α,</em></strong></span> <span class='ocrx_word' id='word_1_307' title='bbox 2858 779 3043 832; x_wconf 82' lang='lat' dir='ltr'><strong><em>Anima</em></strong></span> <span class='ocrx_word' id='word_1_308' title='bbox 3071 777 3205 831; x_wconf 88' lang='lat' dir='ltr'><strong><em>enim</em></strong></span> <span class='ocrx_word' id='word_1_309' title='bbox 3236 793 3335 831; x_wconf 89' lang='lat' dir='ltr'><strong><em>non</em></strong></span> <span class='ocrx_word' id='word_1_310' title='bbox 3360 777 3601 831; x_wconf 75' lang='lat' dir='ltr'><strong><em>(aratione</em></strong></span> <span class='ocrx_word' id='word_1_311' title='bbox 3624 775 3695 830; x_wconf 69' lang='lat' dir='ltr'><strong><em>sed</em></strong></span> 
     </span>
    </p>
   </div>
   <div class='ocr_carea' id='block_1_49' title="bbox 2130 848 3697 921">
    <p class='ocr_par' dir='ltr' id='par_1_49' title="bbox 2130 848 3697 921">
     <span class='ocr_line' id='line_1_49' title="bbox 2130 848 3697 921; baseline -0.001 -18"><span class='ocrx_word' id='word_1_312' title='bbox 2130 853 2461 921; x_wconf 78' lang='lat' dir='ltr'><strong><em>responsione</em></strong></span> <span class='ocrx_word' id='word_1_313' title='bbox 2492 851 2742 905; x_wconf 89' lang='lat' dir='ltr'><strong><em>sancitur.</em></strong></span> <span class='ocrx_word' id='word_1_314' title='bbox 2803 850 3224 918; x_wconf 79' lang='lat' dir='ltr'><strong><em>lleSponsionem</em></strong></span> <span class='ocrx_word' id='word_1_315' title='bbox 3269 848 3503 921; x_wconf 79' lang='lat' dir='ltr'><strong><em>appellat</em></strong></span> <span class='ocrx_word' id='word_1_316' title='bbox 3542 858 3697 902; x_wconf 85' lang='lat' dir='ltr'><strong><em>auctor</em></strong></span> 
     </span>
    </p>
   </div>
   <div class='ocr_carea' id='block_1_50' title="bbox 2132 919 3696 991">
    <p class='ocr_par' dir='ltr' id='par_1_50' title="bbox 2132 919 3696 991">
     <span class='ocr_line' id='line_1_50' title="bbox 2132 919 3696 991; baseline -0.001 -18"><span class='ocrx_word' id='word_1_317' title='bbox 2132 919 2498 991; x_wconf 81' lang='lat' dir='ltr'><strong><em>sponsionem,</em></strong></span> <span class='ocrx_word' id='word_1_318' title='bbox 2549 937 2649 990; x_wconf 90' lang='lat' dir='ltr'><strong><em>qua</em></strong></span> <span class='ocrx_word' id='word_1_319' title='bbox 2710 935 2807 975; x_wconf 91' lang='lat' dir='ltr'><strong><em>nos</em></strong></span> <span class='ocrx_word' id='word_1_320' title='bbox 2878 921 2977 990; x_wconf 88' lang='lat' dir='ltr'><strong><em>ipsi</em></strong></span> <span class='ocrx_word' id='word_1_321' title='bbox 3051 921 3285 974; x_wconf 73' lang='lat' dir='ltr'><strong><em>vicissim</em></strong></span> <span class='ocrx_word' id='word_1_322' title='bbox 3343 919 3696 987; x_wconf 80' lang='lat' dir='ltr'><strong><em>obstringimus</em></strong></span> 
     </span>
    </p>
   </div>
   <div class='ocr_carea' id='block_1_51' title="bbox 2130 991 3696 1062">
    <p class='ocr_par' dir='ltr' id='par_1_51' title="bbox 2130 991 3696 1062">
     <span class='ocr_line' id='line_1_51' title="bbox 2130 991 3696 1062; baseline -0.003 -17"><span class='ocrx_word' id='word_1_323' title='bbox 2130 992 2352 1058; x_wconf 76' lang='lat' dir='ltr'><strong><em>gratiam</em></strong></span> <span class='ocrx_word' id='word_1_324' title='bbox 2415 992 2697 1061; x_wconf 82' lang='lat' dir='ltr'><strong><em>spondenti</em></strong></span> <span class='ocrx_word' id='word_1_325' title='bbox 2775 991 3019 1046; x_wconf 81' lang='lat' dir='ltr'><strong><em>Domino.</em></strong></span> <span class='ocrx_word' id='word_1_326' title='bbox 3074 998 3380 1062; x_wconf 72' lang='grc' dir='ltr'><strong><em>Επιρὼτημα</em></strong></span> <span class='ocrx_word' id='word_1_327' title='bbox 3431 994 3696 1062; x_wconf 60' lang='grc' dir='ltr'><strong><em>συνειδήσεως</em></strong></span> 
     </span>
    </p>
   </div>
   <div class='ocr_carea' id='block_1_52' title="bbox 2130 1060 3699 1134">
    <p class='ocr_par' dir='ltr' id='par_1_52' title="bbox 2130 1060 3699 1134">
     <span class='ocr_line' id='line_1_52' title="bbox 2130 1060 3699 1134; baseline -0.001 -19"><span class='ocrx_word' id='word_1_328' title='bbox 2130 1065 2308 1128; x_wconf 74' lang='grc' dir='ltr'><strong><em>ἀγαθῆς</em></strong></span> <span class='ocrx_word' id='word_1_329' title='bbox 2357 1060 2590 1134; x_wconf 82' lang='lat' dir='ltr'><strong><em>appellat</em></strong></span> <span class='ocrx_word' id='word_1_330' title='bbox 2639 1062 2931 1133; x_wconf 83' lang='lat' dir='ltr'><strong><em>Apostolus</em></strong></span> <span class='ocrx_word' id='word_1_331' title='bbox 2974 1079 3041 1118; x_wconf 81' lang='lat' dir='ltr'><strong><em>ex</em></strong></span> <span class='ocrx_word' id='word_1_332' title='bbox 3098 1060 3395 1117; x_wconf 81' lang='lat' dir='ltr'><strong><em>relatorum</em></strong></span> <span class='ocrx_word' id='word_1_333' title='bbox 3462 1060 3699 1128; x_wconf 81' lang='lat' dir='ltr'><strong><em>natura,l</em></strong></span> 
     </span>
    </p>
   </div>
   <div class='ocr_carea' id='block_1_53' title="bbox 2086 1134 2403 1205">
    <p class='ocr_par' dir='ltr' id='par_1_53' title="bbox 2086 1134 2403 1205">
     <span class='ocr_line' id='line_1_53' title="bbox 2086 1134 2403 1205; baseline 0.006 -17"><span class='ocrx_word' id='word_1_334' title='bbox 2086 1192 2093 1205; x_wconf 52' lang='grc'>,</span> <span class='ocrx_word' id='word_1_335' title='bbox 2129 1134 2275 1189; x_wconf 81' lang='lat' dir='ltr'><strong><em>l’etr.</em></strong></span> <span class='ocrx_word' id='word_1_336' title='bbox 2318 1134 2403 1190; x_wconf 87' lang='grc' dir='ltr'><strong>ΙΙΙ.</strong></span> 
     </span>
    </p>
   </div>
   <div class='ocr_carea' id='block_1_54' title="bbox 2200 1202 3699 1271">
    <p class='ocr_par' dir='ltr' id='par_1_54' title="bbox 2200 1202 3699 1271">
     <span class='ocr_line' id='line_1_54' title="bbox 2200 1202 3699 1271; baseline -0.003 -12"><span class='ocrx_word' id='word_1_337' title='bbox 2200 1206 2576 1271; x_wconf 63' lang='lat' dir='ltr'><strong><em>Resuscrram,</em></strong></span> <span class='ocrx_word' id='word_1_338' title='bbox 2616 1204 2745 1260; x_wconf 91' lang='lat' dir='ltr'><strong><em>oriri</em></strong></span> <span class='ocrx_word' id='word_1_339' title='bbox 2785 1203 2851 1260; x_wconf 90' lang='lat' dir='ltr'><strong><em>de</em></strong></span> <span class='ocrx_word' id='word_1_340' title='bbox 2876 1205 3065 1260; x_wconf 86' lang='lat' dir='ltr'><strong><em>stellis.</em></strong></span> <span class='ocrx_word' id='word_1_341' title='bbox 3108 1204 3172 1270; x_wconf 91' lang='lat' dir='ltr'><strong><em>ll,</em></strong></span> <span class='ocrx_word' id='word_1_342' title='bbox 3218 1203 3359 1260; x_wconf 75' lang='grc'>1055</span> <span class='ocrx_word' id='word_1_343' title='bbox 3389 1204 3457 1271; x_wconf 80' lang='grc' dir='ltr'><strong><em>Α,</em></strong></span> <span class='ocrx_word' id='word_1_344' title='bbox 3489 1202 3699 1258; x_wconf 70' lang='lat' dir='ltr'><strong><em>Siderum</em></strong></span> 
     </span>
    </p>
   </div>
   <div class='ocr_carea' id='block_1_55' title="bbox 2130 1275 3698 1347">
    <p class='ocr_par' dir='ltr' id='par_1_55' title="bbox 2130 1275 3698 1347">
     <span class='ocr_line' id='line_1_55' title="bbox 2130 1275 3698 1347; baseline -0.001 -17"><span class='ocrx_word' id='word_1_345' title='bbox 2130 1276 2365 1331; x_wconf 85' lang='lat' dir='ltr'><strong><em>distinctu</em></strong></span> <span class='ocrx_word' id='word_1_346' title='bbox 2427 1279 2658 1346; x_wconf 73' lang='lat' dir='ltr'><strong><em>confusio</em></strong></span> <span class='ocrx_word' id='word_1_347' title='bbox 2722 1276 2976 1330; x_wconf 86' lang='lat' dir='ltr'><strong><em>interdum</em></strong></span> <span class='ocrx_word' id='word_1_348' title='bbox 3046 1276 3218 1346; x_wconf 84' lang='lat' dir='ltr'><strong><em>dejicit</em></strong></span> <span class='ocrx_word' id='word_1_349' title='bbox 3271 1277 3415 1347; x_wconf 87' lang='lat' dir='ltr'><strong><em>quid,</em></strong></span> <span class='ocrx_word' id='word_1_350' title='bbox 3475 1275 3698 1329; x_wconf 71' lang='lat' dir='ltr'><strong><em>interdum</em></strong></span> 
     </span>
    </p>
   </div>
   <div class='ocr_carea' id='block_1_56' title="bbox 2126 1358 2408 1405">
    <p class='ocr_par' dir='ltr' id='par_1_56' title="bbox 2126 1358 2408 1405">
     <span class='ocr_line' id='line_1_56' title="bbox 2126 1358 2408 1405; baseline 0.011 -4"><span class='ocrx_word' id='word_1_351' title='bbox 2126 1358 2408 1405; x_wconf 80' lang='lat' dir='ltr'><strong><em>resuscual.</em></strong></span> 
     </span>
    </p>
   </div>
   <div class='ocr_carea' id='block_1_57' title="bbox 2202 1417 3696 1487">
    <p class='ocr_par' dir='ltr' id='par_1_57' title="bbox 2202 1417 3696 1487">
     <span class='ocr_line' id='line_1_57' title="bbox 2202 1417 3696 1487; baseline -0.001 -15"><span class='ocrx_word' id='word_1_352' title='bbox 2202 1418 2591 1487; x_wconf 69' lang='lat' dir='ltr'><strong><em>RETRACTARE,</em></strong></span> <span class='ocrx_word' id='word_1_353' title='bbox 2627 1417 2893 1475; x_wconf 86' lang='lat' dir='ltr'><strong><em>refellere.</em></strong></span> <span class='ocrx_word' id='word_1_354' title='bbox 2938 1418 2979 1485; x_wconf 90' lang='grc'>1,</span> <span class='ocrx_word' id='word_1_355' title='bbox 3002 1417 3109 1474; x_wconf 84' lang='grc'><strong><em>280</em></strong></span> <span class='ocrx_word' id='word_1_356' title='bbox 3133 1418 3200 1483; x_wconf 83' lang='lat' dir='ltr'><strong><em>A,</em></strong></span> <span class='ocrx_word' id='word_1_357' title='bbox 3245 1417 3415 1472; x_wconf 83' lang='lat' dir='ltr'><strong><em>Nemo</em></strong></span> <span class='ocrx_word' id='word_1_358' title='bbox 3465 1426 3696 1483; x_wconf 82' lang='lat' dir='ltr'><strong><em>retractat,</em></strong></span> 
     </span>
    </p>
   </div>
   <div class='ocr_carea' id='block_1_58' title="bbox 2130 1490 3698 1556">
    <p class='ocr_par' dir='ltr' id='par_1_58' title="bbox 2130 1490 3698 1556">
     <span class='ocr_line' id='line_1_58' title="bbox 2130 1490 3698 1556; baseline 0.001 -14"><span class='ocrx_word' id='word_1_359' title='bbox 2130 1506 2298 1544; x_wconf 84' lang='lat' dir='ltr'><strong><em>nonne</em></strong></span> <span class='ocrx_word' id='word_1_360' title='bbox 2313 1491 2426 1546; x_wconf 87' lang='lat' dir='ltr'><strong><em>ideo</em></strong></span> <span class='ocrx_word' id='word_1_361' title='bbox 2444 1494 2623 1556; x_wconf 80' lang='lat' dir='ltr'><strong><em>bonus,</em></strong></span> <span class='ocrx_word' id='word_1_362' title='bbox 2643 1500 2770 1555; x_wconf 89' lang='lat' dir='ltr'><strong><em>etc.,</em></strong></span> <span class='ocrx_word' id='word_1_363' title='bbox 2791 1491 2805 1545; x_wconf 91' lang='lat' dir='ltr'><strong><em>i</em></strong></span> <span class='ocrx_word' id='word_1_364' title='bbox 2823 1505 2895 1545; x_wconf 91' lang='lat' dir='ltr'><strong><em>.e.</em></strong></span> <span class='ocrx_word' id='word_1_365' title='bbox 2916 1505 3073 1544; x_wconf 90' lang='lat' dir='ltr'><strong><em>nemo</em></strong></span> <span class='ocrx_word' id='word_1_366' title='bbox 3088 1490 3573 1545; x_wconf 78' lang='lat' dir='ltr'><strong><em>refellitsermcnes</em></strong></span> <span class='ocrx_word' id='word_1_367' title='bbox 3588 1491 3698 1543; x_wconf 87' lang='lat' dir='ltr'><strong><em>istos</em></strong></span> 
     </span>
    </p>
   </div>
   <div class='ocr_carea' id='block_1_59' title="bbox 2127 1558 3698 1629">
    <p class='ocr_par' dir='ltr' id='par_1_59' title="bbox 2127 1558 3698 1629">
     <span class='ocr_line' id='line_1_59' title="bbox 2127 1558 3698 1629; baseline -0.003 -12"><span class='ocrx_word' id='word_1_368' title='bbox 2127 1561 2545 1629; x_wconf 88' lang='lat' dir='ltr'><strong><em>criminantium,</em></strong></span> <span class='ocrx_word' id='word_1_369' title='bbox 2575 1561 2800 1617; x_wconf 67' lang='lat' dir='ltr'><strong><em>dictando</em></strong></span> <span class='ocrx_word' id='word_1_370' title='bbox 2821 1581 2833 1614; x_wconf 87' lang='lat'><strong>:</strong></span> <span class='ocrx_word' id='word_1_371' title='bbox 2854 1561 3010 1625; x_wconf 82' lang='lat' dir='ltr'><strong><em>Vide,</em></strong></span> <span class='ocrx_word' id='word_1_372' title='bbox 3036 1577 3120 1623; x_wconf 84' lang='lat' dir='ltr'><strong><em>ne,</em></strong></span> <span class='ocrx_word' id='word_1_373' title='bbox 3146 1570 3254 1616; x_wconf 89' lang='lat' dir='ltr'><strong><em>etc.</em></strong></span> <span class='ocrx_word' id='word_1_374' title='bbox 3282 1561 3349 1625; x_wconf 88' lang='lat' dir='ltr'><strong><em>ll,</em></strong></span> <span class='ocrx_word' id='word_1_375' title='bbox 3376 1561 3483 1617; x_wconf 70' lang='grc'><strong><em>519</em></strong></span> <span class='ocrx_word' id='word_1_376' title='bbox 3511 1560 3572 1623; x_wconf 81' lang='grc' dir='ltr'><strong><em>Α,</em></strong></span> <span class='ocrx_word' id='word_1_377' title='bbox 3597 1558 3698 1613; x_wconf 81' lang='lat' dir='ltr'><strong><em>Non</em></strong></span> 
     </span>
    </p>
   </div>
   <div class='ocr_carea' id='block_1_60' title="bbox 2127 1630 3699 1705">
    <p class='ocr_par' dir='ltr' id='par_1_60' title="bbox 2127 1630 3699 1705">
     <span class='ocr_line' id='line_1_60' title="bbox 2127 1630 3699 1705; baseline -0.001 -20"><span class='ocrx_word' id='word_1_378' title='bbox 2127 1630 2247 1686; x_wconf 81' lang='lat' dir='ltr'><strong><em>alitr</em></strong></span> <span class='ocrx_word' id='word_1_379' title='bbox 2266 1642 2430 1698; x_wconf 88' lang='lat' dir='ltr'><strong><em>erunt,</em></strong></span> <span class='ocrx_word' id='word_1_380' title='bbox 2451 1650 2603 1705; x_wconf 86' lang='lat' dir='ltr'><strong><em>quam</em></strong></span> <span class='ocrx_word' id='word_1_381' title='bbox 2622 1648 2747 1705; x_wconf 17' lang='lat' dir='ltr'><strong><em>iqua:</em></strong></span> <span class='ocrx_word' id='word_1_382' title='bbox 2772 1643 3128 1705; x_wconf 76' lang='lat' dir='ltr'><strong><em>retractantur.</em></strong></span> <span class='ocrx_word' id='word_1_383' title='bbox 3155 1632 3219 1696; x_wconf 75' lang='grc'>11,</span> <span class='ocrx_word' id='word_1_384' title='bbox 3244 1633 3349 1687; x_wconf 70' lang='grc'>156</span> <span class='ocrx_word' id='word_1_385' title='bbox 3374 1633 3437 1699; x_wconf 73' lang='lat' dir='ltr'><strong><em>t2,</em></strong></span> <span class='ocrx_word' id='word_1_386' title='bbox 3470 1630 3699 1702; x_wconf 79' lang='lat' dir='ltr'><strong><em>Necquis-</em></strong></span> 
     </span>
    </p>
   </div>
   <div class='ocr_carea' id='block_1_61' title="bbox 2126 1703 3699 1772">
    <p class='ocr_par' dir='ltr' id='par_1_61' title="bbox 2126 1703 3699 1772">
     <span class='ocr_line' id='line_1_61' title="bbox 2126 1703 3699 1772; baseline -0.001 -16"><span class='ocrx_word' id='word_1_387' title='bbox 2126 1720 2277 1772; x_wconf 87' lang='lat' dir='ltr'><strong><em>quam</em></strong></span> <span class='ocrx_word' id='word_1_388' title='bbox 2303 1703 2568 1759; x_wconf 81' lang='lat' dir='ltr'><strong><em>retractat.</em></strong></span> <span class='ocrx_word' id='word_1_389' title='bbox 2595 1704 2659 1767; x_wconf 88' lang='grc'><strong>11,</strong></span> <span class='ocrx_word' id='word_1_390' title='bbox 2687 1705 2792 1759; x_wconf 78' lang='grc'><strong><em>405</em></strong></span> <span class='ocrx_word' id='word_1_391' title='bbox 2828 1704 2889 1770; x_wconf 91' lang='grc' dir='ltr'><strong>Β,</strong></span> <span class='ocrx_word' id='word_1_392' title='bbox 2921 1703 3029 1758; x_wconf 84' lang='lat' dir='ltr'><strong><em>Sed</em></strong></span> <span class='ocrx_word' id='word_1_393' title='bbox 3057 1720 3157 1757; x_wconf 88' lang='lat' dir='ltr'><strong><em>non</em></strong></span> <span class='ocrx_word' id='word_1_394' title='bbox 3181 1707 3356 1757; x_wconf 81' lang='lat' dir='ltr'><strong><em>statim</em></strong></span> <span class='ocrx_word' id='word_1_395' title='bbox 3389 1705 3489 1757; x_wconf 85' lang='lat' dir='ltr'><strong><em>hac</em></strong></span> <span class='ocrx_word' id='word_1_396' title='bbox 3528 1714 3699 1758; x_wconf 83' lang='lat' dir='ltr'><strong><em>senten-</em></strong></span> 
     </span>
    </p>
   </div>
   <div class='ocr_carea' id='block_1_62' title="bbox 2128 1773 3698 1846">
    <p class='ocr_par' dir='ltr' id='par_1_62' title="bbox 2128 1773 3698 1846">
     <span class='ocr_line' id='line_1_62' title="bbox 2128 1773 3698 1846; baseline 0.001 -20"><span class='ocrx_word' id='word_1_397' title='bbox 2128 1775 2199 1829; x_wconf 85' lang='lat' dir='ltr'><strong><em>tia</em></strong></span> <span class='ocrx_word' id='word_1_398' title='bbox 2221 1776 2415 1830; x_wconf 79' lang='lat' dir='ltr'><strong><em>cteteris</em></strong></span> <span class='ocrx_word' id='word_1_399' title='bbox 2438 1775 2840 1846; x_wconf 83' lang='lat' dir='ltr'><strong><em>retractavimns,</em></strong></span> <span class='ocrx_word' id='word_1_400' title='bbox 2865 1778 2902 1830; x_wconf 93' lang='lat' dir='ltr'><strong><em>i.</em></strong></span> <span class='ocrx_word' id='word_1_401' title='bbox 2931 1789 2981 1830; x_wconf 87' lang='lat' dir='ltr'><strong><em>e.</em></strong></span> <span class='ocrx_word' id='word_1_402' title='bbox 2999 1773 3067 1846; x_wconf 78' lang='lat' dir='ltr'><strong><em>de</em></strong></span> <span class='ocrx_word' id='word_1_403' title='bbox 3091 1774 3211 1829; x_wconf 90' lang='lat' dir='ltr'><strong><em>aliis</em></strong></span> <span class='ocrx_word' id='word_1_404' title='bbox 3232 1775 3562 1846; x_wconf 75' lang='lat' dir='ltr'><strong><em>argumentis</em></strong></span> <span class='ocrx_word' id='word_1_405' title='bbox 3584 1778 3698 1827; x_wconf 82' lang='lat' dir='ltr'><strong><em>nam:</em></strong></span> 
     </span>
    </p>
   </div>
   <div class='ocr_carea' id='block_1_63' title="bbox 2127 1845 3699 1916">
    <p class='ocr_par' dir='ltr' id='par_1_63' title="bbox 2127 1845 3699 1916">
     <span class='ocr_line' id='line_1_63' title="bbox 2127 1845 3699 1916; baseline -0.001 -17"><span class='ocrx_word' id='word_1_406' title='bbox 2127 1847 2445 1901; x_wconf 86' lang='lat' dir='ltr'><strong><em>sententiam</em></strong></span> <span class='ocrx_word' id='word_1_407' title='bbox 2515 1846 2768 1901; x_wconf 89' lang='lat' dir='ltr'><strong><em>nolumus</em></strong></span> <span class='ocrx_word' id='word_1_408' title='bbox 2832 1845 2934 1901; x_wconf 90' lang='lat' dir='ltr'><strong><em>hoc</em></strong></span> <span class='ocrx_word' id='word_1_409' title='bbox 2999 1845 3120 1901; x_wconf 89' lang='lat' dir='ltr'><strong><em>loco</em></strong></span> <span class='ocrx_word' id='word_1_410' title='bbox 3179 1845 3377 1916; x_wconf 83' lang='lat' dir='ltr'><strong><em>accipi.</em></strong></span> <span class='ocrx_word' id='word_1_411' title='bbox 3432 1846 3699 1901; x_wconf 81' lang='lat' dir='ltr'><strong><em>Iletractare</em></strong></span> 
     </span>
    </p>
   </div>
   <div class='ocr_carea' id='block_1_64' title="bbox 2126 1916 3689 1988">
    <p class='ocr_par' dir='ltr' id='par_1_64' title="bbox 2126 1916 3689 1988">
     <span class='ocr_line' id='line_1_64' title="bbox 2126 1916 3689 1988; baseline -0.001 -17"><span class='ocrx_word' id='word_1_412' title='bbox 2126 1933 2271 1986; x_wconf 85' lang='lat' dir='ltr'><strong><em>s:epe</em></strong></span> <span class='ocrx_word' id='word_1_413' title='bbox 2295 1927 2385 1972; x_wconf 90' lang='lat' dir='ltr'><strong><em>est</em></strong></span> <span class='ocrx_word' id='word_1_414' title='bbox 2404 1917 2689 1986; x_wconf 79' lang='lat' dir='ltr'><strong><em>diligenter</em></strong></span> <span class='ocrx_word' id='word_1_415' title='bbox 2716 1925 2968 1982; x_wconf 85' lang='lat' dir='ltr'><strong><em>tractare,</em></strong></span> <span class='ocrx_word' id='word_1_416' title='bbox 3000 1927 3053 1971; x_wconf 90' lang='lat' dir='ltr'><strong><em>et</em></strong></span> <span class='ocrx_word' id='word_1_417' title='bbox 3080 1932 3492 1988; x_wconf 59' lang='lat' dir='ltr'><strong><em>recognoscere.</em></strong></span> <span class='ocrx_word' id='word_1_418' title='bbox 3526 1917 3586 1981; x_wconf 87' lang='lat' dir='ltr'><strong><em>ll,</em></strong></span> <span class='ocrx_word' id='word_1_419' title='bbox 3605 1916 3689 1971; x_wconf 76' lang='grc'><strong><em>251</em></strong></span> 
     </span>
    </p>
   </div>
   <div class='ocr_carea' id='block_1_65' title="bbox 2126 1987 3696 2059">
    <p class='ocr_par' dir='ltr' id='par_1_65' title="bbox 2126 1987 3696 2059">
     <span class='ocr_line' id='line_1_65' title="bbox 2126 1987 3696 2059; baseline -0.001 -17"><span class='ocrx_word' id='word_1_420' title='bbox 2126 1988 2188 2054; x_wconf 87' lang='grc' dir='ltr'><strong>Β,</strong></span> <span class='ocrx_word' id='word_1_421' title='bbox 2217 1988 2279 2043; x_wconf 89' lang='lat' dir='ltr'><strong><em>In</em></strong></span> <span class='ocrx_word' id='word_1_422' title='bbox 2313 1990 2580 2059; x_wconf 59' lang='lat' dir='ltr'><strong><em>praeteritis</em></strong></span> <span class='ocrx_word' id='word_1_423' title='bbox 2621 1988 2817 2057; x_wconf 81' lang='lat' dir='ltr'><strong><em>aliquid</em></strong></span> <span class='ocrx_word' id='word_1_424' title='bbox 2839 1987 3241 2043; x_wconf 84' lang='lat' dir='ltr'><strong><em>retractavimus.</em></strong></span> <span class='ocrx_word' id='word_1_425' title='bbox 3267 1988 3467 2053; x_wconf 68' lang='lat'><strong><em>1,1255</em></strong></span> <span class='ocrx_word' id='word_1_426' title='bbox 3496 1990 3554 2053; x_wconf 82' lang='grc' dir='ltr'><strong>Β,</strong></span> <span class='ocrx_word' id='word_1_427' title='bbox 3591 1987 3696 2052; x_wconf 77' lang='lat' dir='ltr'><strong><em>Quis</em></strong></span> 
     </span>
    </p>
   </div>
   <div class='ocr_carea' id='block_1_66' title="bbox 2126 2060 3695 2129">
    <p class='ocr_par' dir='ltr' id='par_1_66' title="bbox 2126 2060 3695 2129">
     <span class='ocr_line' id='line_1_66' title="bbox 2126 2060 3695 2129; baseline -0.001 -16"><span class='ocrx_word' id='word_1_428' title='bbox 2126 2061 2188 2113; x_wconf 92' lang='lat' dir='ltr'><strong><em>dc</em></strong></span> <span class='ocrx_word' id='word_1_429' title='bbox 2208 2063 2337 2114; x_wconf 90' lang='lat' dir='ltr'><strong><em>bono</em></strong></span> <span class='ocrx_word' id='word_1_430' title='bbox 2362 2063 2472 2126; x_wconf 82' lang='lat' dir='ltr'><strong><em>eius</em></strong></span> <span class='ocrx_word' id='word_1_431' title='bbox 2497 2061 2600 2114; x_wconf 88' lang='lat' dir='ltr'><strong><em>late</em></strong></span> <span class='ocrx_word' id='word_1_432' title='bbox 2614 2069 2866 2125; x_wconf 87' lang='lat' dir='ltr'><strong><em>retractet,</em></strong></span> <span class='ocrx_word' id='word_1_433' title='bbox 2896 2060 2933 2115; x_wconf 90' lang='lat' dir='ltr'><strong><em>i.</em></strong></span> <span class='ocrx_word' id='word_1_434' title='bbox 2955 2075 3007 2116; x_wconf 88' lang='lat' dir='ltr'><strong><em>e.</em></strong></span> <span class='ocrx_word' id='word_1_435' title='bbox 3025 2060 3146 2128; x_wconf 91' lang='lat' dir='ltr'><strong><em>quis</em></strong></span> <span class='ocrx_word' id='word_1_436' title='bbox 3180 2060 3250 2114; x_wconf 87' lang='lat' dir='ltr'><strong><em>de</em></strong></span> <span class='ocrx_word' id='word_1_437' title='bbox 3291 2061 3441 2114; x_wconf 86' lang='lat' dir='ltr'><strong><em>bono</em></strong></span> <span class='ocrx_word' id='word_1_438' title='bbox 3478 2060 3587 2129; x_wconf 83' lang='lat' dir='ltr'><strong><em>ejus</em></strong></span> <span class='ocrx_word' id='word_1_439' title='bbox 3626 2073 3695 2112; x_wconf 82' lang='lat' dir='ltr'><strong><em>sa-</em></strong></span> 
     </span>
    </p>
   </div>
   <div class='ocr_carea' id='block_1_67' title="bbox 2127 2129 3694 2202">
    <p class='ocr_par' dir='ltr' id='par_1_67' title="bbox 2127 2129 3694 2202">
     <span class='ocr_line' id='line_1_67' title="bbox 2127 2129 3694 2202; baseline -0.003 -17"><span class='ocrx_word' id='word_1_440' title='bbox 2127 2131 2193 2186; x_wconf 91' lang='lat' dir='ltr'><strong><em>tis</em></strong></span> <span class='ocrx_word' id='word_1_441' title='bbox 2224 2146 2454 2202; x_wconf 90' lang='lat' dir='ltr'><strong><em>unquam</em></strong></span> <span class='ocrx_word' id='word_1_442' title='bbox 2484 2131 2699 2186; x_wconf 82' lang='lat' dir='ltr'><strong><em>dixerit.</em></strong></span> <span class='ocrx_word' id='word_1_443' title='bbox 2720 2136 2798 2202; x_wconf 75' lang='lat' dir='ltr'><strong><em>At</em></strong></span> <span class='ocrx_word' id='word_1_444' title='bbox 2823 2131 2875 2184; x_wconf 92' lang='lat' dir='ltr'><strong><em>in</em></strong></span> <span class='ocrx_word' id='word_1_445' title='bbox 2908 2131 3154 2202; x_wconf 81' lang='lat' dir='ltr'><strong><em>omnibus</em></strong></span> <span class='ocrx_word' id='word_1_446' title='bbox 3182 2132 3423 2201; x_wconf 85' lang='lat' dir='ltr'><strong><em>antiquis</em></strong></span> <span class='ocrx_word' id='word_1_447' title='bbox 3447 2129 3694 2197; x_wconf 78' lang='lat' dir='ltr'><strong><em>exempla-</em></strong></span> 
     </span>
    </p>
   </div>
   <div class='ocr_carea' id='block_1_68' title="bbox 2123 2200 3689 2273">
    <p class='ocr_par' dir='ltr' id='par_1_68' title="bbox 2123 2200 3689 2273">
     <span class='ocr_line' id='line_1_68' title="bbox 2123 2200 3689 2273; baseline -0.001 -16"><span class='ocrx_word' id='word_1_448' title='bbox 2123 2203 2271 2257; x_wconf 83' lang='lat' dir='ltr'><strong><em>ribus</em></strong></span> <span class='ocrx_word' id='word_1_449' title='bbox 2315 2200 2513 2273; x_wconf 74' lang='lat' dir='ltr'><strong><em>legitur</em></strong></span> <span class='ocrx_word' id='word_1_450' title='bbox 2560 2202 2673 2271; x_wconf 87' lang='lat' dir='ltr'><strong><em>quis</em></strong></span> <span class='ocrx_word' id='word_1_451' title='bbox 2692 2201 2755 2255; x_wconf 91' lang='lat' dir='ltr'><strong><em>de</em></strong></span> <span class='ocrx_word' id='word_1_452' title='bbox 2789 2202 2917 2255; x_wconf 86' lang='lat' dir='ltr'><strong><em>bona</em></strong></span> <span class='ocrx_word' id='word_1_453' title='bbox 2957 2204 3067 2270; x_wconf 86' lang='lat' dir='ltr'><strong><em>ejus</em></strong></span> <span class='ocrx_word' id='word_1_454' title='bbox 3100 2200 3258 2255; x_wconf 86' lang='lat' dir='ltr'><strong><em>latere</em></strong></span> <span class='ocrx_word' id='word_1_455' title='bbox 3308 2200 3564 2268; x_wconf 79' lang='lat' dir='ltr'><strong><em>retractet,</em></strong></span> <span class='ocrx_word' id='word_1_456' title='bbox 3592 2202 3623 2256; x_wconf 92' lang='lat' dir='ltr'><strong><em>i.</em></strong></span> <span class='ocrx_word' id='word_1_457' title='bbox 3646 2216 3689 2255; x_wconf 78' lang='grc' dir='ltr'><strong><em>ε.</em></strong></span> 
     </span>
    </p>
   </div>
   <div class='ocr_carea' id='block_1_69' title="bbox 2122 2272 3693 2344">
    <p class='ocr_par' dir='ltr' id='par_1_69' title="bbox 2122 2272 3693 2344">
     <span class='ocr_line' id='line_1_69' title="bbox 2122 2272 3693 2344; baseline -0.001 -19"><span class='ocrx_word' id='word_1_458' title='bbox 2122 2273 2240 2343; x_wconf 90' lang='lat' dir='ltr'><strong><em>quis</em></strong></span> <span class='ocrx_word' id='word_1_459' title='bbox 2266 2273 2333 2329; x_wconf 88' lang='lat' dir='ltr'><strong><em>de</em></strong></span> <span class='ocrx_word' id='word_1_460' title='bbox 2361 2272 2502 2327; x_wconf 77' lang='lat' dir='ltr'><strong><em>bono</em></strong></span> <span class='ocrx_word' id='word_1_461' title='bbox 2538 2273 2656 2344; x_wconf 91' lang='lat' dir='ltr'><strong><em>ejus</em></strong></span> <span class='ocrx_word' id='word_1_462' title='bbox 2703 2273 2869 2344; x_wconf 84' lang='lat' dir='ltr'><strong><em>latere</em></strong></span> <span class='ocrx_word' id='word_1_463' title='bbox 2893 2283 2987 2344; x_wconf 64' lang='lat' dir='ltr'><strong><em>aut</em></strong></span> <span class='ocrx_word' id='word_1_464' title='bbox 3026 2274 3254 2328; x_wconf 88' lang='lat' dir='ltr'><strong><em>reticere</em></strong></span> <span class='ocrx_word' id='word_1_465' title='bbox 3296 2274 3442 2342; x_wconf 86' lang='lat' dir='ltr'><strong><em>apud</em></strong></span> <span class='ocrx_word' id='word_1_466' title='bbox 3482 2288 3540 2328; x_wconf 88' lang='lat' dir='ltr'><strong><em>se</em></strong></span> <span class='ocrx_word' id='word_1_467' title='bbox 3572 2272 3693 2341; x_wconf 78' lang='lat' dir='ltr'><strong><em>cogi-</em></strong></span> 
     </span>
    </p>
   </div>
   <div class='ocr_carea' id='block_1_70' title="bbox 2124 2341 3693 2415">
    <p class='ocr_par' dir='ltr' id='par_1_70' title="bbox 2124 2341 3693 2415">
     <span class='ocr_line' id='line_1_70' title="bbox 2124 2341 3693 2415; baseline -0.001 -18"><span class='ocrx_word' id='word_1_468' title='bbox 2124 2341 2218 2399; x_wconf 83' lang='lat' dir='ltr'><strong><em>tet.</em></strong></span> <span class='ocrx_word' id='word_1_469' title='bbox 2243 2344 2286 2407; x_wconf 85' lang='lat' dir='ltr'><strong><em>I,</em></strong></span> <span class='ocrx_word' id='word_1_470' title='bbox 2310 2345 2419 2400; x_wconf 78' lang='grc'><strong><em>592</em></strong></span> <span class='ocrx_word' id='word_1_471' title='bbox 2443 2345 2508 2411; x_wconf 82' lang='grc' dir='ltr'><strong>Α,</strong></span> <span class='ocrx_word' id='word_1_472' title='bbox 2541 2341 2624 2400; x_wconf 77' lang='lat' dir='ltr'><strong><em>est</em></strong></span> <span class='ocrx_word' id='word_1_473' title='bbox 2648 2341 2891 2415; x_wconf 84' lang='lat' dir='ltr'><strong><em>carpere,</em></strong></span> <span class='ocrx_word' id='word_1_474' title='bbox 2923 2342 3167 2415; x_wconf 81' lang='lat' dir='ltr'><strong><em>Fortasse</em></strong></span> <span class='ocrx_word' id='word_1_475' title='bbox 3189 2361 3259 2398; x_wconf 86' lang='lat' dir='ltr'><strong><em>an</em></strong></span> <span class='ocrx_word' id='word_1_476' title='bbox 3286 2341 3386 2399; x_wconf 82' lang='lat' dir='ltr'><strong><em>hoc</em></strong></span> <span class='ocrx_word' id='word_1_477' title='bbox 3433 2345 3693 2415; x_wconf 71' lang='lat' dir='ltr'><strong><em>uaniinede</em></strong></span> 
     </span>
    </p>
   </div>
   <div class='ocr_carea' id='block_1_71' title="bbox 2119 2412 3691 2487">
    <p class='ocr_par' dir='ltr' id='par_1_71' title="bbox 2119 2412 3691 2487">
     <span class='ocr_line' id='line_1_71' title="bbox 2119 2412 3691 2487; baseline -0.001 -19"><span class='ocrx_word' id='word_1_478' title='bbox 2119 2423 2255 2470; x_wconf 85' lang='lat' dir='ltr'><strong><em>statu</em></strong></span> <span class='ocrx_word' id='word_1_479' title='bbox 2306 2418 2416 2486; x_wconf 85' lang='lat' dir='ltr'><strong><em>ejus</em></strong></span> <span class='ocrx_word' id='word_1_480' title='bbox 2459 2412 2775 2470; x_wconf 84' lang='lat' dir='ltr'><strong><em>retractetur.</em></strong></span> <span class='ocrx_word' id='word_1_481' title='bbox 2802 2414 3397 2487; x_wconf 25' lang='lat' dir='ltr'><strong><em>ANamiobtrectationis</em></strong></span> <span class='ocrx_word' id='word_1_482' title='bbox 3441 2430 3563 2487; x_wconf 74' lang='lat' dir='ltr'><strong><em>ergo</em></strong></span> <span class='ocrx_word' id='word_1_483' title='bbox 3592 2412 3691 2470; x_wconf 88' lang='lat' dir='ltr'><strong><em>dili-</em></strong></span> 
     </span>
    </p>
   </div>
   <div class='ocr_carea' id='block_1_72' title="bbox 2119 2485 3320 2557">
    <p class='ocr_par' dir='ltr' id='par_1_72' title="bbox 2119 2485 3320 2557">
     <span class='ocr_line' id='line_1_72' title="bbox 2119 2485 3320 2557; baseline -0.002 -16"><span class='ocrx_word' id='word_1_484' title='bbox 2119 2496 2308 2557; x_wconf 77' lang='lat' dir='ltr'><strong><em>genter</em></strong></span> <span class='ocrx_word' id='word_1_485' title='bbox 2329 2485 2524 2555; x_wconf 85' lang='lat' dir='ltr'><strong><em>inquiri</em></strong></span> <span class='ocrx_word' id='word_1_486' title='bbox 2550 2497 2752 2545; x_wconf 74' lang='lat' dir='ltr'><strong><em>sectam</em></strong></span> <span class='ocrx_word' id='word_1_487' title='bbox 2784 2485 2914 2540; x_wconf 90' lang='lat' dir='ltr'><strong><em>dicit</em></strong></span> <span class='ocrx_word' id='word_1_488' title='bbox 2934 2485 3320 2557; x_wconf 74' lang='lat' dir='ltr'><strong><em>Tertullianus.</em></strong></span> 
     </span>
    </p>
   </div>
   <div class='ocr_carea' id='block_1_73' title="bbox 2192 2556 3687 2623">
    <p class='ocr_par' dir='ltr' id='par_1_73' title="bbox 2192 2556 3687 2623">
     <span class='ocr_line' id='line_1_73' title="bbox 2192 2556 3687 2623; baseline -0.001 -12"><span class='ocrx_word' id='word_1_489' title='bbox 2192 2558 2606 2614; x_wconf 67' lang='lat' dir='ltr'><strong><em>llernscrnus.</em></strong></span> <span class='ocrx_word' id='word_1_490' title='bbox 2640 2557 2702 2622; x_wconf 90' lang='lat' dir='ltr'><strong><em>ll,</em></strong></span> <span class='ocrx_word' id='word_1_491' title='bbox 2729 2558 2831 2612; x_wconf 82' lang='grc'><strong><em>157</em></strong></span> <span class='ocrx_word' id='word_1_492' title='bbox 2854 2558 2915 2623; x_wconf 89' lang='grc' dir='ltr'><strong><em>Β,</em></strong></span> <span class='ocrx_word' id='word_1_493' title='bbox 2945 2556 3161 2610; x_wconf 86' lang='lat' dir='ltr'><strong><em>Dandus</em></strong></span> <span class='ocrx_word' id='word_1_494' title='bbox 3181 2560 3339 2612; x_wconf 90' lang='lat' dir='ltr'><strong><em>etiam</em></strong></span> <span class='ocrx_word' id='word_1_495' title='bbox 3379 2569 3456 2614; x_wconf 86' lang='lat' dir='ltr'><strong><em>est</em></strong></span> <span class='ocrx_word' id='word_1_496' title='bbox 3478 2566 3687 2614; x_wconf 85' lang='lat' dir='ltr'><strong><em>retracta-</em></strong></span> 
     </span>
    </p>
   </div>
   <div class='ocr_carea' id='block_1_74' title="bbox 2120 2628 3685 2698">
    <p class='ocr_par' dir='ltr' id='par_1_74' title="bbox 2120 2628 3685 2698">
     <span class='ocr_line' id='line_1_74' title="bbox 2120 2628 3685 2698; baseline -0.002 -14"><span class='ocrx_word' id='word_1_497' title='bbox 2120 2630 2252 2684; x_wconf 87' lang='lat' dir='ltr'><strong><em>tibus</em></strong></span> <span class='ocrx_word' id='word_1_498' title='bbox 2276 2631 2436 2698; x_wconf 86' lang='lat' dir='ltr'><strong><em>locus,</em></strong></span> <span class='ocrx_word' id='word_1_499' title='bbox 2468 2631 2503 2683; x_wconf 93' lang='lat' dir='ltr'><strong><em>i.</em></strong></span> <span class='ocrx_word' id='word_1_500' title='bbox 2548 2646 2599 2685; x_wconf 91' lang='lat' dir='ltr'><strong><em>e.</em></strong></span> <span class='ocrx_word' id='word_1_501' title='bbox 2627 2628 2953 2698; x_wconf 84' lang='lat' dir='ltr'><strong><em>diligentiori</em></strong></span> <span class='ocrx_word' id='word_1_502' title='bbox 3005 2629 3244 2684; x_wconf 76' lang='lat' dir='ltr'><strong><em>examini</em></strong></span> <span class='ocrx_word' id='word_1_503' title='bbox 3284 2638 3343 2684; x_wconf 84' lang='lat' dir='ltr'><strong><em>et</em></strong></span> <span class='ocrx_word' id='word_1_504' title='bbox 3390 2628 3685 2685; x_wconf 78' lang='lat' dir='ltr'><strong><em>rcfutationi.</em></strong></span> 
     </span>
    </p>
   </div>
   <div class='ocr_carea' id='block_1_75' title="bbox 2119 2700 3687 2769">
    <p class='ocr_par' dir='ltr' id='par_1_75' title="bbox 2119 2700 3687 2769">
     <span class='ocr_line' id='line_1_75' title="bbox 2119 2700 3687 2769; baseline -0.003 -13"><span class='ocrx_word' id='word_1_505' title='bbox 2119 2703 2183 2769; x_wconf 91' lang='lat' dir='ltr'><strong><em>ll,</em></strong></span> <span class='ocrx_word' id='word_1_506' title='bbox 2214 2703 2321 2758; x_wconf 76' lang='grc'>248</span> <span class='ocrx_word' id='word_1_507' title='bbox 2353 2704 2419 2767; x_wconf 84' lang='grc' dir='ltr'><strong>Α,</strong></span> <span class='ocrx_word' id='word_1_508' title='bbox 2470 2700 2750 2756; x_wconf 73' lang='lat' dir='ltr'><strong><em>Hiereticos</em></strong></span> <span class='ocrx_word' id='word_1_509' title='bbox 2800 2700 2910 2754; x_wconf 90' lang='lat' dir='ltr'><strong><em>sine</em></strong></span> <span class='ocrx_word' id='word_1_510' title='bbox 2954 2709 3229 2754; x_wconf 89' lang='lat' dir='ltr'><strong><em>retractatu</em></strong></span> <span class='ocrx_word' id='word_1_511' title='bbox 3250 2701 3597 2756; x_wconf 84' lang='lat' dir='ltr'><strong><em>doctrinarum</em></strong></span> <span class='ocrx_word' id='word_1_512' title='bbox 3624 2715 3687 2752; x_wconf 87' lang='lat' dir='ltr'><strong><em>re-</em></strong></span> 
     </span>
    </p>
   </div>
   <div class='ocr_carea' id='block_1_76' title="bbox 2114 2770 3688 2841">
    <p class='ocr_par' dir='ltr' id='par_1_76' title="bbox 2114 2770 3688 2841">
     <span class='ocr_line' id='line_1_76' title="bbox 2114 2770 3688 2841; baseline -0.002 -14"><span class='ocrx_word' id='word_1_513' title='bbox 2114 2774 2405 2828; x_wconf 82' lang='lat' dir='ltr'><strong><em>vincendos.</em></strong></span> <span class='ocrx_word' id='word_1_514' title='bbox 2432 2772 2495 2838; x_wconf 89' lang='lat' dir='ltr'><strong><em>II,</em></strong></span> <span class='ocrx_word' id='word_1_515' title='bbox 2522 2773 2629 2827; x_wconf 75' lang='grc'><strong><em>474</em></strong></span> <span class='ocrx_word' id='word_1_516' title='bbox 2657 2772 2724 2838; x_wconf 86' lang='grc' dir='ltr'><strong><em>Α,</em></strong></span> <span class='ocrx_word' id='word_1_517' title='bbox 2754 2770 2899 2825; x_wconf 87' lang='lat' dir='ltr'><strong><em>Sicut</em></strong></span> <span class='ocrx_word' id='word_1_518' title='bbox 2926 2783 2973 2825; x_wconf 90' lang='lat' dir='ltr'><strong><em>et</em></strong></span> <span class='ocrx_word' id='word_1_519' title='bbox 3001 2772 3053 2825; x_wconf 89' lang='lat' dir='ltr'><strong><em>in</em></strong></span> <span class='ocrx_word' id='word_1_520' title='bbox 3080 2772 3327 2841; x_wconf 85' lang='lat' dir='ltr'><strong><em>evangelii</em></strong></span> <span class='ocrx_word' id='word_1_521' title='bbox 3350 2774 3507 2828; x_wconf 74' lang='lat' dir='ltr'><strong><em>vestri</em></strong></span> <span class='ocrx_word' id='word_1_522' title='bbox 3530 2780 3688 2826; x_wconf 81' lang='lat' dir='ltr'><strong><em>retrac-</em></strong></span> 
     </span>
    </p>
   </div>
   <div class='ocr_carea' id='block_1_77' title="bbox 2117 2841 3609 2916">
    <p class='ocr_par' dir='ltr' id='par_1_77' title="bbox 2117 2841 3609 2916">
     <span class='ocr_line' id='line_1_77' title="bbox 2117 2841 3609 2916; baseline -0.002 -18"><span class='ocrx_word' id='word_1_523' title='bbox 2117 2854 2224 2898; x_wconf 88' lang='lat' dir='ltr'><strong><em>tatu</em></strong></span> <span class='ocrx_word' id='word_1_524' title='bbox 2254 2847 2519 2916; x_wconf 85' lang='lat' dir='ltr'><strong><em>probatum</em></strong></span> <span class='ocrx_word' id='word_1_525' title='bbox 2543 2854 2635 2899; x_wconf 88' lang='lat' dir='ltr'><strong><em>est.</em></strong></span> <span class='ocrx_word' id='word_1_526' title='bbox 2654 2841 2729 2916; x_wconf 63' lang='grc' dir='ltr'><strong><em>Δ11,</em></strong></span> <span class='ocrx_word' id='word_1_527' title='bbox 2752 2842 2859 2916; x_wconf 75' lang='grc'><strong><em>951</em></strong></span> <span class='ocrx_word' id='word_1_528' title='bbox 2895 2842 2954 2916; x_wconf 75' lang='grc' dir='ltr'><strong><em>Β,</em></strong></span> <span class='ocrx_word' id='word_1_529' title='bbox 2979 2841 3043 2916; x_wconf 73' lang='lat' dir='ltr'><strong><em>I_n</em></strong></span> <span class='ocrx_word' id='word_1_530' title='bbox 3064 2844 3290 2912; x_wconf 86' lang='lat' dir='ltr'><strong><em>generali</em></strong></span> <span class='ocrx_word' id='word_1_531' title='bbox 3319 2853 3609 2899; x_wconf 76' lang='lat' dir='ltr'><strong><em>retractatu.</em></strong></span> 
     </span>
    </p>
   </div>
   <div class='ocr_carea' id='block_1_78' title="bbox 2187 2913 3682 2986">
    <p class='ocr_par' dir='ltr' id='par_1_78' title="bbox 2187 2913 3682 2986">
     <span class='ocr_line' id='line_1_78' title="bbox 2187 2913 3682 2986; baseline -0.003 -15"><span class='ocrx_word' id='word_1_532' title='bbox 2187 2913 2397 2984; x_wconf 65' lang='lat' dir='ltr'><strong><em>Rsrno,</em></strong></span> <span class='ocrx_word' id='word_1_533' title='bbox 2448 2917 2596 2969; x_wconf 90' lang='lat' dir='ltr'><strong><em>olim.</em></strong></span> <span class='ocrx_word' id='word_1_534' title='bbox 2630 2914 2692 2976; x_wconf 92' lang='lat' dir='ltr'><strong><em>Il,</em></strong></span> <span class='ocrx_word' id='word_1_535' title='bbox 2740 2915 2845 2986; x_wconf 70' lang='grc'><strong><em>216</em></strong></span> <span class='ocrx_word' id='word_1_536' title='bbox 2893 2913 2955 2986; x_wconf 78' lang='grc' dir='ltr'><strong><em>Β,</em></strong></span> <span class='ocrx_word' id='word_1_537' title='bbox 2988 2914 3142 2986; x_wconf 75' lang='lat' dir='ltr'><strong><em>Retro</em></strong></span> <span class='ocrx_word' id='word_1_538' title='bbox 3186 2924 3387 2986; x_wconf 83' lang='lat' dir='ltr'><strong><em>gestum</em></strong></span> <span class='ocrx_word' id='word_1_539' title='bbox 3436 2926 3509 2969; x_wconf 88' lang='lat' dir='ltr'><strong><em>est</em></strong></span> <span class='ocrx_word' id='word_1_540' title='bbox 3547 2914 3682 2975; x_wconf 81' lang='lat' dir='ltr'><strong><em>nobis,</em></strong></span> 
     </span>
    </p>
   </div>
   <div class='ocr_carea' id='block_1_79' title="bbox 2113 2984 3682 3056">
    <p class='ocr_par' dir='ltr' id='par_1_79' title="bbox 2113 2984 3682 3056">
     <span class='ocr_line' id='line_1_79' title="bbox 2113 2984 3682 3056; baseline -0.003 -15"><span class='ocrx_word' id='word_1_541' title='bbox 2113 2999 2376 3050; x_wconf 66' lang='grc' dir='ltr'><strong><em>πεποίηται</em></strong></span> <span class='ocrx_word' id='word_1_542' title='bbox 2401 2992 2534 3056; x_wconf 76' lang='grc' dir='ltr'><strong><em>ἡμῖν.</em></strong></span> <span class='ocrx_word' id='word_1_543' title='bbox 2554 2985 2868 3041; x_wconf 82' lang='lat' dir='ltr'><strong><em>Hellenism.</em></strong></span> <span class='ocrx_word' id='word_1_544' title='bbox 2897 2984 2938 3049; x_wconf 92' lang='lat' dir='ltr'><strong><em>l,</em></strong></span> <span class='ocrx_word' id='word_1_545' title='bbox 2970 2985 3076 3040; x_wconf 76' lang='grc'>452</span> <span class='ocrx_word' id='word_1_546' title='bbox 3102 2986 3169 3051; x_wconf 76' lang='grc' dir='ltr'><strong><em>Δ,</em></strong></span> <span class='ocrx_word' id='word_1_547' title='bbox 3188 2984 3276 3056; x_wconf 78' lang='lat' dir='ltr'><strong><em>qui</em></strong></span> <span class='ocrx_word' id='word_1_548' title='bbox 3303 2995 3446 3041; x_wconf 84' lang='lat' dir='ltr'><strong><em>retro</em></strong></span> <span class='ocrx_word' id='word_1_549' title='bbox 3481 2986 3682 3049; x_wconf 79' lang='lat' dir='ltr'><strong><em>oderant,</em></strong></span> 
     </span>
    </p>
   </div>
   <div class='ocr_carea' id='block_1_80' title="bbox 2113 3056 3349 3130">
    <p class='ocr_par' dir='ltr' id='par_1_80' title="bbox 2113 3056 3349 3130">
     <span class='ocr_line' id='line_1_80' title="bbox 2113 3056 3349 3130; baseline -0.002 -18"><span class='ocrx_word' id='word_1_550' title='bbox 2113 3059 2152 3112; x_wconf 91' lang='lat' dir='ltr'><strong><em>i.</em></strong></span> <span class='ocrx_word' id='word_1_551' title='bbox 2184 3074 2235 3114; x_wconf 76' lang='grc' dir='ltr'><strong><em>ρ’.</em></strong></span> <span class='ocrx_word' id='word_1_552' title='bbox 2267 3062 2356 3130; x_wconf 90' lang='lat' dir='ltr'><strong><em>qui</em></strong></span> <span class='ocrx_word' id='word_1_553' title='bbox 2377 3058 2607 3114; x_wconf 87' lang='lat' dir='ltr'><strong><em>antehac</em></strong></span> <span class='ocrx_word' id='word_1_554' title='bbox 2636 3056 2878 3130; x_wconf 84' lang='lat' dir='ltr'><strong><em>oderant.</em></strong></span> <span class='ocrx_word' id='word_1_555' title='bbox 2920 3056 3010 3111; x_wconf 79' lang='lat' dir='ltr'><strong><em>Sic</em></strong></span> <span class='ocrx_word' id='word_1_556' title='bbox 3030 3060 3349 3130; x_wconf 75' lang='lat' dir='ltr'><strong><em>szepissime.</em></strong></span> 
     </span>
    </p>
   </div>
   <div class='ocr_carea' id='block_1_81' title="bbox 2186 3126 3680 3199">
    <p class='ocr_par' dir='ltr' id='par_1_81' title="bbox 2186 3126 3680 3199">
     <span class='ocr_line' id='line_1_81' title="bbox 2186 3126 3680 3199; baseline -0.001 -16"><span class='ocrx_word' id='word_1_557' title='bbox 2186 3126 2513 3197; x_wconf 66' lang='lat' dir='ltr'><strong><em>Reinosroa,</em></strong></span> <span class='ocrx_word' id='word_1_558' title='bbox 2558 3128 2649 3197; x_wconf 87' lang='lat' dir='ltr'><strong><em>qui</em></strong></span> <span class='ocrx_word' id='word_1_559' title='bbox 2674 3129 2841 3199; x_wconf 81' lang='lat' dir='ltr'><strong><em>magis</em></strong></span> <span class='ocrx_word' id='word_1_560' title='bbox 2892 3135 3055 3199; x_wconf 91' lang='lat' dir='ltr'><strong><em>retro,</em></strong></span> <span class='ocrx_word' id='word_1_561' title='bbox 3101 3128 3138 3181; x_wconf 91' lang='lat' dir='ltr'><strong><em>i.</em></strong></span> <span class='ocrx_word' id='word_1_562' title='bbox 3179 3144 3230 3182; x_wconf 87' lang='lat' dir='ltr'><strong><em>c.</em></strong></span> <span class='ocrx_word' id='word_1_563' title='bbox 3259 3130 3542 3193; x_wconf 76' lang='lat' dir='ltr'><strong><em>vetustior,</em></strong></span> <span class='ocrx_word' id='word_1_564' title='bbox 3570 3126 3680 3183; x_wconf 85' lang='lat' dir='ltr'><strong><em>anti-</em></strong></span> 
     </span>
    </p>
   </div>
   <div class='ocr_carea' id='block_1_82' title="bbox 418 3198 3681 3273">
    <p class='ocr_par' dir='ltr' id='par_1_82' title="bbox 418 3198 3681 3273">
     <span class='ocr_line' id='line_1_82' title="bbox 418 3198 3681 3273; baseline -0.002 -16"><span class='ocrx_word' id='word_1_565' title='bbox 418 3204 462 3270; x_wconf 51' lang='grc' dir='ltr'>ᾖ</span> <span class='ocrx_word' id='word_1_566' title='bbox 495 3198 633 3257; x_wconf 66' lang='lat' dir='ltr'><strong><em>Res.</em></strong></span> <span class='ocrx_word' id='word_1_567' title='bbox 655 3202 723 3268; x_wconf 90' lang='lat' dir='ltr'><strong><em>ll,</em></strong></span> <span class='ocrx_word' id='word_1_568' title='bbox 754 3202 893 3259; x_wconf 78' lang='grc'>1052</span> <span class='ocrx_word' id='word_1_569' title='bbox 920 3203 985 3267; x_wconf 86' lang='grc' dir='ltr'><strong><em>Λ,</em></strong></span> <span class='ocrx_word' id='word_1_570' title='bbox 1019 3200 1100 3256; x_wconf 89' lang='lat' dir='ltr'><strong><em>Sit</em></strong></span> <span class='ocrx_word' id='word_1_571' title='bbox 1127 3218 1261 3256; x_wconf 85' lang='lat' dir='ltr'><strong><em>nunc</em></strong></span> <span class='ocrx_word' id='word_1_572' title='bbox 1286 3200 1492 3273; x_wconf 73' lang='lat' dir='ltr'><strong><em>aliunde</em></strong></span> <span class='ocrx_word' id='word_1_573' title='bbox 1517 3219 1617 3268; x_wconf 85' lang='lat' dir='ltr'><strong><em>res,</em></strong></span> <span class='ocrx_word' id='word_1_574' title='bbox 1637 3218 1778 3258; x_wconf 91' lang='lat' dir='ltr'><strong><em>nunc</em></strong></span> <span class='ocrx_word' id='word_1_575' title='bbox 1793 3203 2008 3260; x_wconf 87' lang='lat' dir='ltr'><strong><em>aliunde</em></strong></span> <span class='ocrx_word' id='word_1_576' title='bbox 2034 3208 2079 3273; x_wconf 75' lang='grc' dir='ltr'><strong><em>ς,</em></strong></span> <span class='ocrx_word' id='word_1_577' title='bbox 2113 3202 2269 3271; x_wconf 86' lang='lat' dir='ltr'><strong><em>quior</em></strong></span> <span class='ocrx_word' id='word_1_578' title='bbox 2305 3212 2405 3257; x_wconf 91' lang='lat' dir='ltr'><strong><em>est.</em></strong></span> <span class='ocrx_word' id='word_1_579' title='bbox 2449 3201 2490 3273; x_wconf 81' lang='grc'><strong>1,</strong></span> <span class='ocrx_word' id='word_1_580' title='bbox 2523 3200 2627 3273; x_wconf 70' lang='grc'><strong><em>587</em></strong></span> <span class='ocrx_word' id='word_1_581' title='bbox 2670 3201 2737 3273; x_wconf 82' lang='grc' dir='ltr'><strong><em>Α,</em></strong></span> <span class='ocrx_word' id='word_1_582' title='bbox 2776 3198 3163 3273; x_wconf 73' lang='lat' dir='ltr'><strong><em>Extremissimi</em></strong></span> <span class='ocrx_word' id='word_1_583' title='bbox 3186 3209 3355 3254; x_wconf 82' lang='lat' dir='ltr'><strong><em>tamen</em></strong></span> <span class='ocrx_word' id='word_1_584' title='bbox 3392 3217 3563 3255; x_wconf 78' lang='lat' dir='ltr'><strong><em>eorum</em></strong></span> <span class='ocrx_word' id='word_1_585' title='bbox 3599 3214 3681 3273; x_wconf 78' lang='lat' dir='ltr'><strong><em>non</em></strong></span> 
     </span>
    </p>
   </div>
   <div class='ocr_carea' id='block_1_83' title="bbox 418 3271 2004 3345">
    <p class='ocr_par' dir='ltr' id='par_1_83' title="bbox 418 3271 2004 3345">
     <span class='ocr_line' id='line_1_83' title="bbox 418 3271 2004 3345; baseline 0.001 -17"><span class='ocrx_word' id='word_1_586' title='bbox 418 3284 729 3344; x_wconf 75' lang='lat' dir='ltr'><strong><em>argumenta</em></strong></span> <span class='ocrx_word' id='word_1_587' title='bbox 762 3284 1026 3343; x_wconf 85' lang='lat' dir='ltr'><strong><em>petantur,</em></strong></span> <span class='ocrx_word' id='word_1_588' title='bbox 1060 3282 1395 3329; x_wconf 89' lang='lat' dir='ltr'><strong><em>transeamus</em></strong></span> <span class='ocrx_word' id='word_1_589' title='bbox 1421 3271 1487 3327; x_wconf 86' lang='lat' dir='ltr'><strong><em>ad</em></strong></span> <span class='ocrx_word' id='word_1_590' title='bbox 1515 3273 1615 3327; x_wconf 89' lang='lat' dir='ltr'><strong><em>alia</em></strong></span> <span class='ocrx_word' id='word_1_591' title='bbox 1656 3285 2004 3345; x_wconf 83' lang='lat' dir='ltr'><strong><em>argumenta,</em></strong></span> 
     </span>
    </p>
   </div>
   <div class='ocr_carea' id='block_1_84' title="bbox 416 3345 890 3415">
    <p class='ocr_par' dir='ltr' id='par_1_84' title="bbox 416 3345 890 3415">
     <span class='ocr_line' id='line_1_84' title="bbox 416 3345 890 3415; baseline -0.002 -15"><span class='ocrx_word' id='word_1_592' title='bbox 416 3345 632 3400; x_wconf 86' lang='lat' dir='ltr'><strong><em>aliunde</em></strong></span> <span class='ocrx_word' id='word_1_593' title='bbox 659 3353 890 3415; x_wconf 89' lang='lat' dir='ltr'><strong><em>sumpta.</em></strong></span> 
     </span>
    </p>
   </div>
   <div class='ocr_carea' id='block_1_85' title="bbox 491 3413 2007 3487">
    <p class='ocr_par' dir='ltr' id='par_1_85' title="bbox 491 3413 2007 3487">
     <span class='ocr_line' id='line_1_85' title="bbox 491 3413 2007 3487; baseline 0.001 -16"><span class='ocrx_word' id='word_1_594' title='bbox 491 3413 864 3471; x_wconf 75' lang='lat' dir='ltr'><strong><em>ReschrEnc.</em></strong></span> <span class='ocrx_word' id='word_1_595' title='bbox 922 3413 987 3476; x_wconf 86' lang='lat' dir='ltr'><strong><em>ll.</em></strong></span> <span class='ocrx_word' id='word_1_596' title='bbox 1038 3414 1144 3471; x_wconf 77' lang='grc'>959</span> <span class='ocrx_word' id='word_1_597' title='bbox 1171 3415 1230 3481; x_wconf 86' lang='lat' dir='ltr'><strong><em>C,</em></strong></span> <span class='ocrx_word' id='word_1_598' title='bbox 1256 3413 1403 3487; x_wconf 82' lang='lat' dir='ltr'><strong><em>Nam</em></strong></span> <span class='ocrx_word' id='word_1_599' title='bbox 1425 3423 1471 3487; x_wconf 83' lang='lat' dir='ltr'><strong><em>et</em></strong></span> <span class='ocrx_word' id='word_1_600' title='bbox 1524 3415 1719 3486; x_wconf 86' lang='lat' dir='ltr'><strong><em>primus</em></strong></span> <span class='ocrx_word' id='word_1_601' title='bbox 1786 3417 2007 3487; x_wconf 82' lang='lat' dir='ltr'><strong><em>papulas</em></strong></span> 
     </span>
    </p>
   </div>
   <div class='ocr_carea' id='block_1_86' title="bbox 417 3486 2004 3557">
    <p class='ocr_par' dir='ltr' id='par_1_86' title="bbox 417 3486 2004 3557">
     <span class='ocr_line' id='line_1_86' title="bbox 417 3486 2004 3557; baseline 0.003 -18"><span class='ocrx_word' id='word_1_602' title='bbox 417 3490 569 3556; x_wconf 82' lang='lat' dir='ltr'><strong><em>primi</em></strong></span> <span class='ocrx_word' id='word_1_603' title='bbox 593 3489 811 3541; x_wconf 81' lang='lat' dir='ltr'><strong><em>hominis</em></strong></span> <span class='ocrx_word' id='word_1_604' title='bbox 835 3487 1169 3556; x_wconf 85' lang='lat' dir='ltr'><strong><em>resculpserat</em></strong></span> <span class='ocrx_word' id='word_1_605' title='bbox 1190 3486 1395 3541; x_wconf 88' lang='lat' dir='ltr'><strong><em>crimen.</em></strong></span> <span class='ocrx_word' id='word_1_606' title='bbox 1423 3486 1704 3557; x_wconf 75' lang='lat' dir='ltr'><strong><em>Augustin.</em></strong></span> <span class='ocrx_word' id='word_1_607' title='bbox 1731 3486 1793 3541; x_wconf 87' lang='lat' dir='ltr'><strong><em>in</em></strong></span> <span class='ocrx_word' id='word_1_608' title='bbox 1809 3486 2004 3544; x_wconf 71' lang='lat' dir='ltr'><strong><em>PSaIm.</em></strong></span> 
     </span>
    </p>
   </div>
   <div class='ocr_carea' id='block_1_87' title="bbox 418 3557 2003 3625">
    <p class='ocr_par' dir='ltr' id='par_1_87' title="bbox 418 3557 2003 3625">
     <span class='ocr_line' id='line_1_87' title="bbox 418 3557 2003 3625; baseline 0 -12"><span class='ocrx_word' id='word_1_609' title='bbox 418 3558 487 3613; x_wconf 82' lang='lat' dir='ltr'><strong><em>Vl</em></strong></span> <span class='ocrx_word' id='word_1_610' title='bbox 514 3576 527 3613; x_wconf 91' lang='lat'><strong>:</strong></span> <span class='ocrx_word' id='word_1_611' title='bbox 575 3557 715 3611; x_wconf 86' lang='lat' dir='ltr'><strong><em>Dum</em></strong></span> <span class='ocrx_word' id='word_1_612' title='bbox 743 3558 875 3612; x_wconf 85' lang='lat' dir='ltr'><strong><em>enim</em></strong></span> <span class='ocrx_word' id='word_1_613' title='bbox 915 3574 1006 3611; x_wconf 88' lang='lat' dir='ltr'><strong><em>nos</em></strong></span> <span class='ocrx_word' id='word_1_614' title='bbox 1044 3558 1397 3625; x_wconf 84' lang='lat' dir='ltr'><strong><em>convertimus,</em></strong></span> <span class='ocrx_word' id='word_1_615' title='bbox 1422 3559 1475 3610; x_wconf 87' lang='lat' dir='ltr'><strong><em>id</em></strong></span> <span class='ocrx_word' id='word_1_616' title='bbox 1519 3568 1589 3612; x_wconf 84' lang='lat' dir='ltr'><strong><em>est</em></strong></span> <span class='ocrx_word' id='word_1_617' title='bbox 1620 3560 1898 3613; x_wconf 88' lang='lat' dir='ltr'><strong><em>mutatione</em></strong></span> <span class='ocrx_word' id='word_1_618' title='bbox 1919 3576 2003 3613; x_wconf 81' lang='lat' dir='ltr'><strong><em>ve-</em></strong></span> 
     </span>
    </p>
   </div>
   <div class='ocr_carea' id='block_1_88' title="bbox 416 3628 2004 3699">
    <p class='ocr_par' dir='ltr' id='par_1_88' title="bbox 416 3628 2004 3699">
     <span class='ocr_line' id='line_1_88' title="bbox 416 3628 2004 3699; baseline 0.002 -18"><span class='ocrx_word' id='word_1_619' title='bbox 416 3631 535 3699; x_wconf 78' lang='lat' dir='ltr'><strong><em>teris</em></strong></span> <span class='ocrx_word' id='word_1_620' title='bbox 592 3631 707 3699; x_wconf 61' lang='lat' dir='ltr'><strong><em>vita;</em></strong></span> <span class='ocrx_word' id='word_1_621' title='bbox 754 3628 1086 3698; x_wconf 87' lang='lat' dir='ltr'><strong><em>resculpimus</em></strong></span> <span class='ocrx_word' id='word_1_622' title='bbox 1113 3628 1368 3699; x_wconf 85' lang='lat' dir='ltr'><strong><em>spiritum.</em></strong></span> <span class='ocrx_word' id='word_1_623' title='bbox 1405 3629 1628 3683; x_wconf 75' lang='lat' dir='ltr'><strong><em>Rufinus</em></strong></span> <span class='ocrx_word' id='word_1_624' title='bbox 1658 3630 1708 3681; x_wconf 92' lang='lat' dir='ltr'><strong><em>in</em></strong></span> <span class='ocrx_word' id='word_1_625' title='bbox 1754 3629 2004 3684; x_wconf 89' lang='lat' dir='ltr'><strong><em>eumdem</em></strong></span> 
     </span>
    </p>
   </div>
   <div class='ocr_carea' id='block_1_89' title="bbox 416 3698 2006 3771">
    <p class='ocr_par' dir='ltr' id='par_1_89' title="bbox 416 3698 2006 3771">
     <span class='ocr_line' id='line_1_89' title="bbox 416 3698 2006 3771; baseline 0.002 -18"><span class='ocrx_word' id='word_1_626' title='bbox 416 3698 614 3754; x_wconf 82' lang='lat' dir='ltr'><strong><em>Psalm.</em></strong></span> <span class='ocrx_word' id='word_1_627' title='bbox 634 3698 821 3771; x_wconf 45' lang='lat' dir='ltr'><strong><em>:.Dum</em></strong></span> <span class='ocrx_word' id='word_1_628' title='bbox 853 3698 1208 3771; x_wconf 81' lang='lat' dir='ltr'><strong><em>convertimur,</em></strong></span> <span class='ocrx_word' id='word_1_629' title='bbox 1240 3700 1295 3754; x_wconf 88' lang='lat' dir='ltr'><strong><em>id</em></strong></span> <span class='ocrx_word' id='word_1_630' title='bbox 1331 3708 1425 3768; x_wconf 89' lang='lat' dir='ltr'><strong><em>est,</em></strong></span> <span class='ocrx_word' id='word_1_631' title='bbox 1457 3701 1577 3754; x_wconf 90' lang='lat' dir='ltr'><strong><em>dum</em></strong></span> <span class='ocrx_word' id='word_1_632' title='bbox 1614 3702 2006 3756; x_wconf 85' lang='lat' dir='ltr'><strong><em>commutatione</em></strong></span> 
     </span>
    </p>
   </div>
   <div class='ocr_carea' id='block_1_90' title="bbox 411 3769 1104 3840">
    <p class='ocr_par' dir='ltr' id='par_1_90' title="bbox 411 3769 1104 3840">
     <span class='ocr_line' id='line_1_90' title="bbox 411 3769 1104 3840; baseline 0.001 -14"><span class='ocrx_word' id='word_1_633' title='bbox 411 3773 590 3826; x_wconf 78' lang='lat' dir='ltr'><strong><em>veteris</em></strong></span> <span class='ocrx_word' id='word_1_634' title='bbox 612 3769 724 3826; x_wconf 72' lang='lat' dir='ltr'><strong><em>vita:</em></strong></span> <span class='ocrx_word' id='word_1_635' title='bbox 748 3769 1104 3840; x_wconf 89' lang='lat' dir='ltr'><strong><em>resculpimur.</em></strong></span> 
     </span>
    </p>
   </div>
   <div class='ocr_carea' id='block_1_91' title="bbox 491 3842 2003 3913">
    <p class='ocr_par' dir='ltr' id='par_1_91' title="bbox 491 3842 2003 3913">
     <span class='ocr_line' id='line_1_91' title="bbox 491 3842 2003 3913; baseline 0.003 -18"><span class='ocrx_word' id='word_1_636' title='bbox 491 3842 796 3909; x_wconf 70' lang='lat' dir='ltr'><strong><em>Ilesemae,</em></strong></span> <span class='ocrx_word' id='word_1_637' title='bbox 831 3854 837 3860; x_wconf 85' lang='lat'>&#39;</span> <span class='ocrx_word' id='word_1_638' title='bbox 871 3842 1120 3912; x_wconf 82' lang='lat' dir='ltr'><strong><em>frangere</em></strong></span> <span class='ocrx_word' id='word_1_639' title='bbox 1185 3851 1240 3899; x_wconf 89' lang='lat' dir='ltr'><strong><em>et</em></strong></span> <span class='ocrx_word' id='word_1_640' title='bbox 1290 3843 1521 3913; x_wconf 87' lang='lat' dir='ltr'><strong><em>aperire.</em></strong></span> <span class='ocrx_word' id='word_1_641' title='bbox 1554 3842 1596 3906; x_wconf 89' lang='grc' dir='ltr'><strong>Ι,</strong></span> <span class='ocrx_word' id='word_1_642' title='bbox 1638 3842 1744 3899; x_wconf 75' lang='lat'><strong><em>508</em></strong></span> <span class='ocrx_word' id='word_1_643' title='bbox 1775 3844 1841 3910; x_wconf 85' lang='lat' dir='ltr'><strong><em>A,</em></strong></span> <span class='ocrx_word' id='word_1_644' title='bbox 1874 3842 2003 3911; x_wconf 81' lang='lat' dir='ltr'><strong><em>Quis</em></strong></span> 
     </span>
    </p>
   </div>
   <div class='ocr_carea' id='block_1_92' title="bbox 415 3914 2004 3986">
    <p class='ocr_par' dir='ltr' id='par_1_92' title="bbox 415 3914 2004 3986">
     <span class='ocr_line' id='line_1_92' title="bbox 415 3914 2004 3986; baseline 0.001 -18"><span class='ocrx_word' id='word_1_645' title='bbox 415 3925 688 3969; x_wconf 88' lang='lat' dir='ltr'><strong><em>cruenta...</em></strong></span> <span class='ocrx_word' id='word_1_646' title='bbox 721 3931 811 3969; x_wconf 87' lang='lat' dir='ltr'><strong><em>ora</em></strong></span> <span class='ocrx_word' id='word_1_647' title='bbox 825 3915 993 3986; x_wconf 84' lang='lat' dir='ltr'><strong><em>judici</em></strong></span> <span class='ocrx_word' id='word_1_648' title='bbox 1023 3916 1277 3980; x_wconf 87' lang='lat' dir='ltr'><strong><em>reseravit,</em></strong></span> <span class='ocrx_word' id='word_1_649' title='bbox 1302 3915 1339 3969; x_wconf 69' lang='grc' dir='ltr'><strong><em>ἰν.</em></strong></span> <span class='ocrx_word' id='word_1_650' title='bbox 1372 3932 1416 3969; x_wconf 91' lang='lat' dir='ltr'><strong><em>e.</em></strong></span> <span class='ocrx_word' id='word_1_651' title='bbox 1455 3915 1680 3969; x_wconf 88' lang='lat' dir='ltr'><strong><em>ferinum</em></strong></span> <span class='ocrx_word' id='word_1_652' title='bbox 1711 3914 1858 3986; x_wconf 89' lang='lat' dir='ltr'><strong><em>illum</em></strong></span> <span class='ocrx_word' id='word_1_653' title='bbox 1908 3916 2004 3970; x_wconf 84' lang='lat' dir='ltr'><strong><em>lio-</em></strong></span> 
     </span>
    </p>
   </div>
   <div class='ocr_carea' id='block_1_93' title="bbox 418 3985 2001 4057">
    <p class='ocr_par' dir='ltr' id='par_1_93' title="bbox 418 3985 2001 4057">
     <span class='ocr_line' id='line_1_93' title="bbox 418 3985 2001 4057; baseline 0.002 -18"><span class='ocrx_word' id='word_1_654' title='bbox 418 3986 579 4039; x_wconf 81' lang='lat' dir='ltr'><strong><em>minis</em></strong></span> <span class='ocrx_word' id='word_1_655' title='bbox 619 3986 810 4041; x_wconf 76' lang='lat' dir='ltr'><strong><em>bellua:</em></strong></span> <span class='ocrx_word' id='word_1_656' title='bbox 828 3985 1028 4057; x_wconf 33' lang='lat' dir='ltr'><strong><em>’similis</em></strong></span> <span class='ocrx_word' id='word_1_657' title='bbox 1070 3987 1282 4057; x_wconf 83' lang='lat' dir='ltr'><strong><em>rictum,</em></strong></span> <span class='ocrx_word' id='word_1_658' title='bbox 1329 3986 1567 4043; x_wconf 88' lang='lat' dir='ltr'><strong><em>dentium</em></strong></span> <span class='ocrx_word' id='word_1_659' title='bbox 1625 3985 1812 4041; x_wconf 91' lang='lat' dir='ltr'><strong><em>ordine</em></strong></span> <span class='ocrx_word' id='word_1_660' title='bbox 1849 3986 2001 4057; x_wconf 89' lang='lat' dir='ltr'><strong><em>quasi</em></strong></span> 
     </span>
    </p>
   </div>
   <div class='ocr_carea' id='block_1_94' title="bbox 414 4056 2003 4128">
    <p class='ocr_par' dir='ltr' id='par_1_94' title="bbox 414 4056 2003 4128">
     <span class='ocr_line' id='line_1_94' title="bbox 414 4056 2003 4128; baseline 0.002 -19"><span class='ocrx_word' id='word_1_661' title='bbox 414 4070 558 4128; x_wconf 88' lang='lat' dir='ltr'><strong><em>sera_</em></strong></span> <span class='ocrx_word' id='word_1_662' title='bbox 588 4058 847 4128; x_wconf 80' lang='lat' dir='ltr'><strong><em>clausum,</em></strong></span> <span class='ocrx_word' id='word_1_663' title='bbox 897 4056 948 4109; x_wconf 89' lang='lat' dir='ltr'><strong><em>vi</em></strong></span> <span class='ocrx_word' id='word_1_664' title='bbox 991 4056 1299 4128; x_wconf 79' lang='lat' dir='ltr'><strong><em>dilfractum</em></strong></span> <span class='ocrx_word' id='word_1_665' title='bbox 1332 4067 1386 4112; x_wconf 91' lang='lat' dir='ltr'><strong><em>et</em></strong></span> <span class='ocrx_word' id='word_1_666' title='bbox 1431 4068 1697 4126; x_wconf 85' lang='lat' dir='ltr'><strong><em>opertum,</em></strong></span> <span class='ocrx_word' id='word_1_667' title='bbox 1730 4056 2003 4128; x_wconf 87' lang='lat' dir='ltr'><strong><em>quomodo</em></strong></span> 
     </span>
    </p>
   </div>
   <div class='ocr_carea' id='block_1_95' title="bbox 415 4125 1999 4196">
    <p class='ocr_par' dir='ltr' id='par_1_95' title="bbox 415 4125 1999 4196">
     <span class='ocr_line' id='line_1_95' title="bbox 415 4125 1999 4196; baseline 0.002 -16"><span class='ocrx_word' id='word_1_668' title='bbox 415 4125 651 4180; x_wconf 89' lang='lat' dir='ltr'><strong><em>nondum</em></strong></span> <span class='ocrx_word' id='word_1_669' title='bbox 683 4126 748 4180; x_wconf 89' lang='lat' dir='ltr'><strong><em>ad</em></strong></span> <span class='ocrx_word' id='word_1_670' title='bbox 785 4126 1116 4181; x_wconf 81' lang='lat' dir='ltr'><strong><em>stomachum</em></strong></span> <span class='ocrx_word' id='word_1_671' title='bbox 1147 4129 1322 4183; x_wconf 80' lang='lat' dir='ltr'><strong><em>missa:</em></strong></span> <span class='ocrx_word' id='word_1_672' title='bbox 1355 4125 1629 4196; x_wconf 80' lang='lat' dir='ltr'><strong><em>particula:</em></strong></span> <span class='ocrx_word' id='word_1_673' title='bbox 1679 4125 1857 4183; x_wconf 80' lang='lat' dir='ltr'><strong><em>carnis</em></strong></span> <span class='ocrx_word' id='word_1_674' title='bbox 1900 4128 1999 4183; x_wconf 83' lang='lat' dir='ltr'><strong><em>liu-</em></strong></span> 
     </span>
    </p>
   </div>
   <div class='ocr_carea' id='block_1_96' title="bbox 418 4197 1941 4267">
    <p class='ocr_par' dir='ltr' id='par_1_96' title="bbox 418 4197 1941 4267">
     <span class='ocr_line' id='line_1_96' title="bbox 418 4197 1941 4267; baseline 0.001 -16"><span class='ocrx_word' id='word_1_675' title='bbox 418 4213 591 4251; x_wconf 72' lang='lat' dir='ltr'><strong><em>maua:</em></strong></span> <span class='ocrx_word' id='word_1_676' title='bbox 620 4197 669 4250; x_wconf 88' lang='lat' dir='ltr'><strong><em>&#39;ru</em></strong></span> <span class='ocrx_word' id='word_1_677' title='bbox 693 4212 788 4252; x_wconf 89' lang='lat' dir='ltr'><strong><em>ore</em></strong></span> <span class='ocrx_word' id='word_1_678' title='bbox 813 4197 1300 4267; x_wconf 82' lang='lat' dir='ltr'><strong><em>deprehendantur.</em></strong></span> <span class='ocrx_word' id='word_1_679' title='bbox 1934 4264 1941 4265; x_wconf 18' lang='grc' dir='ltr'><em>γ</em></span> 
     </span>
    </p>
   </div>
   <div class='ocr_carea' id='block_1_97' title="bbox 418 4268 2010 4339">
    <p class='ocr_par' dir='ltr' id='par_1_97' title="bbox 418 4268 2010 4339">
     <span class='ocr_line' id='line_1_97' title="bbox 418 4268 2010 4339; baseline 0.004 -18"><span class='ocrx_word' id='word_1_680' title='bbox 418 4271 466 4337; x_wconf 60' lang='grc' dir='ltr'><strong><em>νε.</em></strong></span> <span class='ocrx_word' id='word_1_681' title='bbox 493 4268 819 4335; x_wconf 66' lang='lat' dir='ltr'><strong><em>Rnsneaane,</em></strong></span> <span class='ocrx_word' id='word_1_682' title='bbox 842 4268 1069 4338; x_wconf 78' lang='lat' dir='ltr'><strong><em>aperire,</em></strong></span> <span class='ocrx_word' id='word_1_683' title='bbox 1113 4268 1411 4339; x_wconf 78' lang='lat' dir='ltr'><strong><em>effringere.</em></strong></span> <span class='ocrx_word' id='word_1_684' title='bbox 1442 4268 1483 4336; x_wconf 91' lang='grc'>1,</span> <span class='ocrx_word' id='word_1_685' title='bbox 1516 4269 1622 4325; x_wconf 76' lang='grc'><strong><em>505</em></strong></span> <span class='ocrx_word' id='word_1_686' title='bbox 1660 4271 1726 4336; x_wconf 89' lang='lat' dir='ltr'><strong><em>A,</em></strong></span> <span class='ocrx_word' id='word_1_687' title='bbox 1775 4270 1851 4325; x_wconf 90' lang='lat' dir='ltr'><strong><em>Ob</em></strong></span> <span class='ocrx_word' id='word_1_688' title='bbox 1886 4273 2010 4327; x_wconf 85' lang='lat' dir='ltr'><strong><em>resi-</em></strong></span> 
     </span>
    </p>
   </div>
   <div class='ocr_carea' id='block_1_98' title="bbox 424 4341 2005 4411">
    <p class='ocr_par' dir='ltr' id='par_1_98' title="bbox 424 4341 2005 4411">
     <span class='ocr_line' id='line_1_98' title="bbox 424 4341 2005 4411; baseline 0.005 -20"><span class='ocrx_word' id='word_1_689' title='bbox 424 4350 633 4409; x_wconf 84' lang='lat' dir='ltr'><strong><em>gnantes</em></strong></span> <span class='ocrx_word' id='word_1_690' title='bbox 658 4342 801 4395; x_wconf 76' lang='lat' dir='ltr'><strong><em>cella:</em></strong></span> <span class='ocrx_word' id='word_1_691' title='bbox 838 4341 1048 4395; x_wconf 81' lang='lat' dir='ltr'><strong><em>vinaria:</em></strong></span> <span class='ocrx_word' id='word_1_692' title='bbox 1077 4341 1288 4395; x_wconf 86' lang='lat' dir='ltr'><strong><em>loculos.</em></strong></span> <span class='ocrx_word' id='word_1_693' title='bbox 1317 4341 1445 4396; x_wconf 88' lang='lat' dir='ltr'><strong><em>Sera</em></strong></span> <span class='ocrx_word' id='word_1_694' title='bbox 1478 4343 1622 4395; x_wconf 89' lang='lat' dir='ltr'><strong><em>enim</em></strong></span> <span class='ocrx_word' id='word_1_695' title='bbox 1645 4356 1751 4395; x_wconf 89' lang='lat' dir='ltr'><strong><em>non</em></strong></span> <span class='ocrx_word' id='word_1_696' title='bbox 1780 4352 2005 4411; x_wconf 90' lang='lat' dir='ltr'><strong><em>tantum,</em></strong></span> 
     </span>
    </p>
   </div>
   <div class='ocr_carea' id='block_1_99' title="bbox 425 4411 2008 4482">
    <p class='ocr_par' dir='ltr' id='par_1_99' title="bbox 425 4411 2008 4482">
     <span class='ocr_line' id='line_1_99' title="bbox 425 4411 2008 4482; baseline 0.003 -16"><span class='ocrx_word' id='word_1_697' title='bbox 425 4412 518 4466; x_wconf 84' lang='lat' dir='ltr'><strong><em>sed</em></strong></span> <span class='ocrx_word' id='word_1_698' title='bbox 550 4422 602 4466; x_wconf 92' lang='lat' dir='ltr'><strong><em>ct</em></strong></span> <span class='ocrx_word' id='word_1_699' title='bbox 633 4412 806 4482; x_wconf 77' lang='lat' dir='ltr'><strong><em>sigillo</em></strong></span> <span class='ocrx_word' id='word_1_700' title='bbox 828 4412 1143 4467; x_wconf 84' lang='lat' dir='ltr'><strong><em>muniebant</em></strong></span> <span class='ocrx_word' id='word_1_701' title='bbox 1170 4413 1351 4478; x_wconf 87' lang='lat' dir='ltr'><strong><em>cellas,</em></strong></span> <span class='ocrx_word' id='word_1_702' title='bbox 1379 4414 1428 4466; x_wconf 88' lang='lat' dir='ltr'><strong><em>in</em></strong></span> <span class='ocrx_word' id='word_1_703' title='bbox 1460 4411 1652 4481; x_wconf 90' lang='lat' dir='ltr'><strong><em>quibus</em></strong></span> <span class='ocrx_word' id='word_1_704' title='bbox 1683 4416 1802 4467; x_wconf 83' lang='lat' dir='ltr'><strong><em>vina</em></strong></span> <span class='ocrx_word' id='word_1_705' title='bbox 1830 4423 1884 4469; x_wconf 92' lang='lat' dir='ltr'><strong><em>et</em></strong></span> <span class='ocrx_word' id='word_1_706' title='bbox 1923 4431 2008 4471; x_wconf 87' lang='lat' dir='ltr'><strong><em>es-</em></strong></span> 
     </span>
    </p>
   </div>
   <div class='ocr_carea' id='block_1_100' title="bbox 421 4483 2003 4554">
    <p class='ocr_par' dir='ltr' id='par_1_100' title="bbox 421 4483 2003 4554">
     <span class='ocr_line' id='line_1_100' title="bbox 421 4483 2003 4554; baseline 0.002 -16"><span class='ocrx_word' id='word_1_707' title='bbox 421 4483 634 4538; x_wconf 88' lang='lat' dir='ltr'><strong><em>culeuta</em></strong></span> <span class='ocrx_word' id='word_1_708' title='bbox 666 4484 987 4539; x_wconf 83' lang='lat' dir='ltr'><strong><em>condebant.</em></strong></span> <span class='ocrx_word' id='word_1_709' title='bbox 1031 4484 1095 4547; x_wconf 90' lang='lat' dir='ltr'><strong><em>II,</em></strong></span> <span class='ocrx_word' id='word_1_710' title='bbox 1135 4484 1239 4539; x_wconf 84' lang='grc'>782</span> <span class='ocrx_word' id='word_1_711' title='bbox 1264 4484 1329 4545; x_wconf 83' lang='grc' dir='ltr'><strong><em>Λ,</em></strong></span> <span class='ocrx_word' id='word_1_712' title='bbox 1359 4483 1433 4554; x_wconf 80' lang='lat' dir='ltr'><strong><em>De</em></strong></span> <span class='ocrx_word' id='word_1_713' title='bbox 1461 4484 1697 4554; x_wconf 2' lang='lat' dir='ltr'><strong><em>terru,qid</em></strong></span> <span class='ocrx_word' id='word_1_714' title='bbox 1727 4494 1798 4538; x_wconf 83' lang='lat' dir='ltr'><strong><em>est</em></strong></span> <span class='ocrx_word' id='word_1_715' title='bbox 1832 4503 2003 4554; x_wconf 85' lang='lat' dir='ltr'><strong><em>carne,</em></strong></span> 
     </span>
    </p>
   </div>
   <div class='ocr_carea' id='block_1_101' title="bbox 418 4552 1982 4626">
    <p class='ocr_par' dir='ltr' id='par_1_101' title="bbox 418 4552 1982 4626">
     <span class='ocr_line' id='line_1_101' title="bbox 418 4552 1982 4626; baseline 0.003 -20"><span class='ocrx_word' id='word_1_716' title='bbox 418 4556 649 4609; x_wconf 89' lang='lat' dir='ltr'><strong><em>nondum</em></strong></span> <span class='ocrx_word' id='word_1_717' title='bbox 695 4556 1006 4626; x_wconf 86' lang='lat' dir='ltr'><strong><em>generationi</em></strong></span> <span class='ocrx_word' id='word_1_718' title='bbox 1040 4556 1312 4626; x_wconf 84' lang='lat' dir='ltr'><strong><em>resignata.</em></strong></span> <span class='ocrx_word' id='word_1_719' title='bbox 1367 4553 1428 4626; x_wconf 83' lang='lat' dir='ltr'><strong><em>ll,</em></strong></span> <span class='ocrx_word' id='word_1_720' title='bbox 1454 4555 1571 4626; x_wconf 80' lang='lat'><strong>578</strong></span> <span class='ocrx_word' id='word_1_721' title='bbox 1604 4552 1671 4619; x_wconf 87' lang='lat' dir='ltr'><strong><em>A,</em></strong></span> <span class='ocrx_word' id='word_1_722' title='bbox 1721 4554 1982 4611; x_wconf 86' lang='lat' dir='ltr'><strong><em>Jonatlmn</em></strong></span> 
     </span>
    </p>
   </div>
   <div class='ocr_carea' id='block_1_102' title="bbox 422 4600 2087 4706">
    <p class='ocr_par' dir='ltr' id='par_1_102' title="bbox 422 4600 2087 4706">
     <span class='ocr_line' id='line_1_102' title="bbox 422 4600 2087 4706; baseline 0.002 -27"><span class='ocrx_word' id='word_1_723' title='bbox 422 4627 586 4706; x_wconf 74' lang='lat' dir='ltr'><strong><em>filium</em></strong></span> <span class='ocrx_word' id='word_1_724' title='bbox 598 4600 804 4706; x_wconf 52' lang='grc' dir='ltr'><strong><em>ἔαξιὶε,</em></strong></span> <span class='ocrx_word' id='word_1_725' title='bbox 827 4628 1067 4697; x_wconf 84' lang='lat' dir='ltr'><strong><em>resignati</em></strong></span> <span class='ocrx_word' id='word_1_726' title='bbox 1087 4600 1272 4706; x_wconf 64' lang='lat' dir='ltr'><strong><em>jejunii</em></strong></span> <span class='ocrx_word' id='word_1_727' title='bbox 1304 4600 1888 4706; x_wconf 41' lang='lat' dir='ltr'><strong><em>(fitltt’ll-lllntlt’plft’CQIiOllc</em></strong></span> <span class='ocrx_word' id='word_1_728' title='bbox 1922 4600 2010 4683; x_wconf 56' lang='lat' dir='ltr'><strong><em>tle-’-</em></strong></span> <span class='ocrx_word' id='word_1_729' title='bbox 2031 4602 2087 4667; x_wconf 78' lang='lat' dir='ltr'><strong>D</strong></span> 
     </span>
    </p>
   </div>
   <div class='ocr_carea' id='block_1_103' title="bbox 424 4693 2009 4767">
    <p class='ocr_par' dir='ltr' id='par_1_103' title="bbox 424 4693 2009 4767">
     <span class='ocr_line' id='line_1_103' title="bbox 424 4693 2009 4767; baseline 0.003 -18"><span class='ocrx_word' id='word_1_730' title='bbox 424 4697 568 4751; x_wconf 72' lang='lat' dir='ltr'><strong><em>(esse.</em></strong></span> <span class='ocrx_word' id='word_1_731' title='bbox 598 4693 945 4767; x_wconf 75' lang='lat' dir='ltr'><strong><em>Resignatuni</em></strong></span> <span class='ocrx_word' id='word_1_732' title='bbox 975 4693 1417 4767; x_wconf 60' lang='lat' dir='ltr'><strong><em>vocat&#39;jojunium</em></strong></span> <span class='ocrx_word' id='word_1_733' title='bbox 1452 4693 1876 4767; x_wconf 78' lang='lat' dir='ltr'><strong><em>infringendum;</em></strong></span> <span class='ocrx_word' id='word_1_734' title='bbox 1910 4699 2009 4754; x_wconf 87' lang='lat' dir='ltr'><strong><em>de-</em></strong></span> 
     </span>
    </p>
   </div>
   <div class='ocr_carea' id='block_1_104' title="bbox 423 4766 2005 4840">
    <p class='ocr_par' dir='ltr' id='par_1_104' title="bbox 423 4766 2005 4840">
     <span class='ocr_line' id='line_1_104' title="bbox 423 4766 2005 4840; baseline 0.005 -23"><span class='ocrx_word' id='word_1_735' title='bbox 423 4767 575 4822; x_wconf 88' lang='lat' dir='ltr'><strong><em>derat</em></strong></span> <span class='ocrx_word' id='word_1_736' title='bbox 633 4766 1079 4840; x_wconf 81' lang='lat' dir='ltr'><strong><em>eniui_.lonatlias</em></strong></span> <span class='ocrx_word' id='word_1_737' title='bbox 1127 4766 1478 4840; x_wconf 69' lang='lat' dir='ltr'><strong><em>occasionem</em></strong></span> <span class='ocrx_word' id='word_1_738' title='bbox 1515 4766 1748 4840; x_wconf 59' lang='lat' dir='ltr'><strong><em>violandi</em></strong></span> <span class='ocrx_word' id='word_1_739' title='bbox 1797 4769 2005 4840; x_wconf 88' lang='lat' dir='ltr'><strong><em>jejuuii,</em></strong></span> 
     </span>
    </p>
   </div>
   <div class='ocr_carea' id='block_1_105' title="bbox 420 4835 2009 4901">
    <p class='ocr_par' dir='ltr' id='par_1_105' title="bbox 420 4835 2009 4901">
     <span class='ocr_line' id='line_1_105' title="bbox 420 4835 2009 4901; baseline 0.003 -9"><span class='ocrx_word' id='word_1_740' title='bbox 420 4850 542 4893; x_wconf 92' lang='lat' dir='ltr'><strong><em>cum</em></strong></span> <span class='ocrx_word' id='word_1_741' title='bbox 584 4838 689 4893; x_wconf 88' lang='lat' dir='ltr'><strong><em>mel</em></strong></span> <span class='ocrx_word' id='word_1_742' title='bbox 725 4837 804 4892; x_wconf 80' lang='lat' dir='ltr'><strong><em>ori</em></strong></span> <span class='ocrx_word' id='word_1_743' title='bbox 830 4852 929 4890; x_wconf 89' lang='lat' dir='ltr'><strong><em>suo</em></strong></span> <span class='ocrx_word' id='word_1_744' title='bbox 977 4836 1232 4891; x_wconf 87' lang='lat' dir='ltr'><strong><em>admovit.</em></strong></span> <span class='ocrx_word' id='word_1_745' title='bbox 1270 4836 1334 4901; x_wconf 87' lang='lat' dir='ltr'><strong><em>ll,</em></strong></span> <span class='ocrx_word' id='word_1_746' title='bbox 1381 4836 1485 4892; x_wconf 82' lang='lat' dir='ltr'><strong>8l9</strong></span> <span class='ocrx_word' id='word_1_747' title='bbox 1514 4835 1576 4901; x_wconf 90' lang='lat' dir='ltr'><strong><em>B,</em></strong></span> <span class='ocrx_word' id='word_1_748' title='bbox 1638 4835 1823 4893; x_wconf 77' lang='lat' dir='ltr'><strong><em>Veteris</em></strong></span> <span class='ocrx_word' id='word_1_749' title='bbox 1851 4835 2009 4896; x_wconf 54' lang='lat' dir='ltr'><strong><em>iesta;</em></strong></span> 
     </span>
    </p>
   </div>
   <div class='ocr_carea' id='block_1_106' title="bbox 423 4908 2007 4982">
    <p class='ocr_par' dir='ltr' id='par_1_106' title="bbox 423 4908 2007 4982">
     <span class='ocr_line' id='line_1_106' title="bbox 423 4908 2007 4982; baseline 0.004 -21"><span class='ocrx_word' id='word_1_750' title='bbox 423 4909 910 4982; x_wconf 78' lang='lat' dir='ltr'><strong><em>nicntircsignandi,</em></strong></span> <span class='ocrx_word' id='word_1_751' title='bbox 938 4917 991 4961; x_wconf 83' lang='lat' dir='ltr'><strong><em>ct</em></strong></span> <span class='ocrx_word' id='word_1_752' title='bbox 1012 4908 1131 4982; x_wconf 81' lang='lat' dir='ltr'><strong><em>novi</em></strong></span> <span class='ocrx_word' id='word_1_753' title='bbox 1155 4908 1528 4982; x_wconf 77' lang='lat' dir='ltr'><strong><em>conﬁrmandi,</em></strong></span> <span class='ocrx_word' id='word_1_754' title='bbox 1553 4910 1585 4961; x_wconf 94' lang='lat' dir='ltr'><strong><em>i.</em></strong></span> <span class='ocrx_word' id='word_1_755' title='bbox 1616 4925 1663 4963; x_wconf 93' lang='lat' dir='ltr'><strong><em>e.</em></strong></span> <span class='ocrx_word' id='word_1_756' title='bbox 1708 4912 2007 4981; x_wconf 73' lang='lat' dir='ltr'><strong><em>explicandi</em></strong></span> 
     </span>
    </p>
   </div>
   <div class='ocr_carea' id='block_1_107' title="bbox 423 4978 2009 5052">
    <p class='ocr_par' dir='ltr' id='par_1_107' title="bbox 423 4978 2009 5052">
     <span class='ocr_line' id='line_1_107' title="bbox 423 4978 2009 5052; baseline -0.001 -16"><span class='ocrx_word' id='word_1_757' title='bbox 423 4981 644 5052; x_wconf 76' lang='lat' dir='ltr'><strong><em>veteris,</em></strong></span> <span class='ocrx_word' id='word_1_758' title='bbox 673 4978 1276 5052; x_wconf 71' lang='lat' dir='ltr'><strong><em>etnoviconfirmandi.</em></strong></span> <span class='ocrx_word' id='word_1_759' title='bbox 1296 4978 1425 5033; x_wconf 81' lang='lat' dir='ltr'><strong><em>Nam</em></strong></span> <span class='ocrx_word' id='word_1_760' title='bbox 1458 4978 2009 5052; x_wconf 36' lang='lat' dir='ltr'><strong><em>testamenta-aperie-</em></strong></span> 
     </span>
    </p>
   </div>
   <div class='ocr_carea' id='block_1_108' title="bbox 362 5049 1905 5119">
    <p class='ocr_par' dir='ltr' id='par_1_108' title="bbox 362 5049 1905 5119">
     <span class='ocr_line' id='line_1_108' title="bbox 362 5049 1905 5119; baseline 0.001 -13"><span class='ocrx_word' id='word_1_761' title='bbox 362 5052 365 5055; x_wconf 69' lang='grc'>’</span> <span class='ocrx_word' id='word_1_762' title='bbox 420 5049 616 5106; x_wconf 84' lang='lat' dir='ltr'><strong><em>bantur</em></strong></span> <span class='ocrx_word' id='word_1_763' title='bbox 646 5049 1026 5119; x_wconf 79' lang='lat' dir='ltr'><strong><em>resignationc,</em></strong></span> <span class='ocrx_word' id='word_1_764' title='bbox 1055 5050 1456 5119; x_wconf 75' lang='lat' dir='ltr'><strong><em>consignatione</em></strong></span> <span class='ocrx_word' id='word_1_765' title='bbox 1481 5049 1905 5109; x_wconf 82' lang='lat' dir='ltr'><strong><em>stabilicbanttir.</em></strong></span> 
     </span>
    </p>
   </div>
   <div class='ocr_carea' id='block_1_109' title="bbox 496 5117 2005 5196">
    <p class='ocr_par' dir='ltr' id='par_1_109' title="bbox 496 5117 2005 5196">
     <span class='ocr_line' id='line_1_109' title="bbox 496 5117 2005 5196; baseline 0.003 -20"><span class='ocrx_word' id='word_1_766' title='bbox 496 5117 803 5196; x_wconf 58' lang='lat' dir='ltr'><strong><em>Essemus.</em></strong></span> <span class='ocrx_word' id='word_1_767' title='bbox 837 5120 898 5196; x_wconf 88' lang='lat' dir='ltr'><strong><em>l_l,</em></strong></span> <span class='ocrx_word' id='word_1_768' title='bbox 928 5121 1038 5196; x_wconf 82' lang='lat'><strong>906</strong></span> <span class='ocrx_word' id='word_1_769' title='bbox 1056 5117 1141 5196; x_wconf 84' lang='lat' dir='ltr'><strong><em>_C,_</em></strong></span> <span class='ocrx_word' id='word_1_770' title='bbox 1176 5117 1302 5196; x_wconf 72' lang='lat' dir='ltr'><strong><em>Qua:</em></strong></span> <span class='ocrx_word' id='word_1_771' title='bbox 1329 5122 1526 5196; x_wconf 82' lang='lat' dir='ltr'><strong><em>publice</em></strong></span> <span class='ocrx_word' id='word_1_772' title='bbox 1557 5134 1820 5196; x_wconf 76' lang='lat' dir='ltr'><strong><em>resonant,</em></strong></span> <span class='ocrx_word' id='word_1_773' title='bbox 1852 5127 2005 5196; x_wconf 82' lang='lat' dir='ltr'><strong><em>signo</em></strong></span> 
     </span>
    </p>
   </div>
   <div class='ocr_carea' id='block_1_110' title="bbox 412 5141 2005 5268">
    <p class='ocr_par' dir='ltr' id='par_1_110' title="bbox 412 5141 2005 5268">
     <span class='ocr_line' id='line_1_110' title="bbox 496 5141 2005 5196; baseline 0.003 -20"><span class='ocrx_word' id='word_1_774' title='bbox 496 5141 803 5176; x_wconf 71' lang='lat' dir='ltr'><strong><em>HESONARE.</em></strong></span> <span class='ocrx_word' id='word_1_775' title='bbox 837 5141 898 5189; x_wconf 84' lang='lat' dir='ltr'><strong><em>ll,</em></strong></span> <span class='ocrx_word' id='word_1_776' title='bbox 929 5141 1038 5176; x_wconf 72' lang='grc' dir='ltr'><strong><em>υυυ</em></strong></span> <span class='ocrx_word' id='word_1_777' title='bbox 1072 5141 1131 5185; x_wconf 74' lang='grc' dir='ltr'><strong><em>υ,</em></strong></span> <span class='ocrx_word' id='word_1_778' title='bbox 1176 5141 1302 5186; x_wconf 67' lang='lat' dir='ltr'><strong><em>una:</em></strong></span> <span class='ocrx_word' id='word_1_779' title='bbox 1365 5141 1526 5176; x_wconf 76' lang='grc' dir='ltr'><strong><em>υυιιεο</em></strong></span> <span class='ocrx_word' id='word_1_780' title='bbox 1564 5141 1820 5191; x_wconf 66' lang='grc' dir='ltr'><strong><em>νινδοηαηι,</em></strong></span> <span class='ocrx_word' id='word_1_781' title='bbox 1852 5141 2005 5196; x_wconf 75' lang='lat' dir='ltr'><strong><em>SlgllO</em></strong></span> 
     </span>
     <span class='ocr_line' id='line_1_111' title="bbox 412 5141 2005 5268; baseline 0.004 -22"><span class='ocrx_word' id='word_1_782' title='bbox 412 5192 539 5268; x_wconf 79' lang='lat' dir='ltr'><strong><em>dato</em></strong></span> <span class='ocrx_word' id='word_1_783' title='bbox 563 5194 683 5268; x_wconf 70' lang='lat' dir='ltr'><strong><em>tuba</em></strong></span> <span class='ocrx_word' id='word_1_784' title='bbox 712 5192 794 5268; x_wconf 77' lang='lat' dir='ltr'><strong><em>vel</em></strong></span> <span class='ocrx_word' id='word_1_785' title='bbox 824 5190 1201 5257; x_wconf 87' lang='lat' dir='ltr'><strong><em>tiutinnabulo,</em></strong></span> <span class='ocrx_word' id='word_1_786' title='bbox 1233 5194 1299 5249; x_wconf 88' lang='lat' dir='ltr'><strong><em>de</em></strong></span> <span class='ocrx_word' id='word_1_787' title='bbox 1327 5141 1472 5249; x_wconf 69' lang='lat' dir='ltr'><strong><em>lioris</em></strong></span> <span class='ocrx_word' id='word_1_788' title='bbox 1504 5193 1674 5251; x_wconf 88' lang='lat' dir='ltr'><strong><em>tribus</em></strong></span> <span class='ocrx_word' id='word_1_789' title='bbox 1700 5196 2005 5268; x_wconf 82' lang='lat' dir='ltr'><strong><em>insigniori-</em></strong></span> 
     </span>
    </p>
   </div>
   <div class='ocr_carea' id='block_1_111' title="bbox 405 5262 779 5327">
    <p class='ocr_par' dir='ltr' id='par_1_111' title="bbox 405 5262 779 5327">
     <span class='ocr_line' id='line_1_112' title="bbox 405 5262 779 5327; baseline -0.005 -8"><span class='ocrx_word' id='word_1_790' title='bbox 405 5264 509 5319; x_wconf 80' lang='lat' dir='ltr'><strong><em>bus</em></strong></span> <span class='ocrx_word' id='word_1_791' title='bbox 538 5262 779 5327; x_wconf 82' lang='lat' dir='ltr'><strong><em>publicis.</em></strong></span> 
     </span>
    </p>
   </div>
   <div class='ocr_carea' id='block_1_112' title="bbox 436 5334 1999 5417">
    <p class='ocr_par' dir='ltr' id='par_1_112' title="bbox 436 5334 1999 5417">
     <span class='ocr_line' id='line_1_113' title="bbox 436 5334 1999 5417; baseline 0.003 -28"><span class='ocrx_word' id='word_1_792' title='bbox 436 5407 447 5417; x_wconf 40' lang='lat'>.</span> <span class='ocrx_word' id='word_1_793' title='bbox 483 5334 947 5417; x_wconf 25' lang='lat' dir='ltr'><strong><em>llesraneeneall,</em></strong></span> <span class='ocrx_word' id='word_1_794' title='bbox 988 5334 1116 5392; x_wconf 80' lang='grc'>1001</span> <span class='ocrx_word' id='word_1_795' title='bbox 1151 5334 1214 5401; x_wconf 86' lang='lat' dir='ltr'><strong><em>C,</em></strong></span> <span class='ocrx_word' id='word_1_796' title='bbox 1250 5334 1480 5392; x_wconf 80' lang='lat' dir='ltr'><strong><em>Maculas</em></strong></span> <span class='ocrx_word' id='word_1_797' title='bbox 1514 5338 1694 5417; x_wconf 71' lang='lat' dir='ltr'><strong><em>carnis</em></strong></span> <span class='ocrx_word' id='word_1_798' title='bbox 1711 5349 1827 5417; x_wconf 82' lang='lat' dir='ltr'><strong><em>post</em></strong></span> <span class='ocrx_word' id='word_1_799' title='bbox 1872 5339 1999 5410; x_wconf 86' lang='lat' dir='ltr'><strong><em>bap-</em></strong></span> 
     </span>
    </p>
   </div>
   <div class='ocr_carea' id='block_1_113' title="bbox 409 5408 1996 5481">
    <p class='ocr_par' dir='ltr' id='par_1_113' title="bbox 409 5408 1996 5481">
     <span class='ocr_line' id='line_1_114' title="bbox 409 5408 1996 5481; baseline 0.006 -24"><span class='ocrx_word' id='word_1_800' title='bbox 409 5408 559 5481; x_wconf 78' lang='lat' dir='ltr'><strong><em>tisma</em></strong></span> <span class='ocrx_word' id='word_1_801' title='bbox 575 5422 840 5481; x_wconf 68' lang='lat' dir='ltr'><strong><em>respersa,</em></strong></span> <span class='ocrx_word' id='word_1_802' title='bbox 873 5408 908 5481; x_wconf 58' lang='grc' dir='ltr'><strong><em>ἰἴ</em></strong></span> <span class='ocrx_word' id='word_1_803' title='bbox 939 5423 988 5462; x_wconf 89' lang='lat' dir='ltr'><strong><em>c.</em></strong></span> <span class='ocrx_word' id='word_1_804' title='bbox 1018 5423 1204 5463; x_wconf 81' lang='lat' dir='ltr'><strong><em>rursus</em></strong></span> <span class='ocrx_word' id='word_1_805' title='bbox 1233 5422 1435 5481; x_wconf 65' lang='lat' dir='ltr'><strong><em>sparsa!</em></strong></span> <span class='ocrx_word' id='word_1_806' title='bbox 1474 5416 1529 5463; x_wconf 88' lang='lat' dir='ltr'><strong><em>et</em></strong></span> <span class='ocrx_word' id='word_1_807' title='bbox 1553 5408 1831 5466; x_wconf 74' lang='lat' dir='ltr'><strong><em>maculatm</em></strong></span> <span class='ocrx_word' id='word_1_808' title='bbox 1851 5454 1867 5481; x_wconf 89' lang='lat'><strong><em>,</em></strong></span> <span class='ocrx_word' id='word_1_809' title='bbox 1898 5408 1996 5467; x_wconf 87' lang='lat' dir='ltr'><strong><em>no-</em></strong></span> 
     </span>
    </p>
   </div>
   <div class='ocr_carea' id='block_1_114' title="bbox 404 5475 1453 5547">
    <p class='ocr_par' dir='ltr' id='par_1_114' title="bbox 404 5475 1453 5547">
     <span class='ocr_line' id='line_1_115' title="bbox 404 5475 1453 5547; baseline -0.001 -15"><span class='ocrx_word' id='word_1_810' title='bbox 404 5478 488 5532; x_wconf 86' lang='lat' dir='ltr'><strong><em>vis</em></strong></span> <span class='ocrx_word' id='word_1_811' title='bbox 513 5475 718 5531; x_wconf 90' lang='lat' dir='ltr'><strong><em>scilicet</em></strong></span> <span class='ocrx_word' id='word_1_812' title='bbox 748 5488 866 5547; x_wconf 90' lang='lat' dir='ltr'><strong><em>post</em></strong></span> <span class='ocrx_word' id='word_1_813' title='bbox 895 5479 1160 5535; x_wconf 87' lang='lat' dir='ltr'><strong><em>lavacrum</em></strong></span> <span class='ocrx_word' id='word_1_814' title='bbox 1190 5475 1453 5535; x_wconf 82' lang='lat' dir='ltr'><strong><em>sordibus.</em></strong></span> 
     </span>
    </p>
   </div>
   <div class='ocr_carea' id='block_1_115' title="bbox 481 5548 1999 5623">
    <p class='ocr_par' dir='ltr' id='par_1_115' title="bbox 481 5548 1999 5623">
     <span class='ocr_line' id='line_1_116' title="bbox 481 5548 1999 5623; baseline 0.005 -20"><span class='ocrx_word' id='word_1_815' title='bbox 481 5548 854 5623; x_wconf 68' lang='lat' dir='ltr'><strong><em>Besaosnean.</em></strong></span> <span class='ocrx_word' id='word_1_816' title='bbox 890 5550 1101 5623; x_wconf 72' lang='lat' dir='ltr'><strong><em>ll._255</em></strong></span> <span class='ocrx_word' id='word_1_817' title='bbox 1129 5551 1190 5615; x_wconf 82' lang='grc' dir='ltr'><strong><em>Β,</em></strong></span> <span class='ocrx_word' id='word_1_818' title='bbox 1227 5550 1506 5623; x_wconf 88' lang='lat' dir='ltr'><strong><em>lnformem</em></strong></span> <span class='ocrx_word' id='word_1_819' title='bbox 1545 5561 1591 5606; x_wconf 86' lang='lat' dir='ltr'><strong><em>et</em></strong></span> <span class='ocrx_word' id='word_1_820' title='bbox 1629 5553 1870 5608; x_wconf 86' lang='lat' dir='ltr'><strong><em>incultam</em></strong></span> <span class='ocrx_word' id='word_1_821' title='bbox 1892 5570 1999 5609; x_wconf 87' lang='lat' dir='ltr'><strong><em>ma-</em></strong></span> 
     </span>
    </p>
   </div>
   <div class='ocr_carea' id='block_1_116' title="bbox 407 5621 1994 5696">
    <p class='ocr_par' dir='ltr' id='par_1_116' title="bbox 407 5621 1994 5696">
     <span class='ocr_line' id='line_1_117' title="bbox 407 5621 1994 5696; baseline 0.005 -22"><span class='ocrx_word' id='word_1_822' title='bbox 407 5621 584 5674; x_wconf 88' lang='lat' dir='ltr'><strong><em>teriam</em></strong></span> <span class='ocrx_word' id='word_1_823' title='bbox 606 5622 926 5692; x_wconf 82' lang='lat' dir='ltr'><strong><em>respondere.</em></strong></span> <span class='ocrx_word' id='word_1_824' title='bbox 953 5621 1251 5696; x_wconf 78' lang='lat' dir='ltr'><strong><em>Itt_3pcculo</em></strong></span> <span class='ocrx_word' id='word_1_825' title='bbox 1273 5621 1579 5696; x_wconf 67' lang='lat' dir='ltr'><strong><em>respondere</em></strong></span> <span class='ocrx_word' id='word_1_826' title='bbox 1601 5623 1798 5680; x_wconf 89' lang='lat' dir='ltr'><strong><em>dicitur</em></strong></span> <span class='ocrx_word' id='word_1_827' title='bbox 1819 5626 1994 5696; x_wconf 76' lang='lat' dir='ltr'><strong><em>imago</em></strong></span> 
     </span>
    </p>
   </div>
   <div class='ocr_carea' id='block_1_117' title="bbox 406 5694 1992 5765">
    <p class='ocr_par' dir='ltr' id='par_1_117' title="bbox 406 5694 1992 5765">
     <span class='ocr_line' id='line_1_118' title="bbox 406 5694 1992 5765; baseline 0.006 -21"><span class='ocrx_word' id='word_1_828' title='bbox 406 5701 499 5765; x_wconf 84' lang='lat' dir='ltr'><strong><em>aut</em></strong></span> <span class='ocrx_word' id='word_1_829' title='bbox 523 5706 630 5761; x_wconf 88' lang='lat' dir='ltr'><strong><em>res,</em></strong></span> <span class='ocrx_word' id='word_1_830' title='bbox 659 5708 754 5763; x_wconf 86' lang='lat' dir='ltr'><strong><em>pro</em></strong></span> <span class='ocrx_word' id='word_1_831' title='bbox 794 5710 859 5750; x_wconf 89' lang='lat' dir='ltr'><strong><em>eo</em></strong></span> <span class='ocrx_word' id='word_1_832' title='bbox 890 5694 1032 5765; x_wconf 90' lang='lat' dir='ltr'><strong><em>quod</em></strong></span> <span class='ocrx_word' id='word_1_833' title='bbox 1073 5704 1152 5748; x_wconf 88' lang='lat' dir='ltr'><strong><em>est</em></strong></span> <span class='ocrx_word' id='word_1_834' title='bbox 1182 5694 1427 5763; x_wconf 82' lang='lat' dir='ltr'><strong><em>pra-beri,</em></strong></span> <span class='ocrx_word' id='word_1_835' title='bbox 1462 5696 1863 5765; x_wconf 66' lang='lat' dir='ltr'><strong><em>repraesentari,</em></strong></span> <span class='ocrx_word' id='word_1_836' title='bbox 1906 5694 1992 5753; x_wconf 77' lang='lat' dir='ltr'><strong><em>re-</em></strong></span> 
     </span>
    </p>
   </div>
   <div class='ocr_carea' id='block_1_118' title="bbox 402 5763 1987 5835">
    <p class='ocr_par' dir='ltr' id='par_1_118' title="bbox 402 5763 1987 5835">
     <span class='ocr_line' id='line_1_119' title="bbox 402 5763 1987 5835; baseline 0.004 -17"><span class='ocrx_word' id='word_1_837' title='bbox 402 5763 553 5835; x_wconf 80' lang='lat' dir='ltr'><strong><em>ferri,</em></strong></span> <span class='ocrx_word' id='word_1_838' title='bbox 572 5765 658 5820; x_wconf 88' lang='lat' dir='ltr'><strong><em>vel</em></strong></span> <span class='ocrx_word' id='word_1_839' title='bbox 678 5766 853 5835; x_wconf 91' lang='lat' dir='ltr'><strong><em>potius</em></strong></span> <span class='ocrx_word' id='word_1_840' title='bbox 877 5763 1220 5835; x_wconf 83' lang='lat' dir='ltr'><strong><em>spectandam</em></strong></span> <span class='ocrx_word' id='word_1_841' title='bbox 1239 5780 1357 5820; x_wconf 87' lang='lat' dir='ltr'><strong><em>sese</em></strong></span> <span class='ocrx_word' id='word_1_842' title='bbox 1371 5764 1625 5835; x_wconf 76' lang='lat' dir='ltr'><strong><em>exhibere</em></strong></span> <span class='ocrx_word' id='word_1_843' title='bbox 1646 5782 1710 5821; x_wconf 83' lang='lat' dir='ltr'><strong><em>ex</em></strong></span> <span class='ocrx_word' id='word_1_844' title='bbox 1736 5766 1987 5824; x_wconf 74' lang='lat' dir='ltr'><strong><em>adverso.</em></strong></span> 
     </span>
    </p>
   </div>
   <div class='ocr_carea' id='block_1_119' title="bbox 393 5830 1989 5911">
    <p class='ocr_par' dir='ltr' id='par_1_119' title="bbox 393 5830 1989 5911">
     <span class='ocr_line' id='line_1_120' title="bbox 393 5830 1989 5911; baseline 0.003 -19"><span class='ocrx_word' id='word_1_845' title='bbox 393 5830 569 5911; x_wconf 76' lang='lat' dir='ltr'><strong><em>Negat</em></strong></span> <span class='ocrx_word' id='word_1_846' title='bbox 624 5830 783 5910; x_wconf 76' lang='lat' dir='ltr'><strong><em>igitur</em></strong></span> <span class='ocrx_word' id='word_1_847' title='bbox 831 5830 1113 5895; x_wconf 78' lang='lat' dir='ltr'><strong><em>materiam</em></strong></span> <span class='ocrx_word' id='word_1_848' title='bbox 1159 5835 1487 5909; x_wconf 82' lang='lat' dir='ltr'><strong><em>respondere</em></strong></span> <span class='ocrx_word' id='word_1_849' title='bbox 1536 5834 1590 5892; x_wconf 90' lang='lat' dir='ltr'><strong><em>in</em></strong></span> <span class='ocrx_word' id='word_1_850' title='bbox 1641 5835 1746 5896; x_wconf 85' lang='lat' dir='ltr'><strong><em>hoc</em></strong></span> <span class='ocrx_word' id='word_1_851' title='bbox 1796 5848 1989 5899; x_wconf 85' lang='lat' dir='ltr'><strong><em>ornato</em></strong></span> 
     </span>
    </p>
   </div>
   <div class='ocr_carea' id='block_1_120' title="bbox 2095 5421 2170 5469">
    <p class='ocr_par' dir='ltr' id='par_1_120' title="bbox 2095 5421 2170 5469">
     <span class='ocr_line' id='line_1_121' title="bbox 2095 5421 2170 5469; baseline -0.013 0"><span class='ocrx_word' id='word_1_852' title='bbox 2095 5421 2170 5469; x_wconf 70' lang='grc'><strong><em>881</em></strong></span> 
     </span>
    </p>
   </div>
   <div class='ocr_carea' id='block_1_121' title="bbox 2112 3271 3680 3343">
    <p class='ocr_par' dir='ltr' id='par_1_121' title="bbox 2112 3271 3680 3343">
     <span class='ocr_line' id='line_1_122' title="bbox 2112 3271 3680 3343; baseline -0.001 -18"><span class='ocrx_word' id='word_1_853' title='bbox 2112 3274 2406 3329; x_wconf 84' lang='lat' dir='ltr'><strong><em>retrosiores</em></strong></span> <span class='ocrx_word' id='word_1_854' title='bbox 2446 3271 2892 3343; x_wconf 83' lang='lat' dir='ltr'><strong><em>deprehenduntur</em></strong></span> <span class='ocrx_word' id='word_1_855' title='bbox 2931 3271 3238 3343; x_wconf 88' lang='lat' dir='ltr'><strong><em>primoribus</em></strong></span> <span class='ocrx_word' id='word_1_856' title='bbox 3284 3272 3466 3327; x_wconf 82' lang='lat' dir='ltr'><strong><em>vestris</em></strong></span> <span class='ocrx_word' id='word_1_857' title='bbox 3507 3272 3680 3343; x_wconf 76' lang='lat' dir='ltr'><strong><em>sapiat-</em></strong></span> 
     </span>
    </p>
   </div>
   <div class='ocr_carea' id='block_1_122' title="bbox 2110 3343 2759 3398">
    <p class='ocr_par' dir='ltr' id='par_1_122' title="bbox 2110 3343 2759 3398">
     <span class='ocr_line' id='line_1_123' title="bbox 2110 3343 2759 3398; baseline 0.003 -2"><span class='ocrx_word' id='word_1_858' title='bbox 2110 3343 2262 3398; x_wconf 84' lang='lat' dir='ltr'><strong><em>tibus.</em></strong></span> <span class='ocrx_word' id='word_1_859' title='bbox 2754 3351 2759 3356; x_wconf 87' lang='grc'><em>’</em></span> 
     </span>
    </p>
   </div>
   <div class='ocr_carea' id='block_1_123' title="bbox 2181 3412 3684 3487">
    <p class='ocr_par' dir='ltr' id='par_1_123' title="bbox 2181 3412 3684 3487">
     <span class='ocr_line' id='line_1_124' title="bbox 2181 3412 3684 3487; baseline -0.001 -18"><span class='ocrx_word' id='word_1_860' title='bbox 2181 3415 2589 3487; x_wconf 58' lang='lat' dir='ltr'><strong><em>Bneromcruu.</em></strong></span> <span class='ocrx_word' id='word_1_861' title='bbox 2614 3413 2679 3487; x_wconf 85' lang='lat' dir='ltr'><strong><em>ll,</em></strong></span> <span class='ocrx_word' id='word_1_862' title='bbox 2711 3413 2811 3470; x_wconf 80' lang='grc'>501</span> <span class='ocrx_word' id='word_1_863' title='bbox 2845 3414 2909 3481; x_wconf 83' lang='grc' dir='ltr'><strong><em>Λ,</em></strong></span> <span class='ocrx_word' id='word_1_864' title='bbox 2943 3412 3159 3487; x_wconf 78' lang='lat' dir='ltr'><strong><em>Itonos</em></strong></span> <span class='ocrx_word' id='word_1_865' title='bbox 3181 3413 3490 3487; x_wconf 78' lang='lat' dir='ltr'><strong><em>rhetoricari</em></strong></span> <span class='ocrx_word' id='word_1_866' title='bbox 3515 3427 3684 3487; x_wconf 79' lang='lat' dir='ltr'><strong><em>quoque</em></strong></span> 
     </span>
    </p>
   </div>
   <div class='ocr_carea' id='block_1_124' title="bbox 2112 3485 3381 3556">
    <p class='ocr_par' dir='ltr' id='par_1_124' title="bbox 2112 3485 3381 3556">
     <span class='ocr_line' id='line_1_125' title="bbox 2112 3485 3381 3556; baseline 0.002 -17"><span class='ocrx_word' id='word_1_867' title='bbox 2112 3496 2387 3555; x_wconf 88' lang='lat' dir='ltr'><strong><em>provocant</em></strong></span> <span class='ocrx_word' id='word_1_868' title='bbox 2419 3486 2802 3556; x_wconf 76' lang='lat' dir='ltr'><strong><em>Iucretici,sicut</em></strong></span> <span class='ocrx_word' id='word_1_869' title='bbox 2826 3486 2977 3556; x_wconf 88' lang='lat' dir='ltr'><strong><em>etiam</em></strong></span> <span class='ocrx_word' id='word_1_870' title='bbox 3004 3485 3381 3556; x_wconf 79' lang='lat' dir='ltr'><strong><em>philosophari.</em></strong></span> 
     </span>
    </p>
   </div>
   <div class='ocr_carea' id='block_1_125' title="bbox 2183 3555 3681 3628">
    <p class='ocr_par' dir='ltr' id='par_1_125' title="bbox 2183 3555 3681 3628">
     <span class='ocr_line' id='line_1_126' title="bbox 2183 3555 3681 3628; baseline -0.001 -17"><span class='ocrx_word' id='word_1_871' title='bbox 2183 3558 2548 3622; x_wconf 74' lang='lat' dir='ltr'><strong><em>RISILOQUIUI.</em></strong></span> <span class='ocrx_word' id='word_1_872' title='bbox 2596 3555 2834 3624; x_wconf 61' lang='lat'><strong><em>11,1245</em></strong></span> <span class='ocrx_word' id='word_1_873' title='bbox 2883 3555 2950 3624; x_wconf 84' lang='grc' dir='ltr'><strong><em>Λ,</em></strong></span> <span class='ocrx_word' id='word_1_874' title='bbox 2989 3557 3117 3611; x_wconf 82' lang='lat' dir='ltr'><strong><em>Cum</em></strong></span> <span class='ocrx_word' id='word_1_875' title='bbox 3166 3555 3319 3628; x_wconf 85' lang='lat' dir='ltr'><strong><em>penes</em></strong></span> <span class='ocrx_word' id='word_1_876' title='bbox 3370 3559 3681 3615; x_wconf 85' lang='lat' dir='ltr'><strong><em>insultaturos</em></strong></span> 
     </span>
    </p>
   </div>
   <div class='ocr_carea' id='block_1_126' title="bbox 2109 3630 2726 3700">
    <p class='ocr_par' dir='ltr' id='par_1_126' title="bbox 2109 3630 2726 3700">
     <span class='ocr_line' id='line_1_127' title="bbox 2109 3630 2726 3700; baseline -0.002 -17"><span class='ocrx_word' id='word_1_877' title='bbox 2109 3630 2161 3683; x_wconf 87' lang='lat' dir='ltr'><strong><em>in</em></strong></span> <span class='ocrx_word' id='word_1_878' title='bbox 2187 3630 2449 3700; x_wconf 87' lang='lat' dir='ltr'><strong><em>risiloquio</em></strong></span> <span class='ocrx_word' id='word_1_879' title='bbox 2478 3630 2726 3700; x_wconf 75' lang='lat' dir='ltr'><strong><em>consistit.</em></strong></span> 
     </span>
    </p>
   </div>
   <div class='ocr_carea' id='block_1_127' title="bbox 2180 3698 3677 3772">
    <p class='ocr_par' dir='ltr' id='par_1_127' title="bbox 2180 3698 3677 3772">
     <span class='ocr_line' id='line_1_128' title="bbox 2180 3698 3677 3772; baseline -0.003 -18"><span class='ocrx_word' id='word_1_880' title='bbox 2180 3698 2490 3755; x_wconf 63' lang='lat' dir='ltr'><strong><em>“rvamus.</em></strong></span> <span class='ocrx_word' id='word_1_881' title='bbox 2536 3698 2600 3766; x_wconf 90' lang='lat' dir='ltr'><strong><em>ll,</em></strong></span> <span class='ocrx_word' id='word_1_882' title='bbox 2633 3699 2739 3756; x_wconf 88' lang='lat'><strong><em>988</em></strong></span> <span class='ocrx_word' id='word_1_883' title='bbox 2786 3699 2848 3766; x_wconf 89' lang='lat' dir='ltr'><strong><em>C,</em></strong></span> <span class='ocrx_word' id='word_1_884' title='bbox 2902 3698 3037 3767; x_wconf 83' lang='lat' dir='ltr'><strong><em>Quot</em></strong></span> <span class='ocrx_word' id='word_1_885' title='bbox 3090 3699 3374 3755; x_wconf 85' lang='lat' dir='ltr'><strong><em>rivalitates</em></strong></span> <span class='ocrx_word' id='word_1_886' title='bbox 3416 3700 3677 3772; x_wconf 76' lang='lat' dir='ltr'><strong><em>defendam.</em></strong></span> 
     </span>
    </p>
   </div>
   <div class='ocr_carea' id='block_1_128' title="bbox 2107 3771 3679 3841">
    <p class='ocr_par' dir='ltr' id='par_1_128' title="bbox 2107 3771 3679 3841">
     <span class='ocr_line' id='line_1_129' title="bbox 2107 3771 3679 3841; baseline -0.002 -15"><span class='ocrx_word' id='word_1_887' title='bbox 2107 3771 2317 3827; x_wconf 87' lang='lat' dir='ltr'><strong><em>Etenim</em></strong></span> <span class='ocrx_word' id='word_1_888' title='bbox 2341 3771 2581 3841; x_wconf 86' lang='lat' dir='ltr'><strong><em>plerique</em></strong></span> <span class='ocrx_word' id='word_1_889' title='bbox 2619 3781 2889 3827; x_wconf 89' lang='lat' dir='ltr'><strong><em>amatores</em></strong></span> <span class='ocrx_word' id='word_1_890' title='bbox 2938 3779 3143 3826; x_wconf 87' lang='lat' dir='ltr'><strong><em>amatas</em></strong></span> <span class='ocrx_word' id='word_1_891' title='bbox 3190 3786 3318 3826; x_wconf 90' lang='lat' dir='ltr'><strong><em>suas</em></strong></span> <span class='ocrx_word' id='word_1_892' title='bbox 3341 3772 3415 3826; x_wconf 88' lang='lat' dir='ltr'><strong><em>ab</em></strong></span> <span class='ocrx_word' id='word_1_893' title='bbox 3452 3771 3679 3827; x_wconf 84' lang='lat' dir='ltr'><strong><em>rivalibus</em></strong></span> 
     </span>
    </p>
   </div>
   <div class='ocr_carea' id='block_1_129' title="bbox 2105 3840 3676 3925">
    <p class='ocr_par' dir='ltr' id='par_1_129' title="bbox 2105 3840 3676 3925">
     <span class='ocr_line' id='line_1_130' title="bbox 2105 3840 3676 3925; baseline -0.003 -26"><span class='ocrx_word' id='word_1_894' title='bbox 2105 3840 2403 3925; x_wconf 76' lang='lat' dir='ltr'><strong><em>defendunt</em></strong></span> <span class='ocrx_word' id='word_1_895' title='bbox 2438 3840 2746 3909; x_wconf 84' lang='lat' dir='ltr'><strong><em>homicidio,</em></strong></span> <span class='ocrx_word' id='word_1_896' title='bbox 2786 3841 3040 3898; x_wconf 87' lang='lat' dir='ltr'><strong><em>rivalibus</em></strong></span> <span class='ocrx_word' id='word_1_897' title='bbox 3087 3841 3237 3897; x_wconf 85' lang='lat' dir='ltr'><strong><em>vario</em></strong></span> <span class='ocrx_word' id='word_1_898' title='bbox 3282 3844 3474 3900; x_wconf 89' lang='lat' dir='ltr'><strong><em>mortis</em></strong></span> <span class='ocrx_word' id='word_1_899' title='bbox 3502 3854 3676 3915; x_wconf 74' lang='lat' dir='ltr'><strong><em>genere</em></strong></span> 
     </span>
    </p>
   </div>
   <div class='ocr_carea' id='block_1_130' title="bbox 2102 3917 2372 3972">
    <p class='ocr_par' dir='ltr' id='par_1_130' title="bbox 2102 3917 2372 3972">
     <span class='ocr_line' id='line_1_131' title="bbox 2102 3917 2372 3972; baseline -0.015 0"><span class='ocrx_word' id='word_1_900' title='bbox 2102 3917 2372 3972; x_wconf 76' lang='lat' dir='ltr'><strong><em>extinctis.</em></strong></span> 
     </span>
    </p>
   </div>
   <div class='ocr_carea' id='block_1_131' title="bbox 2180 3984 3678 4090">
    <p class='ocr_par' dir='ltr' id='par_1_131' title="bbox 2180 3984 3678 4090">
     <span class='ocr_line' id='line_1_132' title="bbox 2180 3984 3678 4090; baseline -0.001 -51"><span class='ocrx_word' id='word_1_901' title='bbox 2180 3986 2522 4069; x_wconf 62' lang='lat' dir='ltr'><strong><em>lloaona&#39;rus.</em></strong></span> <span class='ocrx_word' id='word_1_902' title='bbox 2564 3984 2630 4067; x_wconf 74' lang='lat' dir='ltr'><strong><em>ll,</em></strong></span> <span class='ocrx_word' id='word_1_903' title='bbox 2660 3984 2760 4042; x_wconf 82' lang='lat'><strong>691</strong></span> <span class='ocrx_word' id='word_1_904' title='bbox 2810 3985 3190 4090; x_wconf 43' lang='lat' dir='ltr'><strong><em>A,&quot;At:qulanto</em></strong></span> <span class='ocrx_word' id='word_1_905' title='bbox 3219 3987 3507 4090; x_wconf 48' lang='lat' dir='ltr'><strong><em>rogarat&#39;ior</em></strong></span> <span class='ocrx_word' id='word_1_906' title='bbox 3538 3984 3678 4090; x_wconf 41' lang='lat' dir='ltr'><strong><em>erit?</em></strong></span> 
     </span>
     <span class='ocr_line' id='line_1_133' title="bbox 2180 4058 3677 4090; baseline 0 0"><span class='ocrx_word' id='word_1_907' title='bbox 2180 4061 2380 4090; x_wconf 54' lang='lat' dir='ltr'><strong><em>hsnsc&#39;na&#39;n</em></strong></span> <span class='ocrx_word' id='word_1_908' title='bbox 2399 4073 2582 4090; x_wconf 59' lang='lat' dir='ltr'><strong><em>om...“</em></strong></span> <span class='ocrx_word' id='word_1_909' title='bbox 2610 4073 2760 4090; x_wconf 71' lang='grc' dir='ltr'><strong><em>ηοηηιι</em></strong></span> <span class='ocrx_word' id='word_1_910' title='bbox 2789 4074 2880 4090; x_wconf 68' lang='grc' dir='ltr'><strong><em>,ια-η</em></strong></span> <span class='ocrx_word' id='word_1_911' title='bbox 2917 4074 2974 4090; x_wconf 72' lang='grc' dir='ltr'><strong><em>ιη·</em></strong></span> <span class='ocrx_word' id='word_1_912' title='bbox 3105 4058 3211 4090; x_wconf 69' lang='lat' dir='ltr'><strong><em>quin</em></strong></span> <span class='ocrx_word' id='word_1_913' title='bbox 3337 4058 3417 4090; x_wconf 70' lang='lat' dir='ltr'><strong><em>inn</em></strong></span> <span class='ocrx_word' id='word_1_914' title='bbox 3446 4067 3460 4090; x_wconf 85' lang='lat' dir='ltr'><strong>I</strong></span> <span class='ocrx_word' id='word_1_915' title='bbox 3519 4066 3565 4090; x_wconf 80' lang='lat' dir='ltr'><strong><em>nl</em></strong></span> <span class='ocrx_word' id='word_1_916' title='bbox 3606 4068 3628 4090; x_wconf 59' lang='grc' dir='ltr'>η</span> <span class='ocrx_word' id='word_1_917' title='bbox 3650 4067 3677 4090; x_wconf 86' lang='lat' dir='ltr'><strong><em>n</em></strong></span> 
     </span>
    </p>
   </div>
   <div class='ocr_carea' id='block_1_132' title="bbox 2106 4053 3679 4132">
    <p class='ocr_par' dir='ltr' id='par_1_132' title="bbox 2106 4053 3679 4132">
     <span class='ocr_line' id='line_1_134' title="bbox 2106 4053 3679 4132; baseline -0.004 -19"><span class='ocrx_word' id='word_1_918' title='bbox 2106 4078 2138 4132; x_wconf 90' lang='lat' dir='ltr'><strong><em>a</em></strong></span> <span class='ocrx_word' id='word_1_919' title='bbox 2160 4061 2380 4132; x_wconf 76' lang='lat' dir='ltr'><strong><em>fazntinis</em></strong></span> <span class='ocrx_word' id='word_1_920' title='bbox 2399 4057 2582 4132; x_wconf 86' lang='lat' dir='ltr'><strong><em>revinci</em></strong></span> <span class='ocrx_word' id='word_1_921' title='bbox 2609 4073 2761 4132; x_wconf 81' lang='lat' dir='ltr'><strong><em>quam</em></strong></span> <span class='ocrx_word' id='word_1_922' title='bbox 2788 4053 3035 4132; x_wconf 78' lang='lat' dir='ltr'><strong><em>probari?</em></strong></span> <span class='ocrx_word' id='word_1_923' title='bbox 3062 4056 3482 4132; x_wconf 74' lang='lat' dir='ltr'><strong><em>Latin.,__Rigalt.</em></strong></span> <span class='ocrx_word' id='word_1_924' title='bbox 3518 4066 3569 4132; x_wconf 76' lang='lat' dir='ltr'><strong><em>et</em></strong></span> <span class='ocrx_word' id='word_1_925' title='bbox 3605 4053 3679 4107; x_wconf 83' lang='lat' dir='ltr'><strong><em>alii</em></strong></span> 
     </span>
    </p>
   </div>
   <div class='ocr_carea' id='block_1_133' title="bbox 2110 4127 3678 4202">
    <p class='ocr_par' dir='ltr' id='par_1_133' title="bbox 2110 4127 3678 4202">
     <span class='ocr_line' id='line_1_135' title="bbox 2110 4127 3678 4202; baseline -0.005 -17"><span class='ocrx_word' id='word_1_926' title='bbox 2110 4127 2215 4202; x_wconf 78' lang='lat' dir='ltr'><strong><em>leg.</em></strong></span> <span class='ocrx_word' id='word_1_927' title='bbox 2246 4130 2533 4184; x_wconf 87' lang='lat' dir='ltr'><strong><em>ruboratior</em></strong></span> <span class='ocrx_word' id='word_1_928' title='bbox 2570 4129 2751 4194; x_wconf 74' lang='lat' dir='ltr'><strong><em>exitus,</em></strong></span> <span class='ocrx_word' id='word_1_929' title='bbox 2782 4144 2886 4183; x_wconf 91' lang='lat' dir='ltr'><strong><em>non</em></strong></span> <span class='ocrx_word' id='word_1_930' title='bbox 2913 4127 3459 4202; x_wconf 12' lang='lat' dir='ltr'><strong><em>roboratior.iE:citum</em></strong></span> <span class='ocrx_word' id='word_1_931' title='bbox 3486 4130 3678 4202; x_wconf 67' lang='lat' dir='ltr'><strong><em>ruboru-</em></strong></span> 
     </span>
    </p>
   </div>
   <div class='ocr_carea' id='block_1_134' title="bbox 2111 4194 3679 4272">
    <p class='ocr_par' dir='ltr' id='par_1_134' title="bbox 2111 4194 3679 4272">
     <span class='ocr_line' id='line_1_136' title="bbox 2111 4194 3679 4272; baseline -0.004 -16"><span class='ocrx_word' id='word_1_932' title='bbox 2111 4194 2287 4256; x_wconf 55' lang='lat' dir='ltr'><strong><em>tioiem</em></strong></span> <span class='ocrx_word' id='word_1_933' title='bbox 2314 4211 2469 4255; x_wconf 90' lang='lat' dir='ltr'><strong><em>vocat</em></strong></span> <span class='ocrx_word' id='word_1_934' title='bbox 2493 4208 2742 4255; x_wconf 86' lang='lat' dir='ltr'><strong><em>eventum</em></strong></span> <span class='ocrx_word' id='word_1_935' title='bbox 2778 4215 2845 4256; x_wconf 82' lang='lat' dir='ltr'><strong><em>ex</em></strong></span> <span class='ocrx_word' id='word_1_936' title='bbox 2879 4214 2985 4272; x_wconf 92' lang='lat' dir='ltr'><strong><em>quo</em></strong></span> <span class='ocrx_word' id='word_1_937' title='bbox 3012 4199 3131 4270; x_wconf 91' lang='lat' dir='ltr'><strong><em>plus</em></strong></span> <span class='ocrx_word' id='word_1_938' title='bbox 3154 4200 3368 4256; x_wconf 87' lang='lat' dir='ltr'><strong><em>ruboris</em></strong></span> <span class='ocrx_word' id='word_1_939' title='bbox 3393 4216 3459 4256; x_wconf 89' lang='lat' dir='ltr'><strong><em>ac</em></strong></span> <span class='ocrx_word' id='word_1_940' title='bbox 3484 4194 3679 4272; x_wconf 85' lang='lat' dir='ltr'><strong><em>pudoris</em></strong></span> 
     </span>
    </p>
   </div>
   <div class='ocr_carea' id='block_1_135' title="bbox 2107 4271 2660 4330">
    <p class='ocr_par' dir='ltr' id='par_1_135' title="bbox 2107 4271 2660 4330">
     <span class='ocr_line' id='line_1_137' title="bbox 2107 4271 2660 4330; baseline -0.005 -1"><span class='ocrx_word' id='word_1_941' title='bbox 2107 4271 2414 4330; x_wconf 88' lang='lat' dir='ltr'><strong><em>incutiatur.</em></strong></span> <span class='ocrx_word' id='word_1_942' title='bbox 2649 4279 2660 4288; x_wconf 83' lang='lat'>‘</span> 
     </span>
    </p>
   </div>
   <div class='ocr_carea' id='block_1_136' title="bbox 2184 4339 3675 4418">
    <p class='ocr_par' dir='ltr' id='par_1_136' title="bbox 2184 4339 3675 4418">
     <span class='ocr_line' id='line_1_138' title="bbox 2184 4339 3675 4418; baseline -0.003 -20"><span class='ocrx_word' id='word_1_943' title='bbox 2184 4345 2517 4418; x_wconf 59' lang='lat' dir='ltr'><strong><em>Romanas.</em></strong></span> <span class='ocrx_word' id='word_1_944' title='bbox 2542 4342 2608 4410; x_wconf 89' lang='lat' dir='ltr'><strong><em>Il,</em></strong></span> <span class='ocrx_word' id='word_1_945' title='bbox 2638 4342 2779 4399; x_wconf 70' lang='grc'>1040</span> <span class='ocrx_word' id='word_1_946' title='bbox 2803 4342 2870 4408; x_wconf 79' lang='grc' dir='ltr'><strong><em>Α,</em></strong></span> <span class='ocrx_word' id='word_1_947' title='bbox 2890 4341 2953 4399; x_wconf 88' lang='lat' dir='ltr'><strong><em>Si</em></strong></span> <span class='ocrx_word' id='word_1_948' title='bbox 2973 4352 3045 4397; x_wconf 89' lang='lat' dir='ltr'><strong><em>est</em></strong></span> <span class='ocrx_word' id='word_1_949' title='bbox 3069 4344 3347 4418; x_wconf 83' lang='lat' dir='ltr'><strong><em>romanitas</em></strong></span> <span class='ocrx_word' id='word_1_950' title='bbox 3376 4342 3516 4418; x_wconf 80' lang='lat' dir='ltr'><strong><em>omni</em></strong></span> <span class='ocrx_word' id='word_1_951' title='bbox 3534 4339 3675 4418; x_wconf 71' lang='lat' dir='ltr'><strong><em>salus,</em></strong></span> 
     </span>
    </p>
   </div>
   <div class='ocr_carea' id='block_1_137' title="bbox 2109 4410 3676 4483">
    <p class='ocr_par' dir='ltr' id='par_1_137' title="bbox 2109 4410 3676 4483">
     <span class='ocr_line' id='line_1_139' title="bbox 2109 4410 3676 4483; baseline -0.006 -11"><span class='ocrx_word' id='word_1_952' title='bbox 2109 4425 2240 4483; x_wconf 85' lang='lat' dir='ltr'><strong><em>etc.,</em></strong></span> <span class='ocrx_word' id='word_1_953' title='bbox 2284 4418 2320 4470; x_wconf 94' lang='lat' dir='ltr'><strong><em>i.</em></strong></span> <span class='ocrx_word' id='word_1_954' title='bbox 2344 4432 2392 4471; x_wconf 90' lang='lat' dir='ltr'><strong><em>e.</em></strong></span> <span class='ocrx_word' id='word_1_955' title='bbox 2414 4416 2457 4468; x_wconf 88' lang='lat' dir='ltr'><strong><em>si</em></strong></span> <span class='ocrx_word' id='word_1_956' title='bbox 2484 4429 2735 4469; x_wconf 86' lang='lat' dir='ltr'><strong><em>romanos</em></strong></span> <span class='ocrx_word' id='word_1_957' title='bbox 2760 4430 2938 4469; x_wconf 88' lang='lat' dir='ltr'><strong><em>mores</em></strong></span> <span class='ocrx_word' id='word_1_958' title='bbox 2960 4415 3206 4483; x_wconf 84' lang='lat' dir='ltr'><strong><em>amplecti</em></strong></span> <span class='ocrx_word' id='word_1_959' title='bbox 3244 4415 3452 4471; x_wconf 88' lang='lat' dir='ltr'><strong><em>eunetis</em></strong></span> <span class='ocrx_word' id='word_1_960' title='bbox 3489 4410 3676 4483; x_wconf 87' lang='lat' dir='ltr'><strong><em>populis</em></strong></span> 
     </span>
    </p>
   </div>
   <div class='ocr_carea' id='block_1_138' title="bbox 2110 4485 3675 4557">
    <p class='ocr_par' dir='ltr' id='par_1_138' title="bbox 2110 4485 3675 4557">
     <span class='ocr_line' id='line_1_140' title="bbox 2110 4485 3675 4557; baseline -0.004 -15"><span class='ocrx_word' id='word_1_961' title='bbox 2110 4488 2240 4542; x_wconf 90' lang='lat' dir='ltr'><strong><em>utile</em></strong></span> <span class='ocrx_word' id='word_1_962' title='bbox 2266 4498 2348 4542; x_wconf 91' lang='lat' dir='ltr'><strong><em>est</em></strong></span> <span class='ocrx_word' id='word_1_963' title='bbox 2376 4496 2429 4540; x_wconf 86' lang='lat' dir='ltr'><strong><em>et</em></strong></span> <span class='ocrx_word' id='word_1_964' title='bbox 2464 4487 2780 4557; x_wconf 75' lang='lat' dir='ltr'><strong><em>gloriosum,</em></strong></span> <span class='ocrx_word' id='word_1_965' title='bbox 2817 4485 3113 4557; x_wconf 30' lang='lat' dir='ltr'><strong><em>qutd‘nunc</em></strong></span> <span class='ocrx_word' id='word_1_966' title='bbox 3154 4502 3253 4557; x_wconf 89' lang='lat' dir='ltr'><strong><em>per</em></strong></span> <span class='ocrx_word' id='word_1_967' title='bbox 3280 4485 3457 4542; x_wconf 86' lang='lat' dir='ltr'><strong><em>studia</em></strong></span> <span class='ocrx_word' id='word_1_968' title='bbox 3479 4493 3675 4556; x_wconf 84' lang='lat' dir='ltr'><strong><em>prorsus</em></strong></span> 
     </span>
    </p>
   </div>
   <div class='ocr_carea' id='block_1_139' title="bbox 2113 4554 3366 4627">
    <p class='ocr_par' dir='ltr' id='par_1_139' title="bbox 2113 4554 3366 4627">
     <span class='ocr_line' id='line_1_141' title="bbox 2113 4554 3366 4627; baseline -0.001 -14"><span class='ocrx_word' id='word_1_969' title='bbox 2113 4557 2391 4613; x_wconf 88' lang='lat' dir='ltr'><strong><em>inhonesta</em></strong></span> <span class='ocrx_word' id='word_1_970' title='bbox 2419 4554 2579 4627; x_wconf 82' lang='lat' dir='ltr'><strong><em>atque</em></strong></span> <span class='ocrx_word' id='word_1_971' title='bbox 2602 4556 2804 4611; x_wconf 88' lang='lat' dir='ltr'><strong><em>inutilia</em></strong></span> <span class='ocrx_word' id='word_1_972' title='bbox 2832 4554 2898 4610; x_wconf 79' lang='lat' dir='ltr'><strong><em>ad</em></strong></span> <span class='ocrx_word' id='word_1_973' title='bbox 2928 4554 3366 4612; x_wconf 59' lang='lat' dir='ltr'><strong><em>Griecos&#39;abitis?</em></strong></span> 
     </span>
    </p>
   </div>
   <div class='ocr_carea' id='block_1_140' title="bbox 2185 4623 3675 4699">
    <p class='ocr_par' dir='ltr' id='par_1_140' title="bbox 2185 4623 3675 4699">
     <span class='ocr_line' id='line_1_142' title="bbox 2185 4623 3675 4699; baseline 0 -15"><span class='ocrx_word' id='word_1_974' title='bbox 2185 4623 2759 4699; x_wconf 51' lang='grc' dir='ltr'><strong><em>Βθιιιδιωῖλξρομᾳαία,</em></strong></span> <span class='ocrx_word' id='word_1_975' title='bbox 2799 4627 3027 4699; x_wconf 80' lang='lat' dir='ltr'><strong><em>gladius.</em></strong></span> <span class='ocrx_word' id='word_1_976' title='bbox 3069 4626 3133 4689; x_wconf 85' lang='lat' dir='ltr'><strong><em>ll.</em></strong></span> <span class='ocrx_word' id='word_1_977' title='bbox 3169 4628 3276 4685; x_wconf 69' lang='grc'><strong><em>745</em></strong></span> <span class='ocrx_word' id='word_1_978' title='bbox 3311 4627 3380 4698; x_wconf 87' lang='grc' dir='ltr'><strong><em>Δ,</em></strong></span> <span class='ocrx_word' id='word_1_979' title='bbox 3420 4625 3539 4684; x_wconf 87' lang='lat' dir='ltr'><strong><em>Nisi</em></strong></span> <span class='ocrx_word' id='word_1_980' title='bbox 3573 4623 3675 4696; x_wconf 66' lang='lat' dir='ltr'><strong><em>qui!</em></strong></span> 
     </span>
    </p>
   </div>
   <div class='ocr_carea' id='block_1_141' title="bbox 2113 4698 3226 4770">
    <p class='ocr_par' dir='ltr' id='par_1_141' title="bbox 2113 4698 3226 4770">
     <span class='ocr_line' id='line_1_143' title="bbox 2113 4698 3226 4770; baseline -0.003 -15"><span class='ocrx_word' id='word_1_981' title='bbox 2113 4701 2269 4755; x_wconf 86' lang='lat' dir='ltr'><strong><em>nullis</em></strong></span> <span class='ocrx_word' id='word_1_982' title='bbox 2292 4702 2552 4770; x_wconf 67' lang='lat' dir='ltr'><strong><em>romphaea</em></strong></span> <span class='ocrx_word' id='word_1_983' title='bbox 2584 4698 2821 4768; x_wconf 83' lang='lat' dir='ltr'><strong><em>paradisi</em></strong></span> <span class='ocrx_word' id='word_1_984' title='bbox 2833 4698 3053 4769; x_wconf 78' lang='lat' dir='ltr'><strong><em>janitria:</em></strong></span> <span class='ocrx_word' id='word_1_985' title='bbox 3077 4699 3226 4753; x_wconf 85' lang='lat' dir='ltr'><strong><em>cedit.</em></strong></span> 
     </span>
    </p>
   </div>
   <div class='ocr_carea' id='block_1_142' title="bbox 2185 4769 3667 4837">
    <p class='ocr_par' dir='ltr' id='par_1_142' title="bbox 2185 4769 3667 4837">
     <span class='ocr_line' id='line_1_144' title="bbox 2185 4769 3667 4837; baseline -0.004 -10"><span class='ocrx_word' id='word_1_986' title='bbox 2185 4772 2465 4827; x_wconf 66' lang='lat' dir='ltr'><strong><em>Rucrnne.</em></strong></span> <span class='ocrx_word' id='word_1_987' title='bbox 2494 4771 2646 4837; x_wconf 62' lang='lat'><strong><em>1,415</em></strong></span> <span class='ocrx_word' id='word_1_988' title='bbox 2672 4770 2739 4836; x_wconf 87' lang='lat' dir='ltr'><strong><em>A,</em></strong></span> <span class='ocrx_word' id='word_1_989' title='bbox 2771 4769 2871 4835; x_wconf 82' lang='lat' dir='ltr'><strong><em>Qui</em></strong></span> <span class='ocrx_word' id='word_1_990' title='bbox 2895 4770 3145 4824; x_wconf 86' lang='lat' dir='ltr'><strong><em>ructando</em></strong></span> <span class='ocrx_word' id='word_1_991' title='bbox 3171 4778 3436 4825; x_wconf 83' lang='lat' dir='ltr'><strong><em>curantur.</em></strong></span> <span class='ocrx_word' id='word_1_992' title='bbox 3460 4770 3667 4825; x_wconf 71' lang='lat' dir='ltr'><strong><em>&quot;avere.</em></strong></span> 
     </span>
    </p>
   </div>
   <div class='ocr_carea' id='block_1_143' title="bbox 2110 4839 3673 4911">
    <p class='ocr_par' dir='ltr' id='par_1_143' title="bbox 2110 4839 3673 4911">
     <span class='ocr_line' id='line_1_145' title="bbox 2110 4839 3673 4911; baseline -0.001 -14"><span class='ocrx_word' id='word_1_993' title='bbox 2110 4854 2403 4898; x_wconf 87' lang='lat' dir='ltr'><strong><em>curvantur.</em></strong></span> <span class='ocrx_word' id='word_1_994' title='bbox 2439 4844 2511 4897; x_wconf 92' lang='lat' dir='ltr'><strong><em>De</em></strong></span> <span class='ocrx_word' id='word_1_995' title='bbox 2538 4841 2766 4909; x_wconf 86' lang='lat' dir='ltr'><strong><em>vatibus,</em></strong></span> <span class='ocrx_word' id='word_1_996' title='bbox 2796 4839 2906 4911; x_wconf 89' lang='lat' dir='ltr'><strong><em>qui,</em></strong></span> <span class='ocrx_word' id='word_1_997' title='bbox 2927 4840 3017 4896; x_wconf 91' lang='lat' dir='ltr'><strong><em>ubi</em></strong></span> <span class='ocrx_word' id='word_1_998' title='bbox 3044 4856 3140 4911; x_wconf 89' lang='lat' dir='ltr'><strong><em>per</em></strong></span> <span class='ocrx_word' id='word_1_999' title='bbox 3157 4839 3417 4898; x_wconf 80' lang='lat' dir='ltr'><strong><em>sacriﬁcia</em></strong></span> <span class='ocrx_word' id='word_1_1000' title='bbox 3431 4851 3486 4896; x_wconf 90' lang='lat' dir='ltr'><strong><em>et</em></strong></span> <span class='ocrx_word' id='word_1_1001' title='bbox 3509 4841 3673 4895; x_wconf 50' lang='lat' dir='ltr'><strong><em>incerto</em></strong></span> 
     </span>
    </p>
   </div>
   <div class='ocr_carea' id='block_1_144' title="bbox 2110 4912 3670 4984">
    <p class='ocr_par' dir='ltr' id='par_1_144' title="bbox 2110 4912 3670 4984">
     <span class='ocr_line' id='line_1_146' title="bbox 2110 4912 3670 4984; baseline -0.004 -15"><span class='ocrx_word' id='word_1_1002' title='bbox 2110 4916 2291 4970; x_wconf 82' lang='lat' dir='ltr'><strong><em>siones</em></strong></span> <span class='ocrx_word' id='word_1_1003' title='bbox 2322 4915 2752 4969; x_wconf 79' lang='lat' dir='ltr'><strong><em>liolocanstorum</em></strong></span> <span class='ocrx_word' id='word_1_1004' title='bbox 2784 4927 2979 4965; x_wconf 89' lang='lat' dir='ltr'><strong><em>numen</em></strong></span> <span class='ocrx_word' id='word_1_1005' title='bbox 3008 4921 3393 4984; x_wconf 86' lang='lat' dir='ltr'><strong><em>conceperunl,</em></strong></span> <span class='ocrx_word' id='word_1_1006' title='bbox 3427 4912 3479 4968; x_wconf 89' lang='lat' dir='ltr'><strong><em>in</em></strong></span> <span class='ocrx_word' id='word_1_1007' title='bbox 3507 4918 3670 4984; x_wconf 70' lang='lat' dir='ltr'><strong><em>partus</em></strong></span> 
     </span>
    </p>
   </div>
   <div class='ocr_carea' id='block_1_145' title="bbox 2112 4982 3668 5053">
    <p class='ocr_par' dir='ltr' id='par_1_145' title="bbox 2112 4982 3668 5053">
     <span class='ocr_line' id='line_1_147' title="bbox 2112 4982 3668 5053; baseline -0.005 -14"><span class='ocrx_word' id='word_1_1008' title='bbox 2112 4985 2383 5040; x_wconf 84' lang='lat' dir='ltr'><strong><em>doloribus</em></strong></span> <span class='ocrx_word' id='word_1_1009' title='bbox 2424 4994 2477 5040; x_wconf 88' lang='lat' dir='ltr'><strong><em>et</em></strong></span> <span class='ocrx_word' id='word_1_1010' title='bbox 2516 4988 2701 5045; x_wconf 77' lang='grc' dir='ltr'><strong><em>ὂδῠναες</em></strong></span> <span class='ocrx_word' id='word_1_1011' title='bbox 2728 4993 2894 5038; x_wconf 89' lang='lat' dir='ltr'><strong><em>sunt:</em></strong></span> <span class='ocrx_word' id='word_1_1012' title='bbox 2931 4982 3282 5038; x_wconf 80' lang='lat' dir='ltr'><strong><em>incurvautur</em></strong></span> <span class='ocrx_word' id='word_1_1013' title='bbox 3318 4982 3519 5053; x_wconf 79' lang='lat' dir='ltr'><strong><em>itaque,</em></strong></span> <span class='ocrx_word' id='word_1_1014' title='bbox 3556 4982 3668 5053; x_wconf 75' lang='lat' dir='ltr'><strong><em>dum</em></strong></span> 
     </span>
    </p>
   </div>
   <div class='ocr_carea' id='block_1_146' title="bbox 2110 5048 3665 5129">
    <p class='ocr_par' dir='ltr' id='par_1_146' title="bbox 2110 5048 3665 5129">
     <span class='ocr_line' id='line_1_148' title="bbox 2110 5048 3665 5129; baseline 0.001 -18"><span class='ocrx_word' id='word_1_1015' title='bbox 2110 5065 2401 5129; x_wconf 80' lang='lat' dir='ltr'><strong><em>conceptus</em></strong></span> <span class='ocrx_word' id='word_1_1016' title='bbox 2449 5057 2666 5125; x_wconf 89' lang='lat' dir='ltr'><strong><em>spiritus</em></strong></span> <span class='ocrx_word' id='word_1_1017' title='bbox 2717 5071 2811 5129; x_wconf 82' lang='lat' dir='ltr'><strong><em>per</em></strong></span> <span class='ocrx_word' id='word_1_1018' title='bbox 2855 5052 3035 5109; x_wconf 81' lang='lat' dir='ltr'><strong><em>fauces</em></strong></span> <span class='ocrx_word' id='word_1_1019' title='bbox 3078 5068 3363 5129; x_wconf 77' lang='lat' dir='ltr'><strong><em>erumpere</em></strong></span> <span class='ocrx_word' id='word_1_1020' title='bbox 3409 5048 3567 5124; x_wconf 83' lang='lat' dir='ltr'><strong><em>cupit.</em></strong></span> 
     </span>
    </p>
   </div>
   <div class='ocr_carea' id='block_1_147' title="bbox 2105 5121 3668 5197">
    <p class='ocr_par' dir='ltr' id='par_1_147' title="bbox 2105 5121 3668 5197">
     <span class='ocr_line' id='line_1_149' title="bbox 2105 5121 3668 5197; baseline -0.007 -14"><span class='ocrx_word' id='word_1_1021' title='bbox 2105 5127 2212 5184; x_wconf 85' lang='grc'>815</span> <span class='ocrx_word' id='word_1_1022' title='bbox 2228 5121 2295 5189; x_wconf 60' lang='grc' dir='ltr'><strong><em>Α,</em></strong></span> <span class='ocrx_word' id='word_1_1023' title='bbox 2314 5125 2378 5180; x_wconf 83' lang='lat' dir='ltr'><strong><em>In</em></strong></span> <span class='ocrx_word' id='word_1_1024' title='bbox 2395 5121 2539 5197; x_wconf 76' lang='lat' dir='ltr'><strong><em>quem</em></strong></span> <span class='ocrx_word' id='word_1_1025' title='bbox 2568 5143 2704 5180; x_wconf 88' lang='lat' dir='ltr'><strong><em>mors</em></strong></span> <span class='ocrx_word' id='word_1_1026' title='bbox 2717 5121 2895 5196; x_wconf 82' lang='lat' dir='ltr'><strong><em>aliqua</em></strong></span> <span class='ocrx_word' id='word_1_1027' title='bbox 2916 5126 3145 5191; x_wconf 87' lang='lat' dir='ltr'><strong><em>ructarit,</em></strong></span> <span class='ocrx_word' id='word_1_1028' title='bbox 3175 5126 3211 5180; x_wconf 92' lang='lat' dir='ltr'><strong><em>i.</em></strong></span> <span class='ocrx_word' id='word_1_1029' title='bbox 3236 5121 3291 5181; x_wconf 64' lang='grc' dir='ltr'><strong><em>ἒ.</em></strong></span> <span class='ocrx_word' id='word_1_1030' title='bbox 3321 5125 3375 5179; x_wconf 92' lang='lat' dir='ltr'><strong><em>in</em></strong></span> <span class='ocrx_word' id='word_1_1031' title='bbox 3396 5121 3555 5197; x_wconf 80' lang='lat' dir='ltr'><strong><em>quem</em></strong></span> <span class='ocrx_word' id='word_1_1032' title='bbox 3579 5121 3668 5175; x_wconf 67' lang='lat' dir='ltr'><strong><em>alio</em></strong></span> 
     </span>
    </p>
   </div>
   <div class='ocr_carea' id='block_1_148' title="bbox 2103 5196 3669 5269">
    <p class='ocr_par' dir='ltr' id='par_1_148' title="bbox 2103 5196 3669 5269">
     <span class='ocr_line' id='line_1_150' title="bbox 2103 5196 3669 5269; baseline -0.005 -16"><span class='ocrx_word' id='word_1_1033' title='bbox 2103 5198 2226 5269; x_wconf 88' lang='lat' dir='ltr'><strong><em>quis</em></strong></span> <span class='ocrx_word' id='word_1_1034' title='bbox 2250 5196 2522 5254; x_wconf 86' lang='lat' dir='ltr'><strong><em>celeritate</em></strong></span> <span class='ocrx_word' id='word_1_1035' title='bbox 2549 5198 3084 5269; x_wconf 30' lang='lat' dir='ltr'><strong><em>venenihcorrcptam</em></strong></span> <span class='ocrx_word' id='word_1_1036' title='bbox 3126 5198 3357 5253; x_wconf 86' lang='lat' dir='ltr'><strong><em>animam</em></strong></span> <span class='ocrx_word' id='word_1_1037' title='bbox 3391 5196 3527 5251; x_wconf 89' lang='lat' dir='ltr'><strong><em>inter</em></strong></span> <span class='ocrx_word' id='word_1_1038' title='bbox 3564 5204 3669 5247; x_wconf 57' lang='lat' dir='ltr'><strong><em>sub</em></strong></span> 
     </span>
    </p>
   </div>
   <div class='ocr_carea' id='block_1_149' title="bbox 2101 5267 2971 5325">
    <p class='ocr_par' dir='ltr' id='par_1_149' title="bbox 2101 5267 2971 5325">
     <span class='ocr_line' id='line_1_151' title="bbox 2101 5267 2971 5325; baseline -0.005 0"><span class='ocrx_word' id='word_1_1039' title='bbox 2101 5267 2338 5325; x_wconf 76' lang='lat' dir='ltr'><strong><em>liendum</em></strong></span> <span class='ocrx_word' id='word_1_1040' title='bbox 2362 5284 2484 5324; x_wconf 90' lang='lat' dir='ltr'><strong><em>cum</em></strong></span> <span class='ocrx_word' id='word_1_1041' title='bbox 2512 5277 2664 5322; x_wconf 90' lang='lat' dir='ltr'><strong><em>ructu</em></strong></span> <span class='ocrx_word' id='word_1_1042' title='bbox 2692 5267 2971 5323; x_wconf 76' lang='lat' dir='ltr'><strong><em>efflaverit.</em></strong></span> 
     </span>
    </p>
   </div>
   <div class='ocr_carea' id='block_1_150' title="bbox 2173 5337 3666 5410">
    <p class='ocr_par' dir='ltr' id='par_1_150' title="bbox 2173 5337 3666 5410">
     <span class='ocr_line' id='line_1_152' title="bbox 2173 5337 3666 5410; baseline -0.005 -15"><span class='ocrx_word' id='word_1_1043' title='bbox 2173 5339 2358 5396; x_wconf 80' lang='lat' dir='ltr'><strong><em>Rvms.</em></strong></span> <span class='ocrx_word' id='word_1_1044' title='bbox 2390 5340 2456 5407; x_wconf 87' lang='lat' dir='ltr'><strong><em>ll,</em></strong></span> <span class='ocrx_word' id='word_1_1045' title='bbox 2483 5338 2591 5394; x_wconf 84' lang='grc'><strong><em>222</em></strong></span> <span class='ocrx_word' id='word_1_1046' title='bbox 2616 5338 2678 5409; x_wconf 90' lang='grc' dir='ltr'><strong><em>Β,</em></strong></span> <span class='ocrx_word' id='word_1_1047' title='bbox 2719 5337 2867 5394; x_wconf 81' lang='lat' dir='ltr'><strong><em>Rude</em></strong></span> <span class='ocrx_word' id='word_1_1048' title='bbox 2892 5338 3023 5394; x_wconf 86' lang='lat' dir='ltr'><strong><em>illud</em></strong></span> <span class='ocrx_word' id='word_1_1049' title='bbox 3051 5348 3145 5407; x_wconf 85' lang='lat' dir='ltr'><strong><em>cst,</em></strong></span> <span class='ocrx_word' id='word_1_1050' title='bbox 3175 5338 3312 5410; x_wconf 83' lang='lat' dir='ltr'><strong><em>quod</em></strong></span> <span class='ocrx_word' id='word_1_1051' title='bbox 3335 5339 3666 5410; x_wconf 72' lang='lat' dir='ltr'><strong><em>imperfectum</em></strong></span> 
     </span>
    </p>
   </div>
   <div class='ocr_carea' id='block_1_151' title="bbox 2132 5451 3660 5564">
    <p class='ocr_par' dir='ltr' id='par_1_151' title="bbox 2132 5451 3660 5564">
     <span class='ocr_line' id='line_1_153' title="bbox 2132 5451 3660 5564; baseline -0.004 -24"><span class='ocrx_word' id='word_1_1052' title='bbox 2132 5451 2356 5564; x_wconf 33' lang='lat' dir='ltr'><strong><em>rllvua,</em></strong></span> <span class='ocrx_word' id='word_1_1053' title='bbox 2384 5492 2438 5539; x_wconf 89' lang='lat' dir='ltr'><strong><em>et</em></strong></span> <span class='ocrx_word' id='word_1_1054' title='bbox 2463 5499 2639 5537; x_wconf 86' lang='lat' dir='ltr'><strong><em>rumen</em></strong></span> <span class='ocrx_word' id='word_1_1055' title='bbox 2668 5481 2964 5564; x_wconf 71' lang='lat' dir='ltr'><strong><em>appellatur</em></strong></span> <span class='ocrx_word' id='word_1_1056' title='bbox 2991 5481 3043 5537; x_wconf 90' lang='lat' dir='ltr'><strong><em>in</em></strong></span> <span class='ocrx_word' id='word_1_1057' title='bbox 3073 5481 3307 5564; x_wconf 72' lang='lat' dir='ltr'><strong><em>fteminis</em></strong></span> <span class='ocrx_word' id='word_1_1058' title='bbox 3332 5474 3660 5564; x_wconf 23' lang='lat' dir='ltr'><strong><em>inaniinani}!</em></strong></span> 
     </span>
    </p>
   </div>
   <div class='ocr_carea' id='block_1_152' title="bbox 2100 5552 3662 5630">
    <p class='ocr_par' dir='ltr' id='par_1_152' title="bbox 2100 5552 3662 5630">
     <span class='ocr_line' id='line_1_154' title="bbox 2100 5552 3662 5630; baseline 0 -19"><span class='ocrx_word' id='word_1_1059' title='bbox 2100 5556 2415 5626; x_wconf 84' lang='lat' dir='ltr'><strong><em>quibusdam</em></strong></span> <span class='ocrx_word' id='word_1_1060' title='bbox 2435 5570 2576 5630; x_wconf 64' lang='lat' dir='ltr'><strong><em>vero</em></strong></span> <span class='ocrx_word' id='word_1_1061' title='bbox 2610 5552 2970 5630; x_wconf 73' lang='lat' dir='ltr'><strong><em>animantibus</em></strong></span> <span class='ocrx_word' id='word_1_1062' title='bbox 2999 5554 3241 5609; x_wconf 89' lang='lat' dir='ltr'><strong><em>eminens</em></strong></span> <span class='ocrx_word' id='word_1_1063' title='bbox 3279 5569 3402 5630; x_wconf 77' lang='lat' dir='ltr'><strong><em>pars</em></strong></span> <span class='ocrx_word' id='word_1_1064' title='bbox 3429 5552 3662 5630; x_wconf 66' lang='lat' dir='ltr'><strong><em>gutturisi</em></strong></span> 
     </span>
    </p>
   </div>
   <div class='ocr_carea' id='block_1_153' title="bbox 2099 5624 3665 5697">
    <p class='ocr_par' dir='ltr' id='par_1_153' title="bbox 2099 5624 3665 5697">
     <span class='ocr_line' id='line_1_155' title="bbox 2099 5624 3665 5697; baseline -0.002 -14"><span class='ocrx_word' id='word_1_1065' title='bbox 2099 5624 2197 5696; x_wconf 78' lang='lat' dir='ltr'><strong><em>per</em></strong></span> <span class='ocrx_word' id='word_1_1066' title='bbox 2224 5641 2382 5697; x_wconf 83' lang='lat' dir='ltr'><strong><em>quam</em></strong></span> <span class='ocrx_word' id='word_1_1067' title='bbox 2419 5624 2673 5681; x_wconf 89' lang='lat' dir='ltr'><strong><em>dimissus</em></strong></span> <span class='ocrx_word' id='word_1_1068' title='bbox 2708 5624 2860 5697; x_wconf 81' lang='lat' dir='ltr'><strong><em>cibus</em></strong></span> <span class='ocrx_word' id='word_1_1069' title='bbox 2901 5634 3204 5691; x_wconf 88' lang='lat' dir='ltr'><strong><em>revocatur,</em></strong></span> <span class='ocrx_word' id='word_1_1070' title='bbox 3245 5638 3305 5679; x_wconf 91' lang='lat' dir='ltr'><strong><em>ut</em></strong></span> <span class='ocrx_word' id='word_1_1071' title='bbox 3331 5624 3406 5697; x_wconf 81' lang='lat' dir='ltr'><strong><em>ait</em></strong></span> <span class='ocrx_word' id='word_1_1072' title='bbox 3440 5624 3665 5697; x_wconf 45' lang='lat' dir='ltr'><strong><em>Sergius.</em></strong></span> 
     </span>
    </p>
   </div>
   <div class='ocr_carea' id='block_1_154' title="bbox 2099 5689 3663 5766">
    <p class='ocr_par' dir='ltr' id='par_1_154' title="bbox 2099 5689 3663 5766">
     <span class='ocr_line' id='line_1_156' title="bbox 2099 5689 3663 5766; baseline -0.002 -13"><span class='ocrx_word' id='word_1_1073' title='bbox 2099 5689 2322 5764; x_wconf 42' lang='lat' dir='ltr'><strong><em>sivefut</em></strong></span> <span class='ocrx_word' id='word_1_1074' title='bbox 2346 5697 2570 5766; x_wconf 82' lang='lat' dir='ltr'><strong><em>Nonius,</em></strong></span> <span class='ocrx_word' id='word_1_1075' title='bbox 2596 5697 2744 5750; x_wconf 87' lang='lat' dir='ltr'><strong><em>locus</em></strong></span> <span class='ocrx_word' id='word_1_1076' title='bbox 2775 5695 2827 5751; x_wconf 91' lang='lat' dir='ltr'><strong><em>in</em></strong></span> <span class='ocrx_word' id='word_1_1077' title='bbox 2857 5703 3065 5766; x_wconf 76' lang='lat' dir='ltr'><strong><em>ventre,</em></strong></span> <span class='ocrx_word' id='word_1_1078' title='bbox 3095 5689 3204 5766; x_wconf 88' lang='lat' dir='ltr'><strong><em>quo</em></strong></span> <span class='ocrx_word' id='word_1_1079' title='bbox 3241 5689 3663 5766; x_wconf 35' lang='lat' dir='ltr'><strong><em>sumiturucibusv</em></strong></span> 
     </span>
    </p>
   </div>
   <div class='ocr_carea' id='block_1_155' title="bbox 2094 5760 3659 5835">
    <p class='ocr_par' dir='ltr' id='par_1_155' title="bbox 2094 5760 3659 5835">
     <span class='ocr_line' id='line_1_157' title="bbox 2094 5760 3659 5835; baseline -0.003 -12"><span class='ocrx_word' id='word_1_1080' title='bbox 2094 5779 2147 5823; x_wconf 88' lang='lat' dir='ltr'><strong><em>et</em></strong></span> <span class='ocrx_word' id='word_1_1081' title='bbox 2169 5760 2308 5823; x_wconf 82' lang='lat' dir='ltr'><strong><em>unde</em></strong></span> <span class='ocrx_word' id='word_1_1082' title='bbox 2333 5760 2591 5824; x_wconf 86' lang='lat' dir='ltr'><strong><em>redditur.</em></strong></span> <span class='ocrx_word' id='word_1_1083' title='bbox 2623 5765 2814 5821; x_wconf 82' lang='lat' dir='ltr'><strong><em>Festus</em></strong></span> <span class='ocrx_word' id='word_1_1084' title='bbox 2842 5783 2855 5820; x_wconf 92' lang='lat'><strong>:</strong></span> <span class='ocrx_word' id='word_1_1085' title='bbox 2883 5765 3092 5822; x_wconf 80' lang='lat' dir='ltr'><strong><em>Rumen</em></strong></span> <span class='ocrx_word' id='word_1_1086' title='bbox 3112 5760 3210 5823; x_wconf 59' lang='lat' dir='ltr'><strong><em>&#39;est</em></strong></span> <span class='ocrx_word' id='word_1_1087' title='bbox 3244 5778 3372 5835; x_wconf 85' lang='lat' dir='ltr'><strong><em>pars</em></strong></span> <span class='ocrx_word' id='word_1_1088' title='bbox 3397 5762 3542 5832; x_wconf 88' lang='lat' dir='ltr'><strong><em>colli,</em></strong></span> <span class='ocrx_word' id='word_1_1089' title='bbox 3570 5770 3659 5832; x_wconf 67' lang='lat' dir='ltr'><strong><em>qua</em></strong></span> 
     </span>
    </p>
   </div>
   <div class='ocr_carea' id='block_1_156' title="bbox 2093 5836 3351 5913">
    <p class='ocr_par' dir='ltr' id='par_1_156' title="bbox 2093 5836 3351 5913">
     <span class='ocr_line' id='line_1_158' title="bbox 2093 5836 3351 5913; baseline -0.006 -14"><span class='ocrx_word' id='word_1_1090' title='bbox 2093 5856 2207 5901; x_wconf 81' lang='lat' dir='ltr'><strong><em>esca</em></strong></span> <span class='ocrx_word' id='word_1_1091' title='bbox 2232 5842 2519 5897; x_wconf 88' lang='lat' dir='ltr'><strong><em>devoratur.</em></strong></span> <span class='ocrx_word' id='word_1_1092' title='bbox 2547 5836 2615 5913; x_wconf 85' lang='lat' dir='ltr'><strong><em>ll,</em></strong></span> <span class='ocrx_word' id='word_1_1093' title='bbox 2643 5837 2748 5897; x_wconf 90' lang='lat'><strong>800</strong></span> <span class='ocrx_word' id='word_1_1094' title='bbox 2772 5837 2841 5910; x_wconf 82' lang='lat' dir='ltr'><strong><em>A,</em></strong></span> <span class='ocrx_word' id='word_1_1095' title='bbox 2870 5836 2939 5895; x_wconf 87' lang='lat' dir='ltr'><strong><em>Et</em></strong></span> <span class='ocrx_word' id='word_1_1096' title='bbox 2972 5836 3130 5895; x_wconf 79' lang='lat' dir='ltr'><strong><em>ruinis</em></strong></span> <span class='ocrx_word' id='word_1_1097' title='bbox 3154 5836 3351 5893; x_wconf 81' lang='lat' dir='ltr'><strong><em>alitum.</em></strong></span> 
     </span>
    </p>
   </div>
  </div>
