3942 6276
275 237 414 299 1569

1264 236 1479 295 INDEX
1517 235 1949 296 LATINITATIS
1986 237 2565 301 TERTULIJANEIE.

3418 240 3440 296 1
3454 237 3559 297 570

338 356 645 422 S'rssntuu,
680 353 1057 420 diversorium,
1096 359 1292 409 tectum
1329 353 1394 407 ad
1425 353 1769 409 habitandum
1799 362 1854 411 et
1878 353 1931 415 Α
2027 350 2502 410 Srnuvcuumus.
2531 351 2594 418 Il,
2624 350 2730 409 703
2746 348 2807 419 C,
2838 348 3117 407 Submersu
3155 347 3309 406 etiam
3332 350 3555 421 piscina-

269 429 708 485 conimorandum
740 427 1061 493 institutum,
1095 425 1134 493 l,
1167 424 1267 479 491
1304 427 1364 479 Λ.

340 500 601 555 S'raotust.
633 498 699 561 ll,
732 498 835 553 155
870 497 933 559 C,
982 496 1106 550 Post
1150 497 1301 550 stadii
1344 504 1665 562 senectutem,
1714 496 1750 550 i.
1798 511 1849 552 e.

265 580 546 641 postquam
589 569 820 625 stadium
864 583 959 641 seu
1007 567 1156 622 locus
1199 565 1266 621 ad
1330 581 1533 638 agonas
1567 567 1855 641 deputatus

265 638 371 713 jam
400 638 730 697 senectutem
747 638 1030 713 quamdam
1058 648 1446 713 passus‘esset,
1464 646 1645 713 utpote
1666 654 1693 692 a
1718 639 1856 713 mul-

271 707 336 767 tis
371 713 524 766 annis
561 707 781 768 minime
810 707 1199 781 frequentatus.
1234 707 1297 775 ll,
1326 708 1390 781 81
1421 709 1488 781 Λ,
1517 707 1765 764 (Ῑωιεηιιη
1801 710 1857 764 in

268 784 430 837 stadio
451 784 617 837 mariti
642 800 745 837 non
770 779 941 852 putem
962 780 1175 852 velatam
1204 779 1583 852 deambulasse;
1611 780 1859 851 intelligit

268 856 420 908 stadii
447 854 663 910 nomine
691 850 1043 922 hypaethram,
1077 851 1133 905 h.
1161 866 1213 906 e.
1244 850 1577 907 subdivalem
1607 850 1855 907 ambula-

270 927 488 992 tionem,
526 941 681 995 quam
708 934 761 979 et
794 933 1011 995 xystum,
1040 923 1401 995 appellamus;
1434 938 1553 995 rma:
1581 922 1741 978 etiam
1770 939 1856 979 ar~

267 996 481 1075 boribus
509 993 711 1051 consita
732 993 1344 1075 esse_§t_i_le_bat,"umbrui
1369 993 1560 1075 grdﬁa.
1622 1000 1625 1005 ‘

337 1068 700 1123 S'rntcuwu.
732 1067 796 1131 ll,
853 1064 953 1120 127
982 1066 1048 1131 Α,
1102 1061 1168 1117 Ει
1213 1061 1561 1119 comminuetis
1613 1065 1853 1119 staticala

272 1155 474 1206 eorum,
521 1146 610 1200 τὰς
659 1145 872 1205 στηλάς,
921 1136 1114 1208 quibus
1162 1135 1415 1190 insistunt
1461 1136 1705 1192 homines”
1759 1147 1852 1192 aut

270 1211 406 1265 idola
426 1211 639 1266 stantia.

334 1282 514 1336 STARF.
548 1282 743 1337 caelum
794 1279 989 1335 dicitur
1035 1277 1088 1333 in
1125 1276 1381 1332 diuturno
1408 1278 1491 1333 vel
1534 1278 1727 1333 ardore
1766 1280 1849 1348 vel

262 1354 404 1421 gelu,
432 1367 555 1408 cum
582 1368 686 1408 nou
716 1351 947 1408 solvitur
976 1350 1026 1404 in
1050 1350 1265 1405 imbres.
1296 1349 1355 1417 l,
1384 1350 1524 1420 479,
1547 1349 1653 1406 480
1682 1349 1757 1415 Α,
1788 1350 1852 1407 Si

263 1424 442 1478 calum
461 1424 616 1478 stetit.

334 1496 557 1551 STATIO.
588 1494 654 1561 ll,
683 1493 753 1549 21
782 1498 861 1561 A,
905 1492 1004 1549 Ubi
1028 1493 1179 1547 statio
1204 1492 1480 1547 credendi?
1508 1492 1637 1547 Tota
1673 1492 1853 1561 perio-

262 1566 363 1621 dus
382 1565 668 1636 allegorica
698 1577 774 1620 est
802 1608 816 1631 ,
848 1581 879 1621 a
907 1579 968 1620 re
993 1565 1250 1619 castrensi
1280 1574 1513 1633 sumpta.
1563 1565 1853 1636 Cumgcre-

260 1638 377 1703 dis,
436 1634 642 1707 inquit,
690 1638 842 1707 quasi
890 1637 1049 1707 lixisti
1096 1636 1246 1706 palos
1289 1636 1502 1690 tentorii
1529 1644 1584 1691 et
1605 1634 1850 1707 stationis

1958 440 2073 497 rum
2094 425 2501 497 strangulabilis.

2028 493 2261 551 επιεΝῄ
2301 496 2340 563 1,
2371 497 2474 551 674
2501 496 2560 557 Β,
2595 494 2766 550 Etiam
2796 506 2979 549 strena:
3005 493 3293 562 captanda'.

2030 567 2349 623 Srmcruna.
2381 567 2445 632 ll,
2475 568 2580 624 965
2606 568 2678 633 Β,
2707 565 2771 620 Et
2794 567 2900 620 lucc
2930 574 3095 618 autent
3127 564 3364 618 stricmra
3392 572 3541 632 potus

1958 642 2286 712 xeropttagitv
2304 640 2471 712 portio
2493 651 2565 694 est
2581 680 2596 706 ,
2630 639 2736 712 ise.
2764 637 2862 712 hac
2888 637 3053 691 forma
3079 645 3232 706 potus
3260 637 3541 705 perstricta

1960 709 2120 765 etiam
2147 709 2353 764 aridum
2378 710 2628 777 pabulum
2650 709 2996 779 significatur.

2032 781 2349 838 STRINGERE.
2374 779 2416 846 1,
2438 781 2539 836 527
2563 781 2628 846 A,
2652 778 2772 835 Sive
2792 780 2853 834 de
2870 779 2994 833 caelo
3016 778 3236 846 fulmina
3262 778 3539 848 stringens,

1960 851 1996 906 i.
2021 869 2072 907 θ.
2108 853 2358 920 οιίοἱριιε,
2392 852 2633 922 adeoque
2663 852 2893 922 igneum,
2918 850 3074 922 quasi
3104 863 3287 922 ensem
3336 863 3402 922 ex
3444 866 3541 904 nu-

1958 922 2111 978 bibus
2131 965 2146 990 ,
2178 916 2461 994 utvag'ina,
2495 916 2748 978 educeds.
2771 921 2836 986 ll,
2867 921 2965 977 501
2999 917 3078 994 C,
3113 916 3247 994 (line
3283 920 3416 974 enim
3446 937 3538 974 ex-

1955 995 2169 1066 pressit,
2203 990 2340 1066 quod
2375 997 2426 1048 in
2470 998 2643 1066 prima
2673 993 2921 1066 epistola,
2956 990 3198 1058 strinxit,
3232 991 3268 1045 i.
3312 1005 3364 1046 e.
3391 1038 3396 1043 .
3422 1007 3541 1061 per-

1954 1065 2170 1120 strinxit
2189 1065 2318 1132 ,vel
2346 1066 2535 1121 leviter
2560 1065 2834 1119 indicavit.

2024 1136 2354 1203 S'rnoa'cvu,
2396 1145 2567 1191 statua
2618 1137 2669 1191 in
2718 1135 2927 1206 clypeo,
2954 1146 3211 1206 expresso
3262 1146 3384 1189 cum
3427 1134 3545 1189 tho-

1956 1222 2081 1262 race
2108 1210 2274 1263 vultu.
2305 1209 2364 1268 ll.
2400 1207 2532 1263 1011
2570 1209 2634 1261 Α.
3236 1264 3239 1269 ,

2026 1277 2297 1345 STnorna,
2349 1279 2526 1345 dolus,
2570 1279 2825 1344 versutia,
2879 1276 3193 1346 impostura.
3245 1274 3309 1343 Il,
3357 1276 3541 1343 551C,

1960 1349 2162 1418 Quanto
2212 1352 2416 1420 dignius
2462 1351 2731 1403 necessitas
2759 1350 2937 1420 ﬁdem,
2981 1363 3134 1420 quam
3164 1348 3424 1420 strepitant
3450 1350 3545 1401 ad-

1955 1417 2303 1475 ministrasset.
2336 1422 2375 1488 Ι,
2416 1420 2522 1477 660
2549 1422 2609 1484 Β,
2636 1417 3018 1488 ΝεσειιυμΙιίε,
3046 1417 3134 1471 sed
3170 1417 3539 1488 simplicitates.

1956 1492 2019 1560 Il,
2053 1492 2158 1548 698
2189 1493 2255 1556 A,
2287 1491 2425 1547 Nam
2451 1494 2537 1561 qui
2559 1493 2709 1547 talem
2732 1498 3039 1544 commentus
3061 1497 3132 1541 est
3161 1490 3442 1561 stropham.

2025 1564 2425 1620 Srnorutowu.
2454 1565 2518 1631 ll,
2554 1562 2650 1618 101
2690 1563 2751 1629 Β,
2785 1561 2919 1627 Quid
2949 1571 3101 1631 caput
3128 1560 3412 1629 strophiolo
3452 1569 3540 1614 aut

1954 1635 2275 1690 dracontario
2299 1636 2549 1690 damnas?
2578 1633 2935 1690 'l‘ennioribus
2960 1631 3165 1685 scilicet
3189 1631 3404 1686 coronis
3427 1641 3541 1684 ute-

263 1717 393 1790 tum,
428 1722 495 1764 ne
512 1703 869 1790 proferantur
895 1703 1147 1761 ulterius:
1173 1707 1238 1760 ad
1289 1709 1516 1789 fruct-uin
1548 1706 1844 1790 qpmrendi,
1877 1721 1924 1780 Β
1955 1704 2145 1790 bantpr
2182 1707 2407 1777 antiqui,
2453 1704 2736 1790 .str‘ophia'
2775 1703 3142 1790 appellante‘si
3206 1703 3368 1790 andem
3399 1712 3536 1757 stro‘

259 1779 295 1834 i.
325 1796 374 1835 e.
410 1777 572 1848 quem
599 1780 881 1834 rimabaris
903 1793 1171 1847 quzcreus,
1218 1778 1548 1849 pervenisti;
1595 1777 1731 1830 hanc
1754 1778 1849 1831 de-

261 1853 687 1923 terminationem
721 1854 931 1923 fossam,
966 1849 1369 1923 tibiimpcravit
1419 1849 1591 1923 Deus,
1643 1864 1742 1923 nec
1772 1849 1849 1902 ul-

258 1930 336 1976 tra
362 1922 530 1977 debes
558 1920 821 1992 quaerere.
852 1921 958 1992 Est
993 1920 1138 1992 enim
1163 1920 1321 1992 statio
1344 1960 1358 1981 ,
1414 1921 1508 1992 ubi,
1552 1920 1848 1992 consistere

256 1995 432 2049 solent
459 1990 732 2059 mortales,
756 2001 809 2047 et
833 1990 1181 2046 confabulari.
1233 1990 1276 2051 I.
1323 1990 1460 2047 1185
1484 1990 1563 2058 Α,
1589 1990 1652 2047 Si
1694 1993 1845 2045 statio

253 2065 316 2117 de
344 2064 555 2119 militari
585 2065 813 2134 exemplo
837 2078 1020 2117 nomen
1049 2063 1254 2134 accipit.
1296 2061 1358 2127 Il,
1406 2064 1512 2117 752’.
1560 2063 1629 2129 Β,
1677 2063 1843 2134 Statio

252 2151 532 2201 sensuum;
560 2132 810 2206 intelligit
848 2132 1208 2206 prmcnrdia't
1239 2138 1544 2206 πςρικάρδιον
1565 2173 1592 2206 ,7
1621 2133 1838 2203 sangui-

251 2222 371 2261 nem
398 2203 916 2263 eireumcordialem.
952 2203 1016 2265 ll.
1048 2203 1154 2277 925
1181 2204 1241 2277 Β,
1272 2203 1550 2277 Postquam
1576 2205 1628 2258 in
1657 2221 1840 2277 secun-

251 2278 318 2330 da
356 2278 574 2332 statione
599 2278 861 2332 continens
886 2291 988 2330 non
1012 2276 1185 2346 fuisti,
1214 2276 1250 2330 i.
1293 2292 1343 2332 e.
1378 2279 1428 2330 in
1471 2276 1832 2333 matrimonio.

253 2348 314 2418 ll.
346 2350 449 2403 967
496 2349 565 2413 C,
601 2348 729 2416 Qua:
763 2347 889 2418 ipsis
927 2347 1188 2401 elementis
1234 2348 1499 2403 stationem
1547 2348 1833 2417 imperavit.

248 2417 313 2483 ll,
333 2420 438 2476 954
464 2420 528 2485 C,
550 2419 701 2486 Quod
727 2417 969 2487 stationes
1001 2419 1297 2487 plerumque
1323 2420 1376 2472 in
1421 2435 1680 2489 vesperam
1714 2436 1835 2487 pro~

248 2493 512 2546 ducamus.
543 2492 607 2558 ll,
632 2491 703 2546 92
723 2490 790 2555 Λ,
819 2489 942 2543 Jam
966 2490 1210 2562 sta_tioues
1229 2500 1318 2542 aut
1354 2489 1444 2543 alii
1470 2490 1632 2558 magis
1655 2491 1828 2562 faciet,

245 2578 396 2631 quam
424 2563 661 2619 Christo?
680 2562 745 2623 ll,
772 2562 875 2619 966
899 2564 963 2626 A,
988 2559 1160 2632 /Eque
1184 2562 1424 2616 stationes
1449 2559 1723 2617 nosti'as'ut
1746 2564 1831 2616 in-

245 2634 449 2703 dignas,
473 2636 720 2705 quasdam
743 2648 858 2705 vero
880 2643 946 2705 et
982 2634 1039 2687 in
1064 2649 1233 2705 serum
1265 2634 1581 2687 constitutas.
1614 2632 1678 2699 11,
1725 2635 1830 2690 ’755

245 2704 314 2768 Α,
351 2703 493 2771 Quia
515 2716 561 2758 et
610 2703 795 2758 Daniel
824 2704 976 2757 trium
1014 2704 1403 2765 hebdomadam
1432 2706 1650 2759 statione
1696 2709 1831 2760 aruit

244 2777 464 2848 victm],
513 2777 645 2831 1181
695 2775 761 2837 Α.
795 2775 1045 2832 Similiter
1088 2774 1151 2830 de
1195 2779 1470 2832 stationum
1509 2776 1704 2834 diebus.
1751 2779 1831 2848 ll,

244 2845 345 2902 971
373 2848 433 2915 Β,
464 2848 527 2903 Et
555 2848 827 2901 stationum
852 2850 1171 2920 semijejunia
1199 2852 1592 2919 interponentes.

314 2920 546 2977 Surus.
570 2920 633 2978 11.
677 2920 780 2976 581
811 2923 875 2985 Α,
927 2920 1219 2975 Secundum
1257 2920 1487 2975 choicum
1537 2930 1725 2974 statuat
1771 2938 1835 2977 ea:

244 2989 413 3045 Cain:
463 3001 660 3047 statmn
691 2990 925 3062 appellat
945 2992 1308 3047 conditionem
1359 3001 1412 3048 et
1460 2990 1699 3048 habitum
1751 2993 1832 3063 ip.

243 3074 448 3118 saturni.

313 3131 550 3190 STELLA.
579 3135 624 3190 ll
650 3140 676 3197 .'
712 3134 817 3190 977
851 3135 891 3191 A
918 3175 933 3197 ,
972 3133 1033 3189 Et
1056 3135 1218 3190 stellae
1259 3135 1615 3190 auctoritatem
1660 3136 1833 3191 demo-

241 3206 403 3258 ranti's
460 3208 740 3277 suspirant.
797 3206 1016 3263 Stellam
1045 3208 1349 3276 siguilieat,
1400 3222 1559 3276 quam
1617 3206 1833 3263 Plautus

240 3278 612 3349 vesper-ginem,
670 3277 873 3332 Ennius
928 3293 1189 3349 vesperum
1219 3320 1234 3342 ,
1285 3278 1534 3348 Virgilius
1576 3278 1833 3349 hesperon

242 3348 531 3416 appellant.
566 3350 951 3404 Auctoritatem
1004 3363 1131 3404 vero
1172 3352 1509 3418 prmsentiam
1554 3348 1700 3403 dicit.
1739 3349 1834 3405 Et-

244 3421 387 3491 enim
414 3421 661 3491 quamvis
681 3420 931 3483 famelici,
954 3420 1159 3491 nullum
1182 3420 1734 3491 attiirigereiaudebant
1762 3421 1834 3476 ci-

243 3485 366 3562 buzu
394 3485 520 3545 ante
547 3507 786 3562 vesperae
806 3500 1076 3545 exortum.
1108 3490 1172 3552 11,
1198 3490 1304 3545 266
1321 3485 1364 3546 Ἀ
1388 3532 1402 3551 .
1432 3490 1505 3544 De
1532 3491 1656 3558 ipsis
1677 3493 1829 3545 etiam

244 3560 401 3685 stelli’s
432 3563 596 3618 vivere
614 3560 886 3629 Creatoris,
909 3562 1009 3617 i.e.
1034 3563 1309 3617 stellarum
1329 3571 1475 3616 motu
1503 3563 1663 3617 vitam
1681 3578 1831 3617 suam

245 3644 365 3685 Dem
385 3648 497 3685 ere.

244 3644 497 3699 pendere.

314 3705 543 3777 Sreuua
569 3748 583 3771 ,
607 3705 818 3777 generis
854 3704 1043 3761 series.
1075 3704 1138 3771 ll,
1166 3704 1237 3759 1‘2
1257 3704 1331 3770 Β,
1366 3703 1563 3775 Apellis
1599 3714 1833 3761 stemma.

313 3776 1071 3849 Svencsm,gmulieresqua:
1100 3792 1266 3833 cunas
1313 3786 1540 3848 purgant
1583 3788 1674 3832 aut
1720 3792 1836 3832 mo-

243 3852 374 3911 tam,
408 3847 474 3912 ll,
506 3849 608 3902 551
639 3847 695 3902 Β.
971 3847 984 3849 ’
1196 3872 1201 3879 ε
1315 3847 1323 3848 ί
1743 3854 1749 3865 '

273 3987 285 3998 .
314 3919 540 3975 Sricua.
574 3920 638 3998 ll,
666 3919 771 3998 905
797 3921 860 3985 Β,
894 3921 992 3998 Aut
1021 3923 1274 3998 stigmata
1285 3920 1579 3998 Britonum,
1617 3919 1734 3998 i._e.
1750 3934 1837 3998 _va-

243 3991 349 4063 rias
374 3999 431 4044 et
465 3993 821 4048 versicolores
871 3991 1137 4063 picturas,
1187 3991 1381 4061 quibus
1431 3991 1669 4063 Britanni
1716 3994 1832 4047 sive

244 4059 493 4116 Britones
519 4076 715 4134 corpus
734 4059 895 4134 suum
924 4072 978 4116 et
1013 4073 1172 4130 caput
1203 4059 1372 4134 ipsum
1403 4075 1504 4134 per
1535 4060 1660 4116 illud
1690 4072 1828 4119 tem-

241 4143 341 4200 pus
367 4133 667 4188 variabant.
704 4132 824 4187 Vid.
856 4134 1143 4188 Herodiau.
1172 4135 1262 4187 lib.
1302 4132 1384 4187 Ill.

313 4200 701 4274 Satureiano».
745 4203 909 4266 [1,21
943 4205 1008 4266 Β,
1045 4203 1165 4259 Nisi
1192 4204 1506 4257 stillicidium
1532 4204 1596 4257 de
1639 4204 1827 4274 situla,

242 4286 303 4325 ex
326 4273 417 4327 Es.
443 4275 557 4341 XL,
584 4276 681 4337 15;
703 4277 740 4328 i.
771 4291 822 4329 e.
868 4276 968 4332 nisi
999 4276 1202 4345 pauculi
1236 4276 1405 4329 vocati
1432 4275 1501 4331 de
1527 4276 1681 4331 turba
1731 4273 1829 4331 nae

243 4346 445 4399 tionum
476 4349 559 4402 vel
583 4348 817 4411 gentium
848 4347 1242 4401 innumerabili.

311 4416 540 4472 S'rvws.
572 4418 646 4484 ll,
680 4417 819 4473 1055
860 4422 926 4483 A,
962 4417 1111 4473 Ultra
1147 4417 1311 4489 stylus
1340 4417 1639 4481 non'solet,
1694 4418 1731 4472 i.
1774 4432 1826 4473 e.

243 4485 375 4561 ultra
408 4489 603 4561 Ninum
631 4492 698 4543 ab
724 4489 958 4561 Assyriis
983 4489 1123 4559 apud
1141 4485 1248 4561 vos
1276 4489 1446 4561 styl‘us
1464 4489 1697 4561 extendi
1726 4503 1831 4544 non

243 4559 399 4611 Solet.
426 4559 491 4628 ll,
516 4560 586 4614 5:).
609 4564 671 4625 Α,
701 4557 909 4615 Adulter
936 4557 1116 4632 stylus.
1141 4560 1206 4632 ll,
1239 4559 1342 4616 198
1364 4557 1430 4625 Λ,
1458 4558 1544 4614 Bis
1568 4560 1831 4629 falsarios,

242 4638 288 4679 et
313 4636 538 4702 cauterio
560 4642 605 4685 ct
629 4635 778 4702 stylo.
813 4632 876 4697 ll,
906 4631 1009 4687 519
1041 4635 1106 4696 Α,
1135 4631 1299 4687 Nemo
1324 4640 1431 4684 tam
1458 4632 1647 4685 otiosus
1674 4634 1836 4702 fertur

235 4700 395 4769 style.
430 4702 493 4765 ll,
522 4704 625 4757 798
654 4700 730 4770 Β,
762 4703 922 4757 "abet
947 4716 992 4758 et
1021 4705 1114 4759 iste
1139 4722 1172 4759 a
1200 4704 1344 4758 nobis
1375 4700 1727 4773 plenissimum
1771 4702 1837 4757 de

243 4772 381 4847 onmi
405 4784 539 4828 statu
570 4775 754 4830 anima:
776 4776 984 4847 stylum.
1062 4832 1063 4835 η

316 4844 690 4917 Suessanum,
720 4843 1042 4917 stipendium
1082 4845 1262 4902 facere
1292 4861 1386 4902 seu
1434 4845 1694 4916 recipere.
1750 4843 1830 4912 11,

245 4914 351 4989 558
383 4915 450 4981 Λ,
483 4917 588 4972 618
636 4918 704 4983 Β,
733 4914 928 4972 Dehine
959 4919 1141 4984 pannis
1163 4918 1349 4973 armati
1372 4927 1419 4972 et
1445 4914 1623 4989 butyro
1643 4919 1834 4989 stipen-

243 4987 391 5060 diali.
419 4990 488 5042 de
507 4991 738 5060 pumicis
763 4989 1070 5060 infantibus.
1533 4987 1546 4989 ’
1656 5025 1660 5029 -

316 5058 571 5131 Sjrtrau'c.
607 5059 684 5125 ll,
714 5058 822 5115 906
852 5059 914 5125 Β,
942 5060 1182 5114 Calceum
1209 5061 1421 5131 stipant,
1446 5060 1831 5131 multiformem,

247 5142 314 5202 ne
345 5128 547 5202 follicet
585 5133 828 5185 calceus.
856 5132 930 5185 Ne
958 5147 1086 5186 vero
1118 5128 1399 5198 folliearet,
1420 5134 1463 5186 si
1493 5128 1706 5202 quando
1734 5145 1831 5199 pe-

246 5200 371 5251 dum
405 5201 624 5255 modulo
657 5202 895 5257 laxiores
922 5213 1136 5267 essent,
1184 5202 1427 5257 solebant
1454 5200 1575 5257 eum
1605 5202 1689 5257 vel
1717 5212 1831 5256 tor-

247 5273 562 5335 tuento,vel
603 5272 790 5341 quavis
837 5273 938 5326 alia
986 5289 1046 5326 re
1090 5273 1279 5326 idonea
1319 5272 1536 5340 stipare.
1582 5272 1830 5328 Caleeum

248 5344 628 5414 multiformem
670 5343 948 5414 distinguit
990 5343 1059 5414 ab
1098 5343 1358 5414 uniformi
1388 5350 1449 5414 ct
1469 5344 1684 5414 _plauo,
1724 5356 1832 5410 quo

248 5411 603 5469 mudc~ti0rcs
656 5411 889 5470 fmmiuie
940 5413 1244 5468 utebantur.
1304 5411 1422 5465 V'id.
1467 5412 1713 5468 Balduiu.
1778 5414 1841 5467 de

247 5480 429 5553 Calceo
446 5524 461 5548 ,
509 5500 629 5553 rap.
665 5487 753 5539 19.

318 5552 659 5611 STOIIACIIUS.
695 5556 759 5622 ll,
803 5556 967 5617 50A,
1006 5554 1071 5610 Ut
1122 5565 1209 5609 aut
1254 5555 1502 5607 stomachi
1548 5556 1659 5623 quis
1707 5555 1841 5613 ineat

246 5625 585 5689 eversionem,
612 5639 701 5680 aut
746 5628 931 5682 cerebri
967 5643 985 5680 :
1016 5626 1140 5681 cod.
1186 5640 1345 5680 sensu
1373 5624 1508 5678 dixit
1552 5626 1643 5679 lib.
1676 5626 1837 5679 lado.

252 5692 502 5767 Marcion.
535 5711 653 5767 cap.
691 5697 751 5752 11
781 5716 794 5750 ι
821 5697 1041 5751 Necesse
1066 5706 1137 5753 est
1163 5696 1324 5749 onmis
1354 5694 1628 5767 demutatio
1648 5698 1844 5749 murus

250 5779 308 5818 ea:
336 5764 684 5841 innovatione,
716 5769 1055 5825 diversitatem
1091 5770 1224 5823 ineat
1261 5781 1374 5821 cum
1405 5766 1484 5822 his
1519 5782 1730 5839 quorum
1761 5769 1838 5838 fit.

1857 4462 1911 4522 D

1955 1777 2157 1847 pliiola,
2188 1787 2243 1831 ut
2271 1772 2493 1848 eipouit
2522 1772 2659 1832 Plin.
2691 1774 2755 1831 ll.
2787 1772 2855 1829 N.
2896 1774 2988 1831 lib.
3022 1772 3165 1839 XXI,
3193 1787 3298 1844 'cap
3336 1774 3411 1837 2..

2024 1850 2356 1905 Sraornws.
2392 1849 2524 1903 Vide
2561 1862 2885 1904 scnoeuws.
3016 1868 3021 1873 ί

2021 1918 2292 1977 δτιιυετε.
2322 1920 2363 1987 1,
2416 1920 2550 1975 159.9
2580 1919 2639 1985 Β,
2672 1920 2926 1974 Structias
2956 1916 3258 1986 prodeundi,
3305 1917 3341 1971 i.
3374 1932 3424 1972 c.
3449 1920 3531 1971 in-

1947 1992 2224 2059 structius,
2262 1994 2464 2061 majore
2513 1994 2984 2061 instrumentorum
3033 1999 3086 2042 et
3119 1989 3299 2042 mundi
3352 1987 3538 2061 mulie-

1948 2061 2059 2117 bris
2083 2063 2442 2118 accuratioue.
2478 2064 2546 2128 ll,
2576 2060 2683 2115 922
2707 2061 2773 2127 A,
2810 2060 3021 2114 Plenius
3059 2069 3209 2129 atque
3233 2060 3497 2113 structius.

2015 2132 2305 2199 Sraucrlo,
2331 2135 2630 2189 instructio.
2664 2132 2704 2200 l,
2736 2132 2871 2187 1251
2896 2134 2962 2198 A,
2989 2129 3152 2185 Penes
3180 2147 3272 2185 nos
3296 2147 3411 2185 vero
3441 2149 3533 2185 ra-

1942 2204 2011 2258 tio
2042 2217 2112 2258 est
2135 2207 2361 2259 structio.

2013 2274 2282 2344 Srnuene,
2309 2277 2590 2340 instruere,
2617 2290 2828 2330 ornare.
2856 2273 2922 2341 Il,
2951 2273 3053 2329 165
3075 2273 3139 2341 Β,
3168 2273 3348 2329 Sermo
3368 2285 3537 2328 autem

1938 2348 2123 2415 spiritu
2175 2359 2393 2403 structus
2433 2348 2613 2411 est.|l,
2667 2347 2774 2403 90?.
2808 2347 2864 2411 Β,
2917 2346 3105 2409 905A,
3162 2345 3531 2413 ltfxperimentis

1938 2420 2165 2473 amnium
2190 2420 2466 2486 affectuum
2490 2428 2709 2473 structa'.
2736 2418 2777 2483 Ι,
2806 2418 2943 2474 1257
2964 2418 3030 2484 Α,
3063 2417 3198 2482 Quid
3222 2417 3291 2470 ad
3316 2433 3534 2488 peccan-

1940 2489 2063 2542 dum
2090 2491 2353 2558 adjuvnret
2379 2500 2619 2543 structus.

2007 2560 2235 2619 Srnurzs.
2260 2562 2324 2629 ll,
2358 2562 2459 2616 567
2501 2562 2567 2628 Α,
2598 2558 2666 2615 In
2712 2577 2908 2616 onmem
2935 2563 3065 2616 hanc
3109 2570 3296 2616 struem
3334 2559 3540 2626 mundi,

1930 2630 1968 2685 i.
1997 2647 2048 2685 e.
2078 2642 2418 2689 structuram.

2003 2703 2288 2765 Srurmus.
2323 2709 2385 2777 ll,
2413 2709 2520 2765 69l
2552 2705 2611 2772 Β,
2672 2704 2742 2762 Ut
2794 2708 2956 2761 altera
2990 2706 3170 2761 semini
3190 2704 3416 2775 stupida,
3451 2705 3531 2759 al-

1936 2782 2044 2827 tera
2073 2778 2288 2834 intacta.

2008 2845 2376 2909 S't‘uronuus.
2405 2853 2446 2919 1,
2487 2851 2627 2909 1520
2658 2852 2721 2918 Δ,
2754 2851 2933 2906 Omnis
2952 2851 3121 2922 gloria
3134 2863 3268 2922 vana
3289 2859 3334 2922 et
3359 2858 3536 2922 stupo-

1936 2926 2068 2991 tltla.
2105 2924 2140 2976 i.
2174 2940 2224 2977 c.
2258 2917 2452 2985 hebes,
2481 2924 2690 2978 stolida.
2724 2924 2840 2991 Quo
2880 2917 3040 2977 sensu
3094 2920 3230 2974 dixit
3277 2917 3493 2975 Catulus
3522 2939 3535 2976 :

1936 2985 2080 3063 Talis
2101 2995 2195 3051 istc
2216 3011 2355 3048 meus
2377 3005 2570 3063 stupor,
2596 2995 2668 3049 nil
2695 2985 2844 3057 videt,
2880 2994 3008 3047 nihil
3029 2991 3193 3063 audit.

1861 3063 1907 3126 C
1942 3134 1969 3137 _
2012 3060 2290 3137 S'ruruuu,
2325 3068 2419 3137 pro
2444 3060 2726 3121 adulterio.
2782 3064 2844 3132 ll,
2892 3066 2957 3120 11
3002 3064 3064 3130 Β,
3096 3062 3280 3133 Stupri
3324 3078 3437 3118 reus
3467 3062 3536 3118 de

1941 3134 2161 3191 Davitle.

2011 3208 2282 3265 SUADERE.
2314 3208 2379 3274 ll,
2406 3209 2508 3264 517
2540 3210 2604 3278 Λ,
2633 3207 2871 3275 Alioquin
2897 3216 3091 3262 tantum
3123 3223 3175 3262 se
3214 3206 3329 3261 huic
3347 3204 3537 3278 ΔΙιίιμήιγιρὲ

1936 3283 2153 3351 suadere
2178 3282 2479 3351 permissum
2506 3275 2598 3334 est.
2627 3279 2898 3335 Suadeudi
2944 3279 3167 3351 verbum
3206 3278 3272 3332 ab
3302 3275 3533 3351 ofﬁcinis

1937 3348 2187 3416 bapliicis'
2229 3351 2542 3406 infectorqu
2573 3351 2884 3406 translatum
2916 3359 3017 3404 est.
3045 3349 3269 3405 Festus:
3302 3348 3527 3404 Snasmn

1935 3422 2074 3475 colos
2113 3422 2422 3494 appellatur,
2450 3425 2535 3491 qui
2573 3424 2630 3491 ﬁt
2673 3438 2735 3476 ea:
2763 3421 3021 3494 stillicidia
3047 3426 3243 3494 famoso
3281 3420 3335 3494 in
3383 3418 3534 3471 vesti-

1934 3503 2101 3546 mento
2140 3493 2275 3562 albo.
2307 3493 2543 3557 Plautus,
2585 3494 2707 3560 quia
2754 3493 2844 3546 tibi
2870 3508 3021 3546 suaso
3047 3491 3291 3562 'infecisti
3342 3505 3535 3562 propu-

1940 3564 2086 3617 diosa
2133 3561 2403 3632 pallulam.
2437 3564 2546 3619 Nec
2575 3565 2754 3619 desunt
2799 3564 2887 3634 qui
2931 3563 3101 3616 dicant
3130 3560 3347 3634 onmem
3379 3560 3532 3634 _colo~

1939 3651 2045 3688 rem
2073 3637 2155 3702 qui
2186 3638 2277 3704 ﬁat
2297 3637 2587 3703 inﬁciendo,
2619 3632 2823 3688 suasum
2867 3635 3056 3696 vocari,
3082 3633 3217 3700 quod
3246 3632 3389 3704 quasi
3418 3647 3535 3704 per-

1940 3702 2260 3761 suadeturin
2289 3709 2448 3762 aliam
2485 3724 2550 3762 ea:
2577 3707 2691 3761 albo
2714 3707 2949 3760 transire.
2974 3704 3108 3759 Hinc
3138 3702 3384 3767 suadere,
3414 3702 3530 3756 sine

1941 3792 2066 3833 vase
2103 3779 2376 3834 cortiuavc
2401 3780 2635 3834 colorem
2662 3778 2893 3846 aliquem
2937 3778 3205 3831 inducere.
3236 3775 3368 3829 lluie
3416 3773 3529 3828 lur—

1939 3850 2067 3920 resi,
2121 3849 2289 3920 inquit
2336 3861 2542 3915 auctor,
2597 3850 2914 3920 permissum
2955 3857 3035 3920 est
3064 3857 3265 3920 tantum
3295 3860 3354 3900 se
3399 3859 3528 3920 sua-

1928 3918 2089 3985 dere,
2129 3922 2163 3974 i.
2192 3917 2241 3974 ὲ.
2280 3928 2480 3974 tantum
2531 3920 2628 3974 sibi
2676 3918 2870 3973 coloris
2891 3928 2974 3970 -et
3012 3917 3114 3971 fuci
3159 3917 3524 3987 pigmentiquc

1941 3988 2145 4045 fallacis
2174 3990 2392 4058 addere,
2443 4001 2699 4060 quantum
2734 3990 2938 4060 pub'ica
2979 3986 3171 4060 scorta
3194 3986 3529 4060 prostibulum:-

1935 4075 2037 4131 que
2068 4061 2379 4117 meretrices
2408 4058 2599 4117 solent.
2636 4059 2703 4127 11,
2736 4058 2875 4116 1005
2901 4060 2963 4129 C,
3003 4058 3246 4114 Omnium
3278 4058 3531 4129 lacrymas

1933 4132 2247 4186 suadentem.
2824 4156 2836 4163 ·

2007 4202 2290 4260 SUASORIA.
2319 4203 2383 4268 ll,
2412 4204 2515 4260 957
2547 4203 2609 4270 Β,
2653 4203 2716 4259 Et
2755 4204 2939 4258 scinms
2986 4202 3163 4275 quales
3198 4201 3529 4275 sintAcarna-

1935 4274 2061 4329 liunt
2087 4276 2466 4331 connnodorum
2496 4276 2761 4338 suasoriaz,
2797 4277 2832 4329 i.
2873 4291 2923 4331 e.
2975 4272 3171 4331 scimus
3208 4272 3394 4345 quales
3431 4286 3521 4345 so-

1934 4345 2442 4419 leantaPsychicis
2493 4348 2915 4402 declamationes
2960 4345 3174 4419 tractari
3228 4343 3529 4398 commodis

1934 4418 2573 4475 earualibus’suadendis.
2592 4419 2748 4489 Apud
2786 4419 3029 4472 rhetores
3055 4418 3161 4469 duo
3186 4429 3381 4484 genera
3412 4429 3526 4489 ma-

1943 4490 2196 4543 teriarum
2267 4485 2655 4554 traCIabantur,
2696 4490 2952 4542 suaserim
3014 4494 3068 4542 et
3122 4485 3521 4539 Controversiae.

1937 4557 2205 4614 Suasorizc
2246 4570 2493 4631 tanquam
2529 4561 2776 4625 leviores,
2806 4567 2860 4611 et
2890 4559 3064 4631 minus
3091 4555 3383 4631 prudenti-.u
3410 4554 3526 4631 esi-

1939 4641 2146 4701 gemes,
2179 4624 2369 4700 pueris
2403 4631 2716 4700 delegantur
2750 4624 2901 4701 quasi
2944 4624 3243 4701 rudimenta
3271 4624 3522 4701 dicendi;

1938 4697 2354 4769 controversia},
2422 4697 2858 4773 seufjudieia‘les
2925 4698 3312 4753 robustioribus
3392 4697 3530 4749 assi-

1975 4784 2186 4828 nantur.

2009 4788 2037 4826 a
2084 4787 2094 4825 l
2171 4812 2186 4826 .

1935 4787 2385 4908 gnsggitcotus,
2416 4844 2462 4897 is
2510 4844 2599 4914 qui
2630 4859 2696 4898 ex
2733 4840 3054 4914 Christianis
3089 4837 3526 4914 spectaculorum

1937 4917 2113 4971 adhuc
2139 4909 2542 4970 oblectamentis
2573 4930 2666 4969 seu
2697 4914 2964 4968 suavitate
3015 4909 3259 4965 ludorum
3296 4909 3530 4962 delecta-

1936 4987 2115 5042 batur.
2147 4988 2213 5053 ΙΙ,
2252 4987 2358 5041 6‘52
2394 4985 2460 5047 A.
2496 4985 2691 5038 Novam
2721 4988 2948 5052 proxime
2984 4984 3325 5052 defensionem
3352 4979 3523 5053 suari-

1935 5058 2066 5113 ludii
2094 5051 2362 5130 cujusdam
2389 5056 2579 5130 audivi.
2615 5054 2680 5119 ll,
2707 5051 2774 5110 81
2804 5056 2866 5117 Α,
2902 5054 3009 5108 Sed
3051 5051 3101 5106 et
3132 5053 3252 5106 huic
3302 5051 3527 5130 materia:

1936 5120 2168 5199 propter'
2188 5127 2500 5182 suaviludios
2542 5138 2740 5181 nostros
2782 5141 2947 5197 grch
2976 5140 3173 5194 quoque
3212 5123 3344 5194 ston
3370 5120 3522 5176 satis-

1959 5201 2162 5253 ecimus.
2833 5207 2853 5226 ⁸
3378 5234 3383 5240 .

1933 5201 2253 5326 {ecgggsdivo
2284 5269 2348 5334 ll,
2382 5268 2521 5325 1055
2550 5254 2637 5325 Δὶ
2669 5266 2952 5338 legendum
3000 5281 3102 5323 una
3135 5280 3267 5320 voce
3298 5234 3524 5319 subdiro.

1942 5341 2259 5405 Sululivum,
2293 5346 2553 5412 ὑπαίθριον,
2587 5353 2860 5412 serenum.

2017 5413 2247 5477 Sanane,
2307 5406 2679 5465 vehementius
2732 5418 2984 5479 appetere
3036 5406 3265 5479 Veneris
3314 5420 3522 5460 caussa.

1944 5484 1987 5547 1,
2019 5484 2125 5538 552
2149 5487 2215 5546 A,
2248 5480 2403 5534 Nunc
2428 5481 2559 5552 fasde
2581 5478 2841 5533 subantem
2866 5482 2919 5533 in
2940 5496 3162 5533 sororem
3188 5478 3280 5531 sub
3301 5492 3527 5552 rorante-

1944 5556 2224 5609 moratione
2270 5568 2371 5605 non
2412 5549 2484 5605 ita
2511 5551 2807 5603 delictorum
2826 5552 2941 5621 jam
2969 5552 3163 5614 pridem
3208 5549 3530 5621 amicarum,

1947 5627 2229 5696 legendum
2250 5640 2274 5696 _:
2310 5624 2505 5696 nauita
2530 5614 2860 5696 dilectarum.
2892 5621 3045 5675 Conf.
3079 5621 3236 5696 llum.
3280 5618 3362 5696 11,.
3389 5614 3529 5696 XIV,

1947 5687 2072 5752 511.
2101 5697 2138 5760 1⁹
2170 5694 2275 5749 510
2310 5696 2372 5757 Λ,
2408 5692 2540 5746 Novi
2566 5701 2621 5764 et
2653 5691 2897 5764 Phrynen
2943 5692 3246 5764 vireretricei_it
3292 5687 3537 5764 Abiogeuis

1946 5785 2102 5840 supra
2130 5759 2433 5825 recubantis
2479 5763 2652 5818 ardori
2698 5759 2978 5821 subantem.
3012 5761 3074 5829 Il,
3126 5760 3225 5817 951
3277 5759 3341 5827 Α,
3369 5760 3536 5824 Quam
